Poker Hand #TM5627969263: Tournament #265679681, Bounty Hunters Special $10.80 [6-Max] Hold'em No Limit - Level3(75/150(20)) - 2026/02/24 13:12:22
Table '15' 6-max Seat #6 is the button
Seat 1: 736fad55 (2,420 in chips)
Seat 2: c8066b61 (14,128 in chips)
Seat 3: 865e67b2 (13,466 in chips)
Seat 4: d191180 (19,674 in chips)
Seat 5: Hero (5,151 in chips)
Seat 6: 4969fd4b (17,106 in chips)
d191180: posts the ante 20
Hero: posts the ante 20
4969fd4b: posts the ante 20
865e67b2: posts the ante 20
c8066b61: posts the ante 20
736fad55: posts the ante 20
736fad55: posts small blind 75
c8066b61: posts big blind 150
*** HOLE CARDS ***
Dealt to 736fad55 
Dealt to c8066b61 
Dealt to 865e67b2 
Dealt to d191180 
Dealt to Hero [Ah 9h]
Dealt to 4969fd4b 
865e67b2: folds
d191180: folds
Hero: raises 150 to 300
4969fd4b: calls 300
736fad55: folds
c8066b61: folds
*** FLOP *** [Jc 9s 3s]
Hero: checks
4969fd4b: checks
*** TURN *** [Jc 9s 3s] [6s]
Hero: checks
4969fd4b: bets 312
Hero: calls 312
*** RIVER *** [Jc 9s 3s 6s] [9c]
Hero: checks
4969fd4b: bets 16,474 and is all-in
Hero: calls 4,519 and is all-in
Uncalled bet (11,955) returned to 4969fd4b
4969fd4b: shows [5s Ks] (a flush King high)
Hero: shows [Ah 9h] (three of a kind, Nines)
*** SHOWDOWN ***
4969fd4b collected 10,607 from pot
*** SUMMARY ***
Total pot 10,607 | Rake 0 | Jackpot 0 | Bingo 0 | Fortune 0 | Tax 0
Board [Jc 9s 3s 6s 9c]
Seat 1: 736fad55 (small blind) folded before Flop
Seat 2: c8066b61 (big blind) folded before Flop
Seat 3: 865e67b2 folded before Flop
Seat 4: d191180 folded before Flop
Seat 5: Hero showed [Ah 9h] and lost with three of a kind, Nines
Seat 6: 4969fd4b (button) showed [5s Ks] and won (10,607) with a flush King high


Poker Hand #TM5627969250: Tournament #265679681, Bounty Hunters Special $10.80 [6-Max] Hold'em No Limit - Level3(75/150(20)) - 2026/02/24 13:10:45
Table '15' 6-max Seat #5 is the button
Seat 1: 736fad55 (2,590 in chips)
Seat 2: c8066b61 (14,148 in chips)
Seat 3: 865e67b2 (13,486 in chips)
Seat 4: d191180 (21,927 in chips)
Seat 5: Hero (5,171 in chips)
Seat 6: 4969fd4b (14,623 in chips)
d191180: posts the ante 20
Hero: posts the ante 20
865e67b2: posts the ante 20
4969fd4b: posts the ante 20
c8066b61: posts the ante 20
736fad55: posts the ante 20
4969fd4b: posts small blind 75
736fad55: posts big blind 150
*** HOLE CARDS ***
Dealt to 736fad55 
Dealt to c8066b61 
Dealt to 865e67b2 
Dealt to d191180 
Dealt to Hero [As 8h]
Dealt to 4969fd4b 
c8066b61: folds
865e67b2: folds
d191180: raises 225 to 375
Hero: folds
4969fd4b: raises 510 to 885
736fad55: folds
d191180: calls 510
*** FLOP *** [6h 9c Qd]
4969fd4b: bets 674
d191180: raises 674 to 1,348
4969fd4b: calls 674
*** TURN *** [6h 9c Qd] [Jc]
4969fd4b: checks
d191180: checks
*** RIVER *** [6h 9c Qd Jc] [3c]
4969fd4b: checks
d191180: checks
4969fd4b: shows [Th Tc] (a pair of Tens)
d191180: shows [4d 6d] (a pair of Sixes)
*** SHOWDOWN ***
4969fd4b collected 4,736 from pot
*** SUMMARY ***
Total pot 4,736 | Rake 0 | Jackpot 0 | Bingo 0 | Fortune 0 | Tax 0
Board [6h 9c Qd Jc 3c]
Seat 1: 736fad55 (big blind) folded before Flop
Seat 2: c8066b61 folded before Flop
Seat 3: 865e67b2 folded before Flop
Seat 4: d191180 showed [4d 6d] and lost with a pair of Sixes
Seat 5: Hero (button) folded before Flop
Seat 6: 4969fd4b (small blind) showed [Th Tc] and won (4,736) with a pair of Tens


Poker Hand #TM5627969246: Tournament #265679681, Bounty Hunters Special $10.80 [6-Max] Hold'em No Limit - Level3(75/150(20)) - 2026/02/24 13:10:10
Table '15' 6-max Seat #4 is the button
Seat 1: 736fad55 (2,610 in chips)
Seat 2: c8066b61 (14,168 in chips)
Seat 3: 865e67b2 (13,506 in chips)
Seat 4: d191180 (21,947 in chips)
Seat 5: Hero (5,341 in chips)
Seat 6: 4969fd4b (14,373 in chips)
d191180: posts the ante 20
Hero: posts the ante 20
865e67b2: posts the ante 20
4969fd4b: posts the ante 20
c8066b61: posts the ante 20
736fad55: posts the ante 20
Hero: posts small blind 75
4969fd4b: posts big blind 150
*** HOLE CARDS ***
Dealt to 736fad55 
Dealt to c8066b61 
Dealt to 865e67b2 
Dealt to d191180 
Dealt to Hero [Td 6d]
Dealt to 4969fd4b 
736fad55: folds
c8066b61: folds
865e67b2: folds
d191180: folds
Hero: calls 75
4969fd4b: checks
*** FLOP *** [9c 5h 4s]
Hero: checks
4969fd4b: checks
*** TURN *** [9c 5h 4s] [7c]
Hero: checks
4969fd4b: checks
*** RIVER *** [9c 5h 4s 7c] [7d]
Hero: checks
4969fd4b: checks
Hero: shows [Td 6d] (a pair of Sevens)
4969fd4b: shows [Jd 3d] (a pair of Sevens)
*** SHOWDOWN ***
4969fd4b collected 420 from pot
*** SUMMARY ***
Total pot 420 | Rake 0 | Jackpot 0 | Bingo 0 | Fortune 0 | Tax 0
Board [9c 5h 4s 7c 7d]
Seat 1: 736fad55 folded before Flop
Seat 2: c8066b61 folded before Flop
Seat 3: 865e67b2 folded before Flop
Seat 4: d191180 (button) folded before Flop
Seat 5: Hero (small blind) showed [Td 6d] and lost with a pair of Sevens
Seat 6: 4969fd4b (big blind) showed [Jd 3d] and won (420) with a pair of Sevens


Poker Hand #TM5627969241: Tournament #265679681, Bounty Hunters Special $10.80 [6-Max] Hold'em No Limit - Level3(75/150(20)) - 2026/02/24 13:09:32
Table '15' 6-max Seat #3 is the button
Seat 1: 736fad55 (2,630 in chips)
Seat 2: c8066b61 (14,188 in chips)
Seat 3: 865e67b2 (13,526 in chips)
Seat 4: d191180 (22,342 in chips)
Seat 5: Hero (5,736 in chips)
Seat 6: 4969fd4b (13,523 in chips)
d191180: posts the ante 20
Hero: posts the ante 20
865e67b2: posts the ante 20
4969fd4b: posts the ante 20
c8066b61: posts the ante 20
736fad55: posts the ante 20
d191180: posts small blind 75
Hero: posts big blind 150
*** HOLE CARDS ***
Dealt to 736fad55 
Dealt to c8066b61 
Dealt to 865e67b2 
Dealt to d191180 
Dealt to Hero [Ts Jc]
Dealt to 4969fd4b 
4969fd4b: raises 225 to 375
736fad55: folds
c8066b61: folds
865e67b2: folds
d191180: calls 300
Hero: calls 225
*** FLOP *** [4c 8d 5s]
d191180: checks
Hero: checks
4969fd4b: bets 1,245
d191180: folds
Hero: folds
Uncalled bet (1,245) returned to 4969fd4b
*** SHOWDOWN ***
4969fd4b collected 1,245 from pot
*** SUMMARY ***
Total pot 1,245 | Rake 0 | Jackpot 0 | Bingo 0 | Fortune 0 | Tax 0
Board [4c 8d 5s]
Seat 1: 736fad55 folded before Flop
Seat 2: c8066b61 folded before Flop
Seat 3: 865e67b2 (button) folded before Flop
Seat 4: d191180 (small blind) folded on the Flop
Seat 5: Hero (big blind) folded on the Flop
Seat 6: 4969fd4b won (1,245)


Poker Hand #TM5627969235: Tournament #265679681, Bounty Hunters Special $10.80 [6-Max] Hold'em No Limit - Level3(75/150(20)) - 2026/02/24 13:09:12
Table '15' 6-max Seat #2 is the button
Seat 1: 736fad55 (2,650 in chips)
Seat 2: c8066b61 (14,208 in chips)
Seat 3: 865e67b2 (13,621 in chips)
Seat 4: d191180 (22,167 in chips)
Seat 5: Hero (5,756 in chips)
Seat 6: 4969fd4b (13,543 in chips)
d191180: posts the ante 20
Hero: posts the ante 20
4969fd4b: posts the ante 20
865e67b2: posts the ante 20
c8066b61: posts the ante 20
736fad55: posts the ante 20
865e67b2: posts small blind 75
d191180: posts big blind 150
*** HOLE CARDS ***
Dealt to 736fad55 
Dealt to c8066b61 
Dealt to 865e67b2 
Dealt to d191180 
Dealt to Hero [Kc 9d]
Dealt to 4969fd4b 
Hero: folds
4969fd4b: folds
736fad55: folds
c8066b61: folds
865e67b2: folds
Uncalled bet (75) returned to d191180
*** SHOWDOWN ***
d191180 collected 270 from pot
*** SUMMARY ***
Total pot 270 | Rake 0 | Jackpot 0 | Bingo 0 | Fortune 0 | Tax 0
Seat 1: 736fad55 folded before Flop
Seat 2: c8066b61 (button) folded before Flop
Seat 3: 865e67b2 (small blind) folded before Flop
Seat 4: d191180 (big blind) collected (270)
Seat 5: Hero folded before Flop
Seat 6: 4969fd4b folded before Flop


Poker Hand #TM5627969228: Tournament #265679681, Bounty Hunters Special $10.80 [6-Max] Hold'em No Limit - Level3(75/150(20)) - 2026/02/24 13:08:19
Table '15' 6-max Seat #1 is the button
Seat 1: 736fad55 (2,670 in chips)
Seat 2: c8066b61 (12,536 in chips)
Seat 3: 865e67b2 (14,427 in chips)
Seat 4: d191180 (22,187 in chips)
Seat 5: Hero (5,776 in chips)
Seat 6: 4969fd4b (14,349 in chips)
d191180: posts the ante 20
Hero: posts the ante 20
4969fd4b: posts the ante 20
865e67b2: posts the ante 20
736fad55: posts the ante 20
c8066b61: posts the ante 20
c8066b61: posts small blind 75
865e67b2: posts big blind 150
*** HOLE CARDS ***
Dealt to 736fad55 
Dealt to c8066b61 
Dealt to 865e67b2 
Dealt to d191180 
Dealt to Hero [4c Ks]
Dealt to 4969fd4b 
d191180: folds
Hero: folds
4969fd4b: raises 225 to 375
736fad55: folds
c8066b61: calls 300
865e67b2: calls 225
*** FLOP *** [Kh 8d As]
c8066b61: checks
865e67b2: checks
4969fd4b: bets 411
c8066b61: calls 411
865e67b2: calls 411
*** TURN *** [Kh 8d As] [Jh]
c8066b61: checks
865e67b2: checks
4969fd4b: checks
*** RIVER *** [Kh 8d As Jh] [6h]
c8066b61: bets 1,005
865e67b2: folds
4969fd4b: folds
Uncalled bet (1,005) returned to c8066b61
*** SHOWDOWN ***
c8066b61 collected 2,478 from pot
*** SUMMARY ***
Total pot 2,478 | Rake 0 | Jackpot 0 | Bingo 0 | Fortune 0 | Tax 0
Board [Kh 8d As Jh 6h]
Seat 1: 736fad55 (button) folded before Flop
Seat 2: c8066b61 (small blind) won (2,478)
Seat 3: 865e67b2 (big blind) folded on the River
Seat 4: d191180 folded before Flop
Seat 5: Hero folded before Flop
Seat 6: 4969fd4b folded on the River


Poker Hand #TM5627969223: Tournament #265679681, Bounty Hunters Special $10.80 [6-Max] Hold'em No Limit - Level3(75/150(20)) - 2026/02/24 13:07:55
Table '15' 6-max Seat #6 is the button
Seat 1: 736fad55 (2,765 in chips)
Seat 2: c8066b61 (12,706 in chips)
Seat 3: 865e67b2 (14,447 in chips)
Seat 4: d191180 (22,207 in chips)
Seat 5: Hero (5,796 in chips)
Seat 6: 4969fd4b (14,024 in chips)
d191180: posts the ante 20
Hero: posts the ante 20
4969fd4b: posts the ante 20
865e67b2: posts the ante 20
c8066b61: posts the ante 20
736fad55: posts the ante 20
736fad55: posts small blind 75
c8066b61: posts big blind 150
*** HOLE CARDS ***
Dealt to 736fad55 
Dealt to c8066b61 
Dealt to 865e67b2 
Dealt to d191180 
Dealt to Hero [Td 8c]
Dealt to 4969fd4b 
865e67b2: folds
d191180: folds
Hero: folds
4969fd4b: raises 300 to 450
736fad55: folds
c8066b61: folds
Uncalled bet (300) returned to 4969fd4b
*** SHOWDOWN ***
4969fd4b collected 495 from pot
*** SUMMARY ***
Total pot 495 | Rake 0 | Jackpot 0 | Bingo 0 | Fortune 0 | Tax 0
Seat 1: 736fad55 (small blind) folded before Flop
Seat 2: c8066b61 (big blind) folded before Flop
Seat 3: 865e67b2 folded before Flop
Seat 4: d191180 folded before Flop
Seat 5: Hero folded before Flop
Seat 6: 4969fd4b (button) collected (495)


Poker Hand #TM5627969214: Tournament #265679681, Bounty Hunters Special $10.80 [6-Max] Hold'em No Limit - Level3(75/150(20)) - 2026/02/24 13:06:58
Table '15' 6-max Seat #5 is the button
Seat 1: 736fad55 (9,437 in chips)
Seat 2: c8066b61 (13,026 in chips)
Seat 3: 865e67b2 (14,767 in chips)
Seat 4: d191180 (22,227 in chips)
Seat 5: Hero (5,816 in chips)
Seat 6: 4969fd4b (6,672 in chips)
d191180: posts the ante 20
Hero: posts the ante 20
865e67b2: posts the ante 20
4969fd4b: posts the ante 20
c8066b61: posts the ante 20
736fad55: posts the ante 20
4969fd4b: posts small blind 75
736fad55: posts big blind 150
*** HOLE CARDS ***
Dealt to 736fad55 
Dealt to c8066b61 
Dealt to 865e67b2 
Dealt to d191180 
Dealt to Hero [9s 7h]
Dealt to 4969fd4b 
c8066b61: raises 150 to 300
865e67b2: calls 300
d191180: folds
Hero: folds
4969fd4b: calls 225
736fad55: raises 9,117 to 9,417 and is all-in
c8066b61: folds
865e67b2: folds
4969fd4b: calls 6,352 and is all-in
Uncalled bet (2,765) returned to 736fad55
736fad55: shows [Qs Ac]
4969fd4b: shows [Ad Th]
*** FLOP *** [Tc 5d 3c]
*** TURN *** [Tc 5d 3c] [Kd]
*** RIVER *** [Tc 5d 3c Kd] [6s]
*** SHOWDOWN ***
4969fd4b collected 14,024 from pot
*** SUMMARY ***
Total pot 14,024 | Rake 0 | Jackpot 0 | Bingo 0 | Fortune 0 | Tax 0
Board [Tc 5d 3c Kd 6s]
Seat 1: 736fad55 (big blind) showed [Qs Ac] and lost with Ace high
Seat 2: c8066b61 folded before Flop
Seat 3: 865e67b2 folded before Flop
Seat 4: d191180 folded before Flop
Seat 5: Hero (button) folded before Flop
Seat 6: 4969fd4b (small blind) showed [Ad Th] and won (14,024) with a pair of Tens


Poker Hand #TM5627969208: Tournament #265679681, Bounty Hunters Special $10.80 [6-Max] Hold'em No Limit - Level3(75/150(20)) - 2026/02/24 13:06:03
Table '15' 6-max Seat #4 is the button
Seat 1: 736fad55 (9,457 in chips)
Seat 2: c8066b61 (13,046 in chips)
Seat 3: 865e67b2 (14,787 in chips)
Seat 4: d191180 (20,639 in chips)
Seat 5: Hero (5,911 in chips)
Seat 6: 4969fd4b (8,105 in chips)
d191180: posts the ante 20
Hero: posts the ante 20
865e67b2: posts the ante 20
4969fd4b: posts the ante 20
c8066b61: posts the ante 20
736fad55: posts the ante 20
Hero: posts small blind 75
4969fd4b: posts big blind 150
*** HOLE CARDS ***
Dealt to 736fad55 
Dealt to c8066b61 
Dealt to 865e67b2 
Dealt to d191180 
Dealt to Hero [2h As]
Dealt to 4969fd4b 
736fad55: folds
c8066b61: folds
865e67b2: folds
d191180: raises 300 to 450
Hero: folds
4969fd4b: calls 300
*** FLOP *** [3d 6s 4s]
4969fd4b: checks
d191180: checks
*** TURN *** [3d 6s 4s] [Th]
4969fd4b: bets 362
d191180: calls 362
*** RIVER *** [3d 6s 4s Th] [3s]
4969fd4b: bets 601
d191180: calls 601
4969fd4b: shows [Ah 6h] (two pair, Sixes and Threes)
d191180: shows [Ks 9s] (a flush King high)
*** SHOWDOWN ***
d191180 collected 3,021 from pot
*** SUMMARY ***
Total pot 3,021 | Rake 0 | Jackpot 0 | Bingo 0 | Fortune 0 | Tax 0
Board [3d 6s 4s Th 3s]
Seat 1: 736fad55 folded before Flop
Seat 2: c8066b61 folded before Flop
Seat 3: 865e67b2 folded before Flop
Seat 4: d191180 (button) showed [Ks 9s] and won (3,021) with a flush King high
Seat 5: Hero (small blind) folded before Flop
Seat 6: 4969fd4b (big blind) showed [Ah 6h] and lost with two pair, Sixes and Threes


Poker Hand #TM5627969203: Tournament #265679681, Bounty Hunters Special $10.80 [6-Max] Hold'em No Limit - Level3(75/150(20)) - 2026/02/24 13:05:44
Table '15' 6-max Seat #3 is the button
Seat 1: 736fad55 (9,477 in chips)
Seat 2: c8066b61 (13,066 in chips)
Seat 3: 865e67b2 (14,807 in chips)
Seat 4: d191180 (20,734 in chips)
Seat 5: Hero (5,736 in chips)
Seat 6: 4969fd4b (8,125 in chips)
d191180: posts the ante 20
Hero: posts the ante 20
865e67b2: posts the ante 20
4969fd4b: posts the ante 20
c8066b61: posts the ante 20
736fad55: posts the ante 20
d191180: posts small blind 75
Hero: posts big blind 150
*** HOLE CARDS ***
Dealt to 736fad55 
Dealt to c8066b61 
Dealt to 865e67b2 
Dealt to d191180 
Dealt to Hero [As 6d]
Dealt to 4969fd4b 
4969fd4b: folds
736fad55: folds
c8066b61: folds
865e67b2: folds
d191180: folds
Uncalled bet (75) returned to Hero
*** SHOWDOWN ***
Hero collected 270 from pot
*** SUMMARY ***
Total pot 270 | Rake 0 | Jackpot 0 | Bingo 0 | Fortune 0 | Tax 0
Seat 1: 736fad55 folded before Flop
Seat 2: c8066b61 folded before Flop
Seat 3: 865e67b2 (button) folded before Flop
Seat 4: d191180 (small blind) folded before Flop
Seat 5: Hero (big blind) collected (270)
Seat 6: 4969fd4b folded before Flop


Poker Hand #TM5627969194: Tournament #265679681, Bounty Hunters Special $10.80 [6-Max] Hold'em No Limit - Level3(75/150(20)) - 2026/02/24 13:04:38
Table '15' 6-max Seat #2 is the button
Seat 1: 736fad55 (9,497 in chips)
Seat 2: c8066b61 (13,461 in chips)
Seat 3: 865e67b2 (14,902 in chips)
Seat 4: d191180 (18,649 in chips)
Seat 5: Hero (5,756 in chips)
Seat 6: 4969fd4b (9,680 in chips)
d191180: posts the ante 20
Hero: posts the ante 20
4969fd4b: posts the ante 20
865e67b2: posts the ante 20
c8066b61: posts the ante 20
736fad55: posts the ante 20
865e67b2: posts small blind 75
d191180: posts big blind 150
*** HOLE CARDS ***
Dealt to 736fad55 
Dealt to c8066b61 
Dealt to 865e67b2 
Dealt to d191180 
Dealt to Hero [2c 8h]
Dealt to 4969fd4b 
Hero: folds
4969fd4b: raises 225 to 375
736fad55: folds
c8066b61: calls 375
865e67b2: folds
d191180: calls 225
*** FLOP *** [Ah 9d 3h]
d191180: checks
4969fd4b: bets 436
c8066b61: folds
d191180: calls 436
*** TURN *** [Ah 9d 3h] [6h]
d191180: checks
4969fd4b: checks
*** RIVER *** [Ah 9d 3h 6h] [9s]
d191180: checks
4969fd4b: bets 724
d191180: calls 724
4969fd4b: shows [5s 6s] (two pair, Nines and Sixes)
d191180: shows [8c Ac] (two pair, Aces and Nines)
*** SHOWDOWN ***
d191180 collected 3,640 from pot
*** SUMMARY ***
Total pot 3,640 | Rake 0 | Jackpot 0 | Bingo 0 | Fortune 0 | Tax 0
Board [Ah 9d 3h 6h 9s]
Seat 1: 736fad55 folded before Flop
Seat 2: c8066b61 (button) folded on the Flop
Seat 3: 865e67b2 (small blind) folded before Flop
Seat 4: d191180 (big blind) showed [8c Ac] and won (3,640) with two pair, Aces and Nines
Seat 5: Hero folded before Flop
Seat 6: 4969fd4b showed [5s 6s] and lost with two pair, Nines and Sixes


Poker Hand #TM5627969188: Tournament #265679681, Bounty Hunters Special $10.80 [6-Max] Hold'em No Limit - Level3(75/150(20)) - 2026/02/24 13:03:49
Table '15' 6-max Seat #1 is the button
Seat 1: 736fad55 (9,517 in chips)
Seat 2: c8066b61 (13,781 in chips)
Seat 3: 865e67b2 (15,222 in chips)
Seat 4: d191180 (18,669 in chips)
Seat 5: Hero (6,076 in chips)
Seat 6: 4969fd4b (8,680 in chips)
d191180: posts the ante 20
Hero: posts the ante 20
4969fd4b: posts the ante 20
865e67b2: posts the ante 20
736fad55: posts the ante 20
c8066b61: posts the ante 20
c8066b61: posts small blind 75
865e67b2: posts big blind 150
*** HOLE CARDS ***
Dealt to 736fad55 
Dealt to c8066b61 
Dealt to 865e67b2 
Dealt to d191180 
Dealt to Hero [As 6h]
Dealt to 4969fd4b 
d191180: folds
Hero: raises 150 to 300
4969fd4b: calls 300
736fad55: folds
c8066b61: calls 225
865e67b2: calls 150
*** FLOP *** [9c 4h 8c]
c8066b61: checks
865e67b2: checks
Hero: checks
4969fd4b: bets 8,360 and is all-in
c8066b61: folds
865e67b2: folds
Hero: folds
Uncalled bet (8,360) returned to 4969fd4b
*** SHOWDOWN ***
4969fd4b collected 1,320 from pot
*** SUMMARY ***
Total pot 1,320 | Rake 0 | Jackpot 0 | Bingo 0 | Fortune 0 | Tax 0
Board [9c 4h 8c]
Seat 1: 736fad55 (button) folded before Flop
Seat 2: c8066b61 (small blind) folded on the Flop
Seat 3: 865e67b2 (big blind) folded on the Flop
Seat 4: d191180 folded before Flop
Seat 5: Hero folded on the Flop
Seat 6: 4969fd4b won (1,320)


Poker Hand #TM5627969176: Tournament #265679681, Bounty Hunters Special $10.80 [6-Max] Hold'em No Limit - Level3(75/150(20)) - 2026/02/24 13:02:39
Table '15' 6-max Seat #6 is the button
Seat 1: 736fad55 (9,912 in chips)
Seat 2: c8066b61 (10,531 in chips)
Seat 3: 865e67b2 (15,242 in chips)
Seat 4: d191180 (18,689 in chips)
Seat 5: Hero (6,096 in chips)
Seat 6: 4969fd4b (11,475 in chips)
d191180: posts the ante 20
Hero: posts the ante 20
4969fd4b: posts the ante 20
865e67b2: posts the ante 20
c8066b61: posts the ante 20
736fad55: posts the ante 20
736fad55: posts small blind 75
c8066b61: posts big blind 150
*** HOLE CARDS ***
Dealt to 736fad55 
Dealt to c8066b61 
Dealt to 865e67b2 
Dealt to d191180 
Dealt to Hero [8c 2d]
Dealt to 4969fd4b 
865e67b2: folds
d191180: folds
Hero: folds
4969fd4b: raises 225 to 375
736fad55: calls 300
c8066b61: raises 1,125 to 1,500
4969fd4b: calls 1,125
736fad55: folds
*** FLOP *** [5h 5s 3d]
c8066b61: bets 1,275
4969fd4b: calls 1,275
*** TURN *** [5h 5s 3d] [Kc]
c8066b61: bets 1,995
4969fd4b: folds
Uncalled bet (1,995) returned to c8066b61
*** SHOWDOWN ***
c8066b61 collected 6,045 from pot
*** SUMMARY ***
Total pot 6,045 | Rake 0 | Jackpot 0 | Bingo 0 | Fortune 0 | Tax 0
Board [5h 5s 3d Kc]
Seat 1: 736fad55 (small blind) folded before Flop
Seat 2: c8066b61 (big blind) won (6,045)
Seat 3: 865e67b2 folded before Flop
Seat 4: d191180 folded before Flop
Seat 5: Hero folded before Flop
Seat 6: 4969fd4b (button) folded on the Turn


Poker Hand #TM5627969173: Tournament #265679681, Bounty Hunters Special $10.80 [6-Max] Hold'em No Limit - Level3(75/150(20)) - 2026/02/24 13:02:22
Table '15' 6-max Seat #5 is the button
Seat 1: 736fad55 (10,082 in chips)
Seat 2: c8066b61 (10,551 in chips)
Seat 3: 865e67b2 (15,262 in chips)
Seat 4: d191180 (18,709 in chips)
Seat 5: Hero (6,116 in chips)
Seat 6: 4969fd4b (11,225 in chips)
d191180: posts the ante 20
Hero: posts the ante 20
865e67b2: posts the ante 20
4969fd4b: posts the ante 20
c8066b61: posts the ante 20
736fad55: posts the ante 20
4969fd4b: posts small blind 75
736fad55: posts big blind 150
*** HOLE CARDS ***
Dealt to 736fad55 
Dealt to c8066b61 
Dealt to 865e67b2 
Dealt to d191180 
Dealt to Hero [7c 9h]
Dealt to 4969fd4b 
c8066b61: folds
865e67b2: folds
d191180: folds
Hero: folds
4969fd4b: raises 225 to 375
736fad55: folds
Uncalled bet (225) returned to 4969fd4b
*** SHOWDOWN ***
4969fd4b collected 420 from pot
*** SUMMARY ***
Total pot 420 | Rake 0 | Jackpot 0 | Bingo 0 | Fortune 0 | Tax 0
Seat 1: 736fad55 (big blind) folded before Flop
Seat 2: c8066b61 folded before Flop
Seat 3: 865e67b2 folded before Flop
Seat 4: d191180 folded before Flop
Seat 5: Hero (button) folded before Flop
Seat 6: 4969fd4b (small blind) collected (420)


Poker Hand #TM5627969167: Tournament #265679681, Bounty Hunters Special $10.80 [6-Max] Hold'em No Limit - Level3(75/150(20)) - 2026/02/24 13:01:27
Table '15' 6-max Seat #4 is the button
Seat 1: 736fad55 (10,102 in chips)
Seat 2: c8066b61 (10,946 in chips)
Seat 3: 865e67b2 (15,282 in chips)
Seat 4: d191180 (19,104 in chips)
Seat 5: Hero (6,511 in chips)
Seat 6: 4969fd4b (10,000 in chips)
d191180: posts the ante 20
Hero: posts the ante 20
865e67b2: posts the ante 20
4969fd4b: posts the ante 20
c8066b61: posts the ante 20
736fad55: posts the ante 20
Hero: posts small blind 75
4969fd4b: posts big blind 150
*** HOLE CARDS ***
Dealt to 736fad55 
Dealt to c8066b61 
Dealt to 865e67b2 
Dealt to d191180 
Dealt to Hero [Td Qs]
Dealt to 4969fd4b 
736fad55: folds
c8066b61: raises 225 to 375
865e67b2: folds
d191180: calls 375
Hero: calls 300
4969fd4b: raises 9,605 to 9,980 and is all-in
c8066b61: folds
d191180: folds
Hero: folds
Uncalled bet (9,605) returned to 4969fd4b
*** SHOWDOWN ***
4969fd4b collected 1,620 from pot
*** SUMMARY ***
Total pot 1,620 | Rake 0 | Jackpot 0 | Bingo 0 | Fortune 0 | Tax 0
Seat 1: 736fad55 folded before Flop
Seat 2: c8066b61 folded before Flop
Seat 3: 865e67b2 folded before Flop
Seat 4: d191180 (button) folded before Flop
Seat 5: Hero (small blind) folded before Flop
Seat 6: 4969fd4b (big blind) showed [As] and collected (1,620)


Poker Hand #TM5627969154: Tournament #265679681, Bounty Hunters Special $10.80 [6-Max] Hold'em No Limit - Level3(75/150(20)) - 2026/02/24 12:54:16
Table '15' 6-max Seat #3 is the button
Seat 1: 736fad55 (10,122 in chips)
Seat 2: c8066b61 (11,341 in chips)
Seat 3: 865e67b2 (15,677 in chips)
Seat 4: d191180 (14,217 in chips)
Seat 5: Hero (10,588 in chips)
d191180: posts the ante 20
Hero: posts the ante 20
865e67b2: posts the ante 20
c8066b61: posts the ante 20
736fad55: posts the ante 20
d191180: posts small blind 75
Hero: posts big blind 150
*** HOLE CARDS ***
Dealt to 736fad55 
Dealt to c8066b61 
Dealt to 865e67b2 
Dealt to d191180 
Dealt to Hero [As Jh]
736fad55: folds
c8066b61: raises 225 to 375
865e67b2: calls 375
d191180: calls 300
Hero: raises 1,900 to 2,275
c8066b61: folds
865e67b2: folds
d191180: calls 1,900
*** FLOP *** [5h Kc 8s]
d191180: checks
Hero: bets 1,782
d191180: raises 10,140 to 11,922 and is all-in
Hero: folds
Uncalled bet (10,140) returned to d191180
*** SHOWDOWN ***
d191180 collected 8,964 from pot
*** SUMMARY ***
Total pot 8,964 | Rake 0 | Jackpot 0 | Bingo 0 | Fortune 0 | Tax 0
Board [5h Kc 8s]
Seat 1: 736fad55 folded before Flop
Seat 2: c8066b61 folded before Flop
Seat 3: 865e67b2 (button) folded before Flop
Seat 4: d191180 (small blind) won (8,964)
Seat 5: Hero (big blind) folded on the Flop


Poker Hand #TM5627969149: Tournament #265679681, Bounty Hunters Special $10.80 [6-Max] Hold'em No Limit - Level2(60/120(18)) - 2026/02/24 12:53:37
Table '15' 6-max Seat #2 is the button
Seat 1: 736fad55 (10,140 in chips)
Seat 2: c8066b61 (11,359 in chips)
Seat 3: 865e67b2 (15,935 in chips)
Seat 4: d191180 (13,905 in chips)
Seat 5: Hero (10,606 in chips)
d191180: posts the ante 18
Hero: posts the ante 18
865e67b2: posts the ante 18
c8066b61: posts the ante 18
736fad55: posts the ante 18
865e67b2: posts small blind 60
d191180: posts big blind 120
*** HOLE CARDS ***
Dealt to 736fad55 
Dealt to c8066b61 
Dealt to 865e67b2 
Dealt to d191180 
Dealt to Hero [6s Ks]
Hero: folds
736fad55: folds
c8066b61: folds
865e67b2: raises 120 to 240
d191180: calls 120
*** FLOP *** [As 5d 3d]
865e67b2: checks
d191180: checks
*** TURN *** [As 5d 3d] [6d]
865e67b2: checks
d191180: bets 189
865e67b2: folds
Uncalled bet (189) returned to d191180
*** SHOWDOWN ***
d191180 collected 570 from pot
*** SUMMARY ***
Total pot 570 | Rake 0 | Jackpot 0 | Bingo 0 | Fortune 0 | Tax 0
Board [As 5d 3d 6d]
Seat 1: 736fad55 folded before Flop
Seat 2: c8066b61 (button) folded before Flop
Seat 3: 865e67b2 (small blind) folded on the Turn
Seat 4: d191180 (big blind) won (570)
Seat 5: Hero folded before Flop


Poker Hand #TM5627969140: Tournament #265679681, Bounty Hunters Special $10.80 [6-Max] Hold'em No Limit - Level2(60/120(18)) - 2026/02/24 12:52:47
Table '15' 6-max Seat #1 is the button
Seat 1: 736fad55 (10,158 in chips)
Seat 2: c8066b61 (11,617 in chips)
Seat 3: 865e67b2 (16,193 in chips)
Seat 4: d191180 (13,923 in chips)
Seat 5: Hero (10,036 in chips)
Seat 6: a9f800d5 (18,684 in chips)
d191180: posts the ante 18
a9f800d5: posts the ante 18
Hero: posts the ante 18
865e67b2: posts the ante 18
736fad55: posts the ante 18
c8066b61: posts the ante 18
c8066b61: posts small blind 60
865e67b2: posts big blind 120
*** HOLE CARDS ***
Dealt to 736fad55 
Dealt to c8066b61 
Dealt to 865e67b2 
Dealt to d191180 
Dealt to Hero [As Qh]
Dealt to a9f800d5 
d191180: folds
Hero: raises 120 to 240
a9f800d5: folds
736fad55: folds
c8066b61: calls 180
865e67b2: calls 120
*** FLOP *** [7h Ac Tc]
c8066b61: checks
865e67b2: checks
Hero: bets 274
c8066b61: folds
865e67b2: folds
Uncalled bet (274) returned to Hero
*** SHOWDOWN ***
Hero collected 828 from pot
*** SUMMARY ***
Total pot 828 | Rake 0 | Jackpot 0 | Bingo 0 | Fortune 0 | Tax 0
Board [7h Ac Tc]
Seat 1: 736fad55 (button) folded before Flop
Seat 2: c8066b61 (small blind) folded on the Flop
Seat 3: 865e67b2 (big blind) folded on the Flop
Seat 4: d191180 folded before Flop
Seat 5: Hero won (828)
Seat 6: a9f800d5 folded before Flop


Poker Hand #TM5627969133: Tournament #265679681, Bounty Hunters Special $10.80 [6-Max] Hold'em No Limit - Level2(60/120(18)) - 2026/02/24 12:51:55
Table '15' 6-max Seat #6 is the button
Seat 1: 736fad55 (10,236 in chips)
Seat 2: c8066b61 (11,935 in chips)
Seat 3: 865e67b2 (16,211 in chips)
Seat 4: d191180 (13,941 in chips)
Seat 5: Hero (10,054 in chips)
Seat 6: a9f800d5 (18,234 in chips)
d191180: posts the ante 18
a9f800d5: posts the ante 18
Hero: posts the ante 18
865e67b2: posts the ante 18
c8066b61: posts the ante 18
736fad55: posts the ante 18
736fad55: posts small blind 60
c8066b61: posts big blind 120
*** HOLE CARDS ***
Dealt to 736fad55 
Dealt to c8066b61 
Dealt to 865e67b2 
Dealt to d191180 
Dealt to Hero [2s Th]
Dealt to a9f800d5 
865e67b2: folds
d191180: folds
Hero: folds
a9f800d5: raises 180 to 300
736fad55: folds
c8066b61: calls 180
*** FLOP *** [Jd 2d 8h]
c8066b61: checks
a9f800d5: checks
*** TURN *** [Jd 2d 8h] [Jh]
c8066b61: checks
a9f800d5: bets 208
c8066b61: folds
Uncalled bet (208) returned to a9f800d5
*** SHOWDOWN ***
a9f800d5 collected 768 from pot
*** SUMMARY ***
Total pot 768 | Rake 0 | Jackpot 0 | Bingo 0 | Fortune 0 | Tax 0
Board [Jd 2d 8h Jh]
Seat 1: 736fad55 (small blind) folded before Flop
Seat 2: c8066b61 (big blind) folded on the Turn
Seat 3: 865e67b2 folded before Flop
Seat 4: d191180 folded before Flop
Seat 5: Hero folded before Flop
Seat 6: a9f800d5 (button) won (768)


Poker Hand #TM5627969127: Tournament #265679681, Bounty Hunters Special $10.80 [6-Max] Hold'em No Limit - Level2(60/120(18)) - 2026/02/24 12:51:19
Table '15' 6-max Seat #5 is the button
Seat 1: 736fad55 (9,786 in chips)
Seat 2: c8066b61 (11,953 in chips)
Seat 3: 865e67b2 (16,229 in chips)
Seat 4: d191180 (14,259 in chips)
Seat 5: Hero (10,072 in chips)
Seat 6: a9f800d5 (18,312 in chips)
d191180: posts the ante 18
Hero: posts the ante 18
a9f800d5: posts the ante 18
865e67b2: posts the ante 18
c8066b61: posts the ante 18
736fad55: posts the ante 18
a9f800d5: posts small blind 60
736fad55: posts big blind 120
*** HOLE CARDS ***
Dealt to 736fad55 
Dealt to c8066b61 
Dealt to 865e67b2 
Dealt to d191180 
Dealt to Hero [Js 8d]
Dealt to a9f800d5 
c8066b61: folds
865e67b2: folds
d191180: raises 180 to 300
Hero: folds
a9f800d5: folds
736fad55: raises 960 to 1,260
d191180: folds
Uncalled bet (960) returned to 736fad55
*** SHOWDOWN ***
736fad55 collected 768 from pot
*** SUMMARY ***
Total pot 768 | Rake 0 | Jackpot 0 | Bingo 0 | Fortune 0 | Tax 0
Seat 1: 736fad55 (big blind) collected (768)
Seat 2: c8066b61 folded before Flop
Seat 3: 865e67b2 folded before Flop
Seat 4: d191180 folded before Flop
Seat 5: Hero (button) folded before Flop
Seat 6: a9f800d5 (small blind) folded before Flop


Poker Hand #TM5627969120: Tournament #265679681, Bounty Hunters Special $10.80 [6-Max] Hold'em No Limit - Level2(60/120(18)) - 2026/02/24 12:50:22
Table '15' 6-max Seat #4 is the button
Seat 1: 736fad55 (10,682 in chips)
Seat 2: c8066b61 (9,927 in chips)
Seat 3: 865e67b2 (17,125 in chips)
Seat 4: d191180 (14,277 in chips)
Seat 5: Hero (10,150 in chips)
Seat 6: a9f800d5 (18,450 in chips)
d191180: posts the ante 18
a9f800d5: posts the ante 18
Hero: posts the ante 18
865e67b2: posts the ante 18
c8066b61: posts the ante 18
736fad55: posts the ante 18
Hero: posts small blind 60
a9f800d5: posts big blind 120
*** HOLE CARDS ***
Dealt to 736fad55 
Dealt to c8066b61 
Dealt to 865e67b2 
Dealt to d191180 
Dealt to Hero [5h 5c]
Dealt to a9f800d5 
736fad55: raises 120 to 240
c8066b61: raises 638 to 878
865e67b2: calls 878
d191180: folds
Hero: folds
a9f800d5: folds
736fad55: calls 638
*** FLOP *** [6c Ks 7c]
736fad55: checks
c8066b61: bets 1,608
865e67b2: folds
736fad55: folds
Uncalled bet (1,608) returned to c8066b61
*** SHOWDOWN ***
c8066b61 collected 2,922 from pot
*** SUMMARY ***
Total pot 2,922 | Rake 0 | Jackpot 0 | Bingo 0 | Fortune 0 | Tax 0
Board [6c Ks 7c]
Seat 1: 736fad55 folded on the Flop
Seat 2: c8066b61 won (2,922)
Seat 3: 865e67b2 folded on the Flop
Seat 4: d191180 (button) folded before Flop
Seat 5: Hero (small blind) folded before Flop
Seat 6: a9f800d5 (big blind) folded before Flop


Poker Hand #TM5627969118: Tournament #265679681, Bounty Hunters Special $10.80 [6-Max] Hold'em No Limit - Level2(60/120(18)) - 2026/02/24 12:50:02
Table '15' 6-max Seat #3 is the button
Seat 1: 736fad55 (10,700 in chips)
Seat 2: c8066b61 (9,945 in chips)
Seat 3: 865e67b2 (17,143 in chips)
Seat 4: d191180 (14,355 in chips)
Seat 5: Hero (10,000 in chips)
Seat 6: a9f800d5 (18,468 in chips)
d191180: posts the ante 18
a9f800d5: posts the ante 18
Hero: posts the ante 18
865e67b2: posts the ante 18
c8066b61: posts the ante 18
736fad55: posts the ante 18
d191180: posts small blind 60
Hero: posts big blind 120
*** HOLE CARDS ***
Dealt to 736fad55 
Dealt to c8066b61 
Dealt to 865e67b2 
Dealt to d191180 
Dealt to Hero [8h 6c]
Dealt to a9f800d5 
a9f800d5: folds
736fad55: folds
c8066b61: folds
865e67b2: folds
d191180: folds
Uncalled bet (60) returned to Hero
*** SHOWDOWN ***
Hero collected 228 from pot
*** SUMMARY ***
Total pot 228 | Rake 0 | Jackpot 0 | Bingo 0 | Fortune 0 | Tax 0
Seat 1: 736fad55 folded before Flop
Seat 2: c8066b61 folded before Flop
Seat 3: 865e67b2 (button) folded before Flop
Seat 4: d191180 (small blind) folded before Flop
Seat 5: Hero (big blind) collected (228)
Seat 6: a9f800d5 folded before Flop


