Poker Hand #TM5633597523: Tournament #266084623, Bounty Hunters Special $8.88 Hold'em No Limit - Level8(175/350(50)) - 2026/02/26 09:41:04
Table '41' 8-max Seat #7 is the button
Seat 1: 8a3a9041 (9,850 in chips)
Seat 2: 61806f8e (7,227 in chips)
Seat 3: Hero (8,537 in chips)
Seat 4: c9d32917 (15,801 in chips)
Seat 5: 29cd1b38 (11,827 in chips)
Seat 6: e4e79525 (18,006 in chips)
Seat 7: a098600c (16,918 in chips)
Seat 8: 1bafcae5 (53,821 in chips)
c9d32917: posts the ante 50
1bafcae5: posts the ante 50
61806f8e: posts the ante 50
29cd1b38: posts the ante 50
8a3a9041: posts the ante 50
Hero: posts the ante 50
e4e79525: posts the ante 50
a098600c: posts the ante 50
1bafcae5: posts small blind 175
8a3a9041: posts big blind 350
*** HOLE CARDS ***
Dealt to 8a3a9041 
Dealt to 61806f8e 
Dealt to Hero [Kc Kd]
Dealt to c9d32917 
Dealt to 29cd1b38 
Dealt to e4e79525 
Dealt to a098600c 
Dealt to 1bafcae5 
61806f8e: folds
Hero: raises 350 to 700
c9d32917: folds
29cd1b38: folds
e4e79525: folds
a098600c: calls 700
1bafcae5: folds
8a3a9041: calls 350
*** FLOP *** [8c 8s Jc]
8a3a9041: checks
Hero: bets 1,233
a098600c: folds
8a3a9041: calls 1,233
*** TURN *** [8c 8s Jc] [Tc]
8a3a9041: checks
Hero: bets 6,554 and is all-in
8a3a9041: calls 6,554
Hero: shows [Kc Kd] (two pair, Kings and Eights)
8a3a9041: shows [Ks 8d] (three of a kind, Eights)
*** RIVER *** [8c 8s Jc Tc] [9h]
*** SHOWDOWN ***
8a3a9041 collected 18,249 from pot
*** SUMMARY ***
Total pot 18,249 | Rake 0 | Jackpot 0 | Bingo 0 | Fortune 0 | Tax 0
Board [8c 8s Jc Tc 9h]
Seat 1: 8a3a9041 (big blind) showed [Ks 8d] and won (18,249) with three of a kind, Eights
Seat 2: 61806f8e folded before Flop
Seat 3: Hero showed [Kc Kd] and lost with two pair, Kings and Eights
Seat 4: c9d32917 folded before Flop
Seat 5: 29cd1b38 folded before Flop
Seat 6: e4e79525 folded before Flop
Seat 7: a098600c (button) folded on the Flop
Seat 8: 1bafcae5 (small blind) folded before Flop


Poker Hand #TM5633597510: Tournament #266084623, Bounty Hunters Special $8.88 Hold'em No Limit - Level8(175/350(50)) - 2026/02/26 09:40:21
Table '41' 8-max Seat #6 is the button
Seat 1: 8a3a9041 (9,900 in chips)
Seat 2: 61806f8e (7,277 in chips)
Seat 3: Hero (8,587 in chips)
Seat 4: c9d32917 (14,926 in chips)
Seat 5: 29cd1b38 (11,877 in chips)
Seat 6: e4e79525 (18,056 in chips)
Seat 7: a098600c (17,143 in chips)
Seat 8: 1bafcae5 (54,221 in chips)
c9d32917: posts the ante 50
1bafcae5: posts the ante 50
61806f8e: posts the ante 50
29cd1b38: posts the ante 50
8a3a9041: posts the ante 50
Hero: posts the ante 50
e4e79525: posts the ante 50
a098600c: posts the ante 50
a098600c: posts small blind 175
1bafcae5: posts big blind 350
*** HOLE CARDS ***
Dealt to 8a3a9041 
Dealt to 61806f8e 
Dealt to Hero [Ts 2s]
Dealt to c9d32917 
Dealt to 29cd1b38 
Dealt to e4e79525 
Dealt to a098600c 
Dealt to 1bafcae5 
8a3a9041: folds
61806f8e: folds
Hero: folds
c9d32917: raises 350 to 700
29cd1b38: folds
e4e79525: folds
a098600c: folds
1bafcae5: folds
Uncalled bet (350) returned to c9d32917
*** SHOWDOWN ***
c9d32917 collected 1,275 from pot
*** SUMMARY ***
Total pot 1,275 | Rake 0 | Jackpot 0 | Bingo 0 | Fortune 0 | Tax 0
Seat 1: 8a3a9041 folded before Flop
Seat 2: 61806f8e folded before Flop
Seat 3: Hero folded before Flop
Seat 4: c9d32917 collected (1,275)
Seat 5: 29cd1b38 folded before Flop
Seat 6: e4e79525 (button) folded before Flop
Seat 7: a098600c (small blind) folded before Flop
Seat 8: 1bafcae5 (big blind) folded before Flop


Poker Hand #TM5633597497: Tournament #266084623, Bounty Hunters Special $8.88 Hold'em No Limit - Level8(175/350(50)) - 2026/02/26 09:39:43
Table '41' 8-max Seat #5 is the button
Seat 1: 8a3a9041 (9,950 in chips)
Seat 2: 61806f8e (7,327 in chips)
Seat 3: Hero (8,637 in chips)
Seat 4: c9d32917 (13,351 in chips)
Seat 5: 29cd1b38 (11,927 in chips)
Seat 6: e4e79525 (18,281 in chips)
Seat 7: a098600c (17,543 in chips)
Seat 8: 1bafcae5 (54,971 in chips)
c9d32917: posts the ante 50
1bafcae5: posts the ante 50
61806f8e: posts the ante 50
29cd1b38: posts the ante 50
8a3a9041: posts the ante 50
Hero: posts the ante 50
e4e79525: posts the ante 50
a098600c: posts the ante 50
e4e79525: posts small blind 175
a098600c: posts big blind 350
*** HOLE CARDS ***
Dealt to 8a3a9041 
Dealt to 61806f8e 
Dealt to Hero [7s 8s]
Dealt to c9d32917 
Dealt to 29cd1b38 
Dealt to e4e79525 
Dealt to a098600c 
Dealt to 1bafcae5 
1bafcae5: raises 350 to 700
8a3a9041: folds
61806f8e: folds
Hero: folds
c9d32917: raises 1,400 to 2,100
29cd1b38: folds
e4e79525: folds
a098600c: folds
1bafcae5: folds
Uncalled bet (1,400) returned to c9d32917
*** SHOWDOWN ***
c9d32917 collected 2,325 from pot
*** SUMMARY ***
Total pot 2,325 | Rake 0 | Jackpot 0 | Bingo 0 | Fortune 0 | Tax 0
Seat 1: 8a3a9041 folded before Flop
Seat 2: 61806f8e folded before Flop
Seat 3: Hero folded before Flop
Seat 4: c9d32917 collected (2,325)
Seat 5: 29cd1b38 (button) folded before Flop
Seat 6: e4e79525 (small blind) folded before Flop
Seat 7: a098600c (big blind) folded before Flop
Seat 8: 1bafcae5 folded before Flop


Poker Hand #TM5633597462: Tournament #266084623, Bounty Hunters Special $8.88 Hold'em No Limit - Level8(175/350(50)) - 2026/02/26 09:38:06
Table '41' 8-max Seat #4 is the button
Seat 1: 8a3a9041 (10,000 in chips)
Seat 2: 61806f8e (7,377 in chips)
Seat 3: Hero (8,687 in chips)
Seat 4: c9d32917 (13,401 in chips)
Seat 5: 29cd1b38 (12,152 in chips)
Seat 6: e4e79525 (19,031 in chips)
Seat 7: a098600c (14,735 in chips)
Seat 8: 1bafcae5 (56,604 in chips)
c9d32917: posts the ante 50
1bafcae5: posts the ante 50
61806f8e: posts the ante 50
8a3a9041: posts the ante 50
29cd1b38: posts the ante 50
Hero: posts the ante 50
e4e79525: posts the ante 50
a098600c: posts the ante 50
29cd1b38: posts small blind 175
e4e79525: posts big blind 350
*** HOLE CARDS ***
Dealt to 8a3a9041 
Dealt to 61806f8e 
Dealt to Hero [2h 7d]
Dealt to c9d32917 
Dealt to 29cd1b38 
Dealt to e4e79525 
Dealt to a098600c 
Dealt to 1bafcae5 
a098600c: raises 350 to 700
1bafcae5: calls 700
8a3a9041: folds
61806f8e: folds
Hero: folds
c9d32917: folds
29cd1b38: folds
e4e79525: calls 350
*** FLOP *** [6c 9h Qs]
e4e79525: checks
a098600c: bets 883
1bafcae5: calls 883
e4e79525: folds
*** TURN *** [6c 9h Qs] [5h]
a098600c: checks
1bafcae5: checks
*** RIVER *** [6c 9h Qs 5h] [Qh]
a098600c: checks
1bafcae5: checks
a098600c: shows [8c 9c] (two pair, Queens and Nines)
1bafcae5: shows [Ks As] (a pair of Queens)
*** SHOWDOWN ***
a098600c collected 4,441 from pot
*** SUMMARY ***
Total pot 4,441 | Rake 0 | Jackpot 0 | Bingo 0 | Fortune 0 | Tax 0
Board [6c 9h Qs 5h Qh]
Seat 1: 8a3a9041 folded before Flop
Seat 2: 61806f8e folded before Flop
Seat 3: Hero folded before Flop
Seat 4: c9d32917 (button) folded before Flop
Seat 5: 29cd1b38 (small blind) folded before Flop
Seat 6: e4e79525 (big blind) folded on the Flop
Seat 7: a098600c showed [8c 9c] and won (4,441) with two pair, Queens and Nines
Seat 8: 1bafcae5 showed [Ks As] and lost with a pair of Queens


Poker Hand #TM5633597441: Tournament #266084623, Bounty Hunters Special $8.88 Hold'em No Limit - Level8(175/350(50)) - 2026/02/26 09:37:05
Table '41' 8-max Seat #3 is the button
Seat 2: 61806f8e (7,427 in chips)
Seat 3: Hero (8,737 in chips)
Seat 4: c9d32917 (20,073 in chips)
Seat 5: 29cd1b38 (12,552 in chips)
Seat 6: e4e79525 (19,081 in chips)
Seat 7: a098600c (14,785 in chips)
Seat 8: 1bafcae5 (49,332 in chips)
1bafcae5: posts the ante 50
c9d32917: posts the ante 50
61806f8e: posts the ante 50
29cd1b38: posts the ante 50
Hero: posts the ante 50
e4e79525: posts the ante 50
a098600c: posts the ante 50
c9d32917: posts small blind 175
29cd1b38: posts big blind 350
*** HOLE CARDS ***
Dealt to 61806f8e 
Dealt to Hero [9d Qd]
Dealt to c9d32917 
Dealt to 29cd1b38 
Dealt to e4e79525 
Dealt to a098600c 
Dealt to 1bafcae5 
e4e79525: folds
a098600c: folds
1bafcae5: raises 350 to 700
61806f8e: folds
Hero: folds
c9d32917: calls 525
29cd1b38: folds
*** FLOP *** [Ah Qh 2h]
c9d32917: checks
1bafcae5: bets 693
c9d32917: calls 693
*** TURN *** [Ah Qh 2h] [8h]
c9d32917: checks
1bafcae5: bets 1,743
c9d32917: calls 1,743
*** RIVER *** [Ah Qh 2h 8h] [9c]
c9d32917: checks
1bafcae5: bets 3,486
c9d32917: calls 3,486
1bafcae5: shows [Jh Tc] (a flush Ace high)
c9d32917: shows [7h 6s] (a flush Ace high)
*** SHOWDOWN ***
1bafcae5 collected 13,944 from pot
*** SUMMARY ***
Total pot 13,944 | Rake 0 | Jackpot 0 | Bingo 0 | Fortune 0 | Tax 0
Board [Ah Qh 2h 8h 9c]
Seat 2: 61806f8e folded before Flop
Seat 3: Hero (button) folded before Flop
Seat 4: c9d32917 (small blind) showed [7h 6s] and lost with a flush Ace high
Seat 5: 29cd1b38 (big blind) folded before Flop
Seat 6: e4e79525 folded before Flop
Seat 7: a098600c folded before Flop
Seat 8: 1bafcae5 showed [Jh Tc] and won (13,944) with a flush Ace high


Poker Hand #TM5633597417: Tournament #266084623, Bounty Hunters Special $8.88 Hold'em No Limit - Level7(150/300(45)) - 2026/02/26 09:35:54
Table '41' 8-max Seat #2 is the button
Seat 1: 9febaa42 (9,140 in chips)
Seat 2: 61806f8e (7,472 in chips)
Seat 3: Hero (8,932 in chips)
Seat 4: c9d32917 (20,418 in chips)
Seat 5: 29cd1b38 (12,597 in chips)
Seat 6: e4e79525 (9,221 in chips)
Seat 7: a098600c (14,830 in chips)
Seat 8: 1bafcae5 (49,377 in chips)
9febaa42: posts the ante 45
1bafcae5: posts the ante 45
c9d32917: posts the ante 45
61806f8e: posts the ante 45
29cd1b38: posts the ante 45
Hero: posts the ante 45
e4e79525: posts the ante 45
a098600c: posts the ante 45
Hero: posts small blind 150
c9d32917: posts big blind 300
*** HOLE CARDS ***
Dealt to 9febaa42 
Dealt to 61806f8e 
Dealt to Hero [7h Jc]
Dealt to c9d32917 
Dealt to 29cd1b38 
Dealt to e4e79525 
Dealt to a098600c 
Dealt to 1bafcae5 
29cd1b38: folds
e4e79525: raises 300 to 600
a098600c: folds
1bafcae5: folds
9febaa42: raises 1,350 to 1,950
61806f8e: folds
Hero: folds
c9d32917: folds
e4e79525: raises 7,226 to 9,176 and is all-in
9febaa42: calls 7,145 and is all-in
Uncalled bet (81) returned to e4e79525
e4e79525: shows [Qs Ac]
9febaa42: shows [Kc Kd]
*** FLOP *** [3s Ad 5d]
*** TURN *** [3s Ad 5d] [2c]
*** RIVER *** [3s Ad 5d 2c] [Ts]
*** SHOWDOWN ***
e4e79525 collected 19,000 from pot
*** SUMMARY ***
Total pot 19,000 | Rake 0 | Jackpot 0 | Bingo 0 | Fortune 0 | Tax 0
Board [3s Ad 5d 2c Ts]
Seat 1: 9febaa42 showed [Kc Kd] and lost with a pair of Kings
Seat 2: 61806f8e (button) folded before Flop
Seat 3: Hero (small blind) folded before Flop
Seat 4: c9d32917 (big blind) folded before Flop
Seat 5: 29cd1b38 folded before Flop
Seat 6: e4e79525 showed [Qs Ac] and won (19,000) with a pair of Aces
Seat 7: a098600c folded before Flop
Seat 8: 1bafcae5 folded before Flop


Poker Hand #TM5633597405: Tournament #266084623, Bounty Hunters Special $8.88 Hold'em No Limit - Level7(150/300(45)) - 2026/02/26 09:35:21
Table '41' 8-max Seat #1 is the button
Seat 1: 9febaa42 (9,185 in chips)
Seat 2: 61806f8e (7,667 in chips)
Seat 3: Hero (9,277 in chips)
Seat 4: c9d32917 (20,463 in chips)
Seat 5: 29cd1b38 (12,642 in chips)
Seat 6: e4e79525 (8,456 in chips)
Seat 7: a098600c (14,875 in chips)
Seat 8: 1bafcae5 (49,422 in chips)
9febaa42: posts the ante 45
1bafcae5: posts the ante 45
c9d32917: posts the ante 45
61806f8e: posts the ante 45
29cd1b38: posts the ante 45
Hero: posts the ante 45
e4e79525: posts the ante 45
a098600c: posts the ante 45
61806f8e: posts small blind 150
Hero: posts big blind 300
*** HOLE CARDS ***
Dealt to 9febaa42 
Dealt to 61806f8e 
Dealt to Hero [Ac 2s]
Dealt to c9d32917 
Dealt to 29cd1b38 
Dealt to e4e79525 
Dealt to a098600c 
Dealt to 1bafcae5 
c9d32917: folds
29cd1b38: folds
e4e79525: raises 300 to 600
a098600c: folds
1bafcae5: folds
9febaa42: folds
61806f8e: folds
Hero: folds
Uncalled bet (300) returned to e4e79525
*** SHOWDOWN ***
e4e79525 collected 1,110 from pot
*** SUMMARY ***
Total pot 1,110 | Rake 0 | Jackpot 0 | Bingo 0 | Fortune 0 | Tax 0
Seat 1: 9febaa42 (button) folded before Flop
Seat 2: 61806f8e (small blind) folded before Flop
Seat 3: Hero (big blind) folded before Flop
Seat 4: c9d32917 folded before Flop
Seat 5: 29cd1b38 folded before Flop
Seat 6: e4e79525 collected (1,110)
Seat 7: a098600c folded before Flop
Seat 8: 1bafcae5 folded before Flop


Poker Hand #TM5633597389: Tournament #266084623, Bounty Hunters Special $8.88 Hold'em No Limit - Level7(150/300(45)) - 2026/02/26 09:34:33
Table '41' 8-max Seat #8 is the button
Seat 1: 9febaa42 (7,970 in chips)
Seat 2: 61806f8e (8,012 in chips)
Seat 3: Hero (9,322 in chips)
Seat 4: c9d32917 (20,508 in chips)
Seat 5: 29cd1b38 (12,687 in chips)
Seat 6: e4e79525 (8,501 in chips)
Seat 7: a098600c (15,520 in chips)
Seat 8: 1bafcae5 (49,467 in chips)
1bafcae5: posts the ante 45
c9d32917: posts the ante 45
9febaa42: posts the ante 45
61806f8e: posts the ante 45
29cd1b38: posts the ante 45
Hero: posts the ante 45
e4e79525: posts the ante 45
a098600c: posts the ante 45
9febaa42: posts small blind 150
61806f8e: posts big blind 300
*** HOLE CARDS ***
Dealt to 9febaa42 
Dealt to 61806f8e 
Dealt to Hero [Tc 7d]
Dealt to c9d32917 
Dealt to 29cd1b38 
Dealt to e4e79525 
Dealt to a098600c 
Dealt to 1bafcae5 
Hero: folds
c9d32917: folds
29cd1b38: folds
e4e79525: folds
a098600c: raises 300 to 600
1bafcae5: folds
9febaa42: raises 7,325 to 7,925 and is all-in
61806f8e: folds
a098600c: folds
Uncalled bet (7,325) returned to 9febaa42
*** SHOWDOWN ***
9febaa42 collected 1,860 from pot
*** SUMMARY ***
Total pot 1,860 | Rake 0 | Jackpot 0 | Bingo 0 | Fortune 0 | Tax 0
Seat 1: 9febaa42 (small blind) collected (1,860)
Seat 2: 61806f8e (big blind) folded before Flop
Seat 3: Hero folded before Flop
Seat 4: c9d32917 folded before Flop
Seat 5: 29cd1b38 folded before Flop
Seat 6: e4e79525 folded before Flop
Seat 7: a098600c folded before Flop
Seat 8: 1bafcae5 (button) folded before Flop


Poker Hand #TM5633597367: Tournament #266084623, Bounty Hunters Special $8.88 Hold'em No Limit - Level7(150/300(45)) - 2026/02/26 09:33:40
Table '41' 8-max Seat #7 is the button
Seat 1: 9febaa42 (8,615 in chips)
Seat 2: 61806f8e (8,057 in chips)
Seat 3: Hero (9,367 in chips)
Seat 4: c9d32917 (19,443 in chips)
Seat 5: 29cd1b38 (12,732 in chips)
Seat 6: e4e79525 (8,546 in chips)
Seat 7: a098600c (15,565 in chips)
Seat 8: 1bafcae5 (49,662 in chips)
c9d32917: posts the ante 45
9febaa42: posts the ante 45
1bafcae5: posts the ante 45
61806f8e: posts the ante 45
29cd1b38: posts the ante 45
Hero: posts the ante 45
e4e79525: posts the ante 45
a098600c: posts the ante 45
1bafcae5: posts small blind 150
9febaa42: posts big blind 300
*** HOLE CARDS ***
Dealt to 9febaa42 
Dealt to 61806f8e 
Dealt to Hero [3h 2c]
Dealt to c9d32917 
Dealt to 29cd1b38 
Dealt to e4e79525 
Dealt to a098600c 
Dealt to 1bafcae5 
61806f8e: folds
Hero: folds
c9d32917: raises 300 to 600
29cd1b38: folds
e4e79525: folds
a098600c: folds
1bafcae5: folds
9febaa42: calls 300
*** FLOP *** [Tc 6c 5c]
9febaa42: checks
c9d32917: bets 855
9febaa42: folds
Uncalled bet (855) returned to c9d32917
*** SHOWDOWN ***
c9d32917 collected 1,710 from pot
*** SUMMARY ***
Total pot 1,710 | Rake 0 | Jackpot 0 | Bingo 0 | Fortune 0 | Tax 0
Board [Tc 6c 5c]
Seat 1: 9febaa42 (big blind) folded on the Flop
Seat 2: 61806f8e folded before Flop
Seat 3: Hero folded before Flop
Seat 4: c9d32917 won (1,710)
Seat 5: 29cd1b38 folded before Flop
Seat 6: e4e79525 folded before Flop
Seat 7: a098600c (button) folded before Flop
Seat 8: 1bafcae5 (small blind) folded before Flop


Poker Hand #TM5633597356: Tournament #266084623, Bounty Hunters Special $8.88 Hold'em No Limit - Level7(150/300(45)) - 2026/02/26 09:33:15
Table '41' 8-max Seat #6 is the button
Seat 1: 9febaa42 (8,660 in chips)
Seat 2: 61806f8e (8,102 in chips)
Seat 3: Hero (9,412 in chips)
Seat 4: c9d32917 (18,678 in chips)
Seat 5: 29cd1b38 (12,777 in chips)
Seat 6: e4e79525 (8,591 in chips)
Seat 7: a098600c (15,760 in chips)
Seat 8: 1bafcae5 (50,007 in chips)
c9d32917: posts the ante 45
9febaa42: posts the ante 45
1bafcae5: posts the ante 45
61806f8e: posts the ante 45
29cd1b38: posts the ante 45
Hero: posts the ante 45
e4e79525: posts the ante 45
a098600c: posts the ante 45
a098600c: posts small blind 150
1bafcae5: posts big blind 300
*** HOLE CARDS ***
Dealt to 9febaa42 
Dealt to 61806f8e 
Dealt to Hero [8d 4h]
Dealt to c9d32917 
Dealt to 29cd1b38 
Dealt to e4e79525 
Dealt to a098600c 
Dealt to 1bafcae5 
9febaa42: folds
61806f8e: folds
Hero: folds
c9d32917: raises 600 to 900
29cd1b38: folds
e4e79525: folds
a098600c: folds
1bafcae5: folds
Uncalled bet (600) returned to c9d32917
*** SHOWDOWN ***
c9d32917 collected 1,110 from pot
*** SUMMARY ***
Total pot 1,110 | Rake 0 | Jackpot 0 | Bingo 0 | Fortune 0 | Tax 0
Seat 1: 9febaa42 folded before Flop
Seat 2: 61806f8e folded before Flop
Seat 3: Hero folded before Flop
Seat 4: c9d32917 collected (1,110)
Seat 5: 29cd1b38 folded before Flop
Seat 6: e4e79525 (button) folded before Flop
Seat 7: a098600c (small blind) folded before Flop
Seat 8: 1bafcae5 (big blind) folded before Flop


Poker Hand #TM5633597340: Tournament #266084623, Bounty Hunters Special $8.88 Hold'em No Limit - Level7(150/300(45)) - 2026/02/26 09:32:32
Table '41' 8-max Seat #5 is the button
Seat 1: 9febaa42 (8,705 in chips)
Seat 2: 61806f8e (8,147 in chips)
Seat 3: Hero (9,457 in chips)
Seat 4: c9d32917 (18,723 in chips)
Seat 5: 29cd1b38 (12,822 in chips)
Seat 6: e4e79525 (8,936 in chips)
Seat 7: a098600c (15,145 in chips)
Seat 8: 1bafcae5 (50,052 in chips)
c9d32917: posts the ante 45
9febaa42: posts the ante 45
1bafcae5: posts the ante 45
61806f8e: posts the ante 45
29cd1b38: posts the ante 45
Hero: posts the ante 45
e4e79525: posts the ante 45
a098600c: posts the ante 45
e4e79525: posts small blind 150
a098600c: posts big blind 300
*** HOLE CARDS ***
Dealt to 9febaa42 
Dealt to 61806f8e 
Dealt to Hero [3d 2c]
Dealt to c9d32917 
Dealt to 29cd1b38 
Dealt to e4e79525 
Dealt to a098600c 
Dealt to 1bafcae5 
1bafcae5: folds
9febaa42: folds
61806f8e: folds
Hero: folds
c9d32917: folds
29cd1b38: folds
e4e79525: calls 150
a098600c: raises 600 to 900
e4e79525: folds
Uncalled bet (600) returned to a098600c
*** SHOWDOWN ***
a098600c collected 960 from pot
*** SUMMARY ***
Total pot 960 | Rake 0 | Jackpot 0 | Bingo 0 | Fortune 0 | Tax 0
Seat 1: 9febaa42 folded before Flop
Seat 2: 61806f8e folded before Flop
Seat 3: Hero folded before Flop
Seat 4: c9d32917 folded before Flop
Seat 5: 29cd1b38 (button) folded before Flop
Seat 6: e4e79525 (small blind) folded before Flop
Seat 7: a098600c (big blind) collected (960)
Seat 8: 1bafcae5 folded before Flop


Poker Hand #TM5633597310: Tournament #266084623, Bounty Hunters Special $8.88 Hold'em No Limit - Level7(150/300(45)) - 2026/02/26 09:31:22
Table '41' 8-max Seat #4 is the button
Seat 1: 9febaa42 (8,750 in chips)
Seat 2: 61806f8e (8,192 in chips)
Seat 3: Hero (7,827 in chips)
Seat 4: c9d32917 (18,768 in chips)
Seat 5: 29cd1b38 (13,017 in chips)
Seat 6: e4e79525 (10,146 in chips)
Seat 7: a098600c (15,190 in chips)
Seat 8: 1bafcae5 (50,097 in chips)
c9d32917: posts the ante 45
9febaa42: posts the ante 45
1bafcae5: posts the ante 45
61806f8e: posts the ante 45
29cd1b38: posts the ante 45
Hero: posts the ante 45
e4e79525: posts the ante 45
a098600c: posts the ante 45
29cd1b38: posts small blind 150
e4e79525: posts big blind 300
*** HOLE CARDS ***
Dealt to 9febaa42 
Dealt to 61806f8e 
Dealt to Hero [8s Ts]
Dealt to c9d32917 
Dealt to 29cd1b38 
Dealt to e4e79525 
Dealt to a098600c 
Dealt to 1bafcae5 
a098600c: folds
1bafcae5: folds
9febaa42: folds
61806f8e: folds
Hero: raises 300 to 600
c9d32917: folds
29cd1b38: folds
e4e79525: calls 300
*** FLOP *** [Kc 4d 6c]
e4e79525: checks
Hero: bets 565
e4e79525: calls 565
*** TURN *** [Kc 4d 6c] [Ad]
e4e79525: checks
Hero: bets 1,720
e4e79525: folds
Uncalled bet (1,720) returned to Hero
*** SHOWDOWN ***
Hero collected 2,840 from pot
*** SUMMARY ***
Total pot 2,840 | Rake 0 | Jackpot 0 | Bingo 0 | Fortune 0 | Tax 0
Board [Kc 4d 6c Ad]
Seat 1: 9febaa42 folded before Flop
Seat 2: 61806f8e folded before Flop
Seat 3: Hero won (2,840)
Seat 4: c9d32917 (button) folded before Flop
Seat 5: 29cd1b38 (small blind) folded before Flop
Seat 6: e4e79525 (big blind) folded on the Turn
Seat 7: a098600c folded before Flop
Seat 8: 1bafcae5 folded before Flop


Poker Hand #TM5633597294: Tournament #266084623, Bounty Hunters Special $8.88 Hold'em No Limit - Level7(150/300(45)) - 2026/02/26 09:30:49
Table '41' 8-max Seat #3 is the button
Seat 1: 9febaa42 (9,395 in chips)
Seat 2: 61806f8e (6,827 in chips)
Seat 3: Hero (7,872 in chips)
Seat 4: c9d32917 (18,963 in chips)
Seat 5: 29cd1b38 (13,362 in chips)
Seat 6: e4e79525 (10,191 in chips)
Seat 7: a098600c (15,235 in chips)
Seat 8: 1bafcae5 (50,142 in chips)
9febaa42: posts the ante 45
1bafcae5: posts the ante 45
c9d32917: posts the ante 45
61806f8e: posts the ante 45
29cd1b38: posts the ante 45
Hero: posts the ante 45
e4e79525: posts the ante 45
a098600c: posts the ante 45
c9d32917: posts small blind 150
29cd1b38: posts big blind 300
*** HOLE CARDS ***
Dealt to 9febaa42 
Dealt to 61806f8e 
Dealt to Hero [Kh Td]
Dealt to c9d32917 
Dealt to 29cd1b38 
Dealt to e4e79525 
Dealt to a098600c 
Dealt to 1bafcae5 
e4e79525: folds
a098600c: folds
1bafcae5: folds
9febaa42: raises 300 to 600
61806f8e: raises 1,200 to 1,800
Hero: folds
c9d32917: folds
29cd1b38: folds
9febaa42: folds
Uncalled bet (1,200) returned to 61806f8e
*** SHOWDOWN ***
61806f8e collected 2,010 from pot
*** SUMMARY ***
Total pot 2,010 | Rake 0 | Jackpot 0 | Bingo 0 | Fortune 0 | Tax 0
Seat 1: 9febaa42 folded before Flop
Seat 2: 61806f8e collected (2,010)
Seat 3: Hero (button) folded before Flop
Seat 4: c9d32917 (small blind) folded before Flop
Seat 5: 29cd1b38 (big blind) folded before Flop
Seat 6: e4e79525 folded before Flop
Seat 7: a098600c folded before Flop
Seat 8: 1bafcae5 folded before Flop


Poker Hand #TM5633597252: Tournament #266084623, Bounty Hunters Special $8.88 Hold'em No Limit - Level7(150/300(45)) - 2026/02/26 09:29:08
Table '41' 8-max Seat #2 is the button
Seat 1: 9febaa42 (9,440 in chips)
Seat 2: 61806f8e (6,872 in chips)
Seat 3: Hero (8,067 in chips)
Seat 4: c9d32917 (17,333 in chips)
Seat 5: 29cd1b38 (13,407 in chips)
Seat 6: e4e79525 (10,236 in chips)
Seat 7: a098600c (16,445 in chips)
Seat 8: 1bafcae5 (50,187 in chips)
9febaa42: posts the ante 45
1bafcae5: posts the ante 45
c9d32917: posts the ante 45
61806f8e: posts the ante 45
29cd1b38: posts the ante 45
Hero: posts the ante 45
e4e79525: posts the ante 45
a098600c: posts the ante 45
Hero: posts small blind 150
c9d32917: posts big blind 300
*** HOLE CARDS ***
Dealt to 9febaa42 
Dealt to 61806f8e 
Dealt to Hero [5h 2c]
Dealt to c9d32917 
Dealt to 29cd1b38 
Dealt to e4e79525 
Dealt to a098600c 
Dealt to 1bafcae5 
29cd1b38: folds
e4e79525: folds
a098600c: raises 300 to 600
1bafcae5: folds
9febaa42: folds
61806f8e: folds
Hero: folds
c9d32917: calls 300
*** FLOP *** [2h 3s 8c]
c9d32917: checks
a098600c: bets 565
c9d32917: raises 1,465 to 2,030
a098600c: folds
Uncalled bet (1,465) returned to c9d32917
*** SHOWDOWN ***
c9d32917 collected 2,840 from pot
*** SUMMARY ***
Total pot 2,840 | Rake 0 | Jackpot 0 | Bingo 0 | Fortune 0 | Tax 0
Board [2h 3s 8c]
Seat 1: 9febaa42 folded before Flop
Seat 2: 61806f8e (button) folded before Flop
Seat 3: Hero (small blind) folded before Flop
Seat 4: c9d32917 (big blind) won (2,840)
Seat 5: 29cd1b38 folded before Flop
Seat 6: e4e79525 folded before Flop
Seat 7: a098600c folded on the Flop
Seat 8: 1bafcae5 folded before Flop


Poker Hand #TM5633597231: Tournament #266084623, Bounty Hunters Special $8.88 Hold'em No Limit - Level7(150/300(45)) - 2026/02/26 09:28:13
Table '41' 8-max Seat #1 is the button
Seat 1: 9febaa42 (9,485 in chips)
Seat 2: 61806f8e (7,067 in chips)
Seat 3: Hero (8,412 in chips)
Seat 4: c9d32917 (18,807 in chips)
Seat 5: 29cd1b38 (13,452 in chips)
Seat 6: e4e79525 (11,710 in chips)
Seat 7: a098600c (16,490 in chips)
Seat 8: 1bafcae5 (46,564 in chips)
9febaa42: posts the ante 45
1bafcae5: posts the ante 45
c9d32917: posts the ante 45
61806f8e: posts the ante 45
29cd1b38: posts the ante 45
Hero: posts the ante 45
e4e79525: posts the ante 45
a098600c: posts the ante 45
61806f8e: posts small blind 150
Hero: posts big blind 300
*** HOLE CARDS ***
Dealt to 9febaa42 
Dealt to 61806f8e 
Dealt to Hero [3c 9h]
Dealt to c9d32917 
Dealt to 29cd1b38 
Dealt to e4e79525 
Dealt to a098600c 
Dealt to 1bafcae5 
c9d32917: calls 300
29cd1b38: folds
e4e79525: calls 300
a098600c: folds
1bafcae5: raises 1,129 to 1,429
9febaa42: folds
61806f8e: folds
Hero: folds
c9d32917: calls 1,129
e4e79525: calls 1,129
*** FLOP *** [6c Ac 8h]
c9d32917: checks
e4e79525: checks
1bafcae5: bets 1,683
c9d32917: folds
e4e79525: folds
Uncalled bet (1,683) returned to 1bafcae5
*** SHOWDOWN ***
1bafcae5 collected 5,097 from pot
*** SUMMARY ***
Total pot 5,097 | Rake 0 | Jackpot 0 | Bingo 0 | Fortune 0 | Tax 0
Board [6c Ac 8h]
Seat 1: 9febaa42 (button) folded before Flop
Seat 2: 61806f8e (small blind) folded before Flop
Seat 3: Hero (big blind) folded before Flop
Seat 4: c9d32917 folded on the Flop
Seat 5: 29cd1b38 folded before Flop
Seat 6: e4e79525 folded on the Flop
Seat 7: a098600c folded before Flop
Seat 8: 1bafcae5 won (5,097)


Poker Hand #TM5633597183: Tournament #266084623, Bounty Hunters Special $8.88 Hold'em No Limit - Level6(125/250(35)) - 2026/02/26 09:26:18
Table '41' 8-max Seat #8 is the button
Seat 1: 9febaa42 (9,645 in chips)
Seat 2: 61806f8e (8,385 in chips)
Seat 3: Hero (8,447 in chips)
Seat 5: 29cd1b38 (13,987 in chips)
Seat 6: e4e79525 (11,745 in chips)
Seat 7: a098600c (17,025 in chips)
Seat 8: 1bafcae5 (43,946 in chips)
1bafcae5: posts the ante 35
9febaa42: posts the ante 35
61806f8e: posts the ante 35
29cd1b38: posts the ante 35
Hero: posts the ante 35
e4e79525: posts the ante 35
a098600c: posts the ante 35
9febaa42: posts small blind 125
61806f8e: posts big blind 250
*** HOLE CARDS ***
Dealt to 9febaa42 
Dealt to 61806f8e 
Dealt to Hero [4h Ac]
Dealt to 29cd1b38 
Dealt to e4e79525 
Dealt to a098600c 
Dealt to 1bafcae5 
Hero: folds
29cd1b38: raises 250 to 500
e4e79525: folds
a098600c: calls 500
1bafcae5: calls 500
9febaa42: folds
61806f8e: calls 250
*** FLOP *** [8s 6h 4s]
61806f8e: checks
29cd1b38: checks
a098600c: checks
1bafcae5: bets 783
61806f8e: calls 783
29cd1b38: folds
a098600c: folds
*** TURN *** [8s 6h 4s] [5h]
61806f8e: checks
1bafcae5: checks
*** RIVER *** [8s 6h 4s 5h] [9c]
61806f8e: checks
1bafcae5: checks
61806f8e: shows [4c 3h] (a pair of Fours)
1bafcae5: shows [6s As] (a pair of Sixes)
*** SHOWDOWN ***
1bafcae5 collected 3,936 from pot
*** SUMMARY ***
Total pot 3,936 | Rake 0 | Jackpot 0 | Bingo 0 | Fortune 0 | Tax 0
Board [8s 6h 4s 5h 9c]
Seat 1: 9febaa42 (small blind) folded before Flop
Seat 2: 61806f8e (big blind) showed [4c 3h] and lost with a pair of Fours
Seat 3: Hero folded before Flop
Seat 5: 29cd1b38 folded on the Flop
Seat 6: e4e79525 folded before Flop
Seat 7: a098600c folded on the Flop
Seat 8: 1bafcae5 (button) showed [6s As] and won (3,936) with a pair of Sixes


Poker Hand #TM5633597157: Tournament #266084623, Bounty Hunters Special $8.88 Hold'em No Limit - Level6(125/250(35)) - 2026/02/26 09:25:21
Table '41' 8-max Seat #7 is the button
Seat 1: 9febaa42 (9,930 in chips)
Seat 2: 61806f8e (9,795 in chips)
Seat 3: Hero (8,482 in chips)
Seat 4: 96676abc (7,366 in chips)
Seat 5: 29cd1b38 (14,022 in chips)
Seat 6: e4e79525 (11,780 in chips)
Seat 7: a098600c (17,060 in chips)
Seat 8: 1bafcae5 (44,106 in chips)
9febaa42: posts the ante 35
1bafcae5: posts the ante 35
61806f8e: posts the ante 35
29cd1b38: posts the ante 35
Hero: posts the ante 35
e4e79525: posts the ante 35
96676abc: posts the ante 35
a098600c: posts the ante 35
1bafcae5: posts small blind 125
9febaa42: posts big blind 250
*** HOLE CARDS ***
Dealt to 9febaa42 
Dealt to 61806f8e 
Dealt to Hero [5s As]
Dealt to 96676abc 
Dealt to 29cd1b38 
Dealt to e4e79525 
Dealt to a098600c 
Dealt to 1bafcae5 
61806f8e: raises 250 to 500
Hero: folds
96676abc: raises 875 to 1,375
29cd1b38: folds
e4e79525: folds
a098600c: folds
1bafcae5: folds
9febaa42: folds
61806f8e: calls 875
*** FLOP *** [3s Kc Qh]
61806f8e: checks
96676abc: bets 1,703
61806f8e: folds
Uncalled bet (1,703) returned to 96676abc
*** SHOWDOWN ***
96676abc collected 3,405 from pot
*** SUMMARY ***
Total pot 3,405 | Rake 0 | Jackpot 0 | Bingo 0 | Fortune 0 | Tax 0
Board [3s Kc Qh]
Seat 1: 9febaa42 (big blind) folded before Flop
Seat 2: 61806f8e folded on the Flop
Seat 3: Hero folded before Flop
Seat 4: 96676abc won (3,405)
Seat 5: 29cd1b38 folded before Flop
Seat 6: e4e79525 folded before Flop
Seat 7: a098600c (button) folded before Flop
Seat 8: 1bafcae5 (small blind) folded before Flop


Poker Hand #TM5633597146: Tournament #266084623, Bounty Hunters Special $8.88 Hold'em No Limit - Level6(125/250(35)) - 2026/02/26 09:24:52
Table '41' 8-max Seat #6 is the button
Seat 1: 9febaa42 (9,965 in chips)
Seat 2: 61806f8e (9,830 in chips)
Seat 3: Hero (8,517 in chips)
Seat 4: 96676abc (7,401 in chips)
Seat 5: 29cd1b38 (14,057 in chips)
Seat 6: e4e79525 (11,815 in chips)
Seat 7: a098600c (17,220 in chips)
Seat 8: 1bafcae5 (43,736 in chips)
9febaa42: posts the ante 35
1bafcae5: posts the ante 35
61806f8e: posts the ante 35
29cd1b38: posts the ante 35
Hero: posts the ante 35
e4e79525: posts the ante 35
96676abc: posts the ante 35
a098600c: posts the ante 35
a098600c: posts small blind 125
1bafcae5: posts big blind 250
*** HOLE CARDS ***
Dealt to 9febaa42 
Dealt to 61806f8e 
Dealt to Hero [5h 8s]
Dealt to 96676abc 
Dealt to 29cd1b38 
Dealt to e4e79525 
Dealt to a098600c 
Dealt to 1bafcae5 
9febaa42: folds
61806f8e: folds
Hero: folds
96676abc: folds
29cd1b38: folds
e4e79525: folds
a098600c: folds
Uncalled bet (125) returned to 1bafcae5
*** SHOWDOWN ***
1bafcae5 collected 530 from pot
*** SUMMARY ***
Total pot 530 | Rake 0 | Jackpot 0 | Bingo 0 | Fortune 0 | Tax 0
Seat 1: 9febaa42 folded before Flop
Seat 2: 61806f8e folded before Flop
Seat 3: Hero folded before Flop
Seat 4: 96676abc folded before Flop
Seat 5: 29cd1b38 folded before Flop
Seat 6: e4e79525 (button) folded before Flop
Seat 7: a098600c (small blind) folded before Flop
Seat 8: 1bafcae5 (big blind) collected (530)


Poker Hand #TM5633597126: Tournament #266084623, Bounty Hunters Special $8.88 Hold'em No Limit - Level6(125/250(35)) - 2026/02/26 09:23:58
Table '41' 8-max Seat #5 is the button
Seat 1: 9febaa42 (10,000 in chips)
Seat 2: 61806f8e (9,865 in chips)
Seat 3: Hero (7,272 in chips)
Seat 4: 96676abc (7,436 in chips)
Seat 5: 29cd1b38 (14,092 in chips)
Seat 6: e4e79525 (12,350 in chips)
Seat 7: a098600c (17,755 in chips)
Seat 8: 1bafcae5 (43,771 in chips)
9febaa42: posts the ante 35
1bafcae5: posts the ante 35
61806f8e: posts the ante 35
29cd1b38: posts the ante 35
Hero: posts the ante 35
e4e79525: posts the ante 35
96676abc: posts the ante 35
a098600c: posts the ante 35
e4e79525: posts small blind 125
a098600c: posts big blind 250
*** HOLE CARDS ***
Dealt to 9febaa42 
Dealt to 61806f8e 
Dealt to Hero [Jh Ks]
Dealt to 96676abc 
Dealt to 29cd1b38 
Dealt to e4e79525 
Dealt to a098600c 
Dealt to 1bafcae5 
1bafcae5: folds
9febaa42: folds
61806f8e: folds
Hero: raises 250 to 500
96676abc: folds
29cd1b38: folds
e4e79525: calls 375
a098600c: calls 250
*** FLOP *** [Jd 3c 6h]
e4e79525: checks
a098600c: checks
Hero: bets 890
e4e79525: folds
a098600c: folds
Uncalled bet (890) returned to Hero
*** SHOWDOWN ***
Hero collected 1,780 from pot
*** SUMMARY ***
Total pot 1,780 | Rake 0 | Jackpot 0 | Bingo 0 | Fortune 0 | Tax 0
Board [Jd 3c 6h]
Seat 1: 9febaa42 folded before Flop
Seat 2: 61806f8e folded before Flop
Seat 3: Hero won (1,780)
Seat 4: 96676abc folded before Flop
Seat 5: 29cd1b38 (button) folded before Flop
Seat 6: e4e79525 (small blind) folded on the Flop
Seat 7: a098600c (big blind) folded on the Flop
Seat 8: 1bafcae5 folded before Flop


Poker Hand #TM5633597108: Tournament #266084623, Bounty Hunters Special $8.88 Hold'em No Limit - Level6(125/250(35)) - 2026/02/26 09:23:17
Table '41' 8-max Seat #4 is the button
Seat 2: 61806f8e (9,900 in chips)
Seat 3: Hero (7,307 in chips)
Seat 4: 96676abc (7,971 in chips)
Seat 5: 29cd1b38 (14,252 in chips)
Seat 6: e4e79525 (11,515 in chips)
Seat 7: a098600c (17,790 in chips)
Seat 8: 1bafcae5 (43,806 in chips)
1bafcae5: posts the ante 35
61806f8e: posts the ante 35
29cd1b38: posts the ante 35
Hero: posts the ante 35
e4e79525: posts the ante 35
96676abc: posts the ante 35
a098600c: posts the ante 35
29cd1b38: posts small blind 125
e4e79525: posts big blind 250
*** HOLE CARDS ***
Dealt to 61806f8e 
Dealt to Hero [3d 6c]
Dealt to 96676abc 
Dealt to 29cd1b38 
Dealt to e4e79525 
Dealt to a098600c 
Dealt to 1bafcae5 
a098600c: folds
1bafcae5: folds
61806f8e: folds
Hero: folds
96676abc: raises 250 to 500
29cd1b38: folds
e4e79525: raises 10,980 to 11,480 and is all-in
96676abc: folds
Uncalled bet (10,980) returned to e4e79525
*** SHOWDOWN ***
e4e79525 collected 1,370 from pot
*** SUMMARY ***
Total pot 1,370 | Rake 0 | Jackpot 0 | Bingo 0 | Fortune 0 | Tax 0
Seat 2: 61806f8e folded before Flop
Seat 3: Hero folded before Flop
Seat 4: 96676abc (button) folded before Flop
Seat 5: 29cd1b38 (small blind) folded before Flop
Seat 6: e4e79525 (big blind) collected (1,370)
Seat 7: a098600c folded before Flop
Seat 8: 1bafcae5 folded before Flop


Poker Hand #TM5633597095: Tournament #266084623, Bounty Hunters Special $8.88 Hold'em No Limit - Level6(125/250(35)) - 2026/02/26 09:22:43
Table '41' 8-max Seat #3 is the button
Seat 2: 61806f8e (9,935 in chips)
Seat 3: Hero (7,342 in chips)
Seat 4: 96676abc (8,881 in chips)
Seat 5: 29cd1b38 (13,167 in chips)
Seat 6: e4e79525 (11,550 in chips)
Seat 7: a098600c (17,825 in chips)
Seat 8: 1bafcae5 (43,841 in chips)
1bafcae5: posts the ante 35
61806f8e: posts the ante 35
29cd1b38: posts the ante 35
Hero: posts the ante 35
e4e79525: posts the ante 35
96676abc: posts the ante 35
a098600c: posts the ante 35
96676abc: posts small blind 125
29cd1b38: posts big blind 250
*** HOLE CARDS ***
Dealt to 61806f8e 
Dealt to Hero [6c 9d]
Dealt to 96676abc 
Dealt to 29cd1b38 
Dealt to e4e79525 
Dealt to a098600c 
Dealt to 1bafcae5 
e4e79525: folds
a098600c: folds
1bafcae5: folds
61806f8e: folds
Hero: folds
96676abc: raises 625 to 875
29cd1b38: raises 12,257 to 13,132 and is all-in
96676abc: folds
Uncalled bet (12,257) returned to 29cd1b38
*** SHOWDOWN ***
29cd1b38 collected 1,995 from pot
*** SUMMARY ***
Total pot 1,995 | Rake 0 | Jackpot 0 | Bingo 0 | Fortune 0 | Tax 0
Seat 2: 61806f8e folded before Flop
Seat 3: Hero (button) folded before Flop
Seat 4: 96676abc (small blind) folded before Flop
Seat 5: 29cd1b38 (big blind) collected (1,995)
Seat 6: e4e79525 folded before Flop
Seat 7: a098600c folded before Flop
Seat 8: 1bafcae5 folded before Flop


Poker Hand #TM5633597056: Tournament #266084623, Bounty Hunters Special $8.88 Hold'em No Limit - Level6(125/250(35)) - 2026/02/26 09:21:14
Table '41' 8-max Seat #2 is the button
Seat 1: 454c153a (7,367 in chips)
Seat 2: 61806f8e (9,970 in chips)
Seat 3: Hero (7,502 in chips)
Seat 4: 96676abc (9,166 in chips)
Seat 5: 29cd1b38 (13,202 in chips)
Seat 6: e4e79525 (11,585 in chips)
Seat 7: a098600c (17,860 in chips)
Seat 8: 1bafcae5 (35,889 in chips)
1bafcae5: posts the ante 35
61806f8e: posts the ante 35
29cd1b38: posts the ante 35
Hero: posts the ante 35
e4e79525: posts the ante 35
96676abc: posts the ante 35
454c153a: posts the ante 35
a098600c: posts the ante 35
Hero: posts small blind 125
96676abc: posts big blind 250
*** HOLE CARDS ***
Dealt to 454c153a 
Dealt to 61806f8e 
Dealt to Hero [8h 9h]
Dealt to 96676abc 
Dealt to 29cd1b38 
Dealt to e4e79525 
Dealt to a098600c 
Dealt to 1bafcae5 
29cd1b38: folds
e4e79525: folds
a098600c: folds
1bafcae5: raises 250 to 500
454c153a: raises 1,000 to 1,500
61806f8e: folds
Hero: folds
96676abc: folds
1bafcae5: calls 1,000
*** FLOP *** [Jc 8s Ts]
1bafcae5: checks
454c153a: bets 1,125
1bafcae5: calls 1,125
*** TURN *** [Jc 8s Ts] [2h]
1bafcae5: checks
454c153a: bets 4,707 and is all-in
1bafcae5: calls 4,707
454c153a: shows [Ah Qh] (Ace high)
1bafcae5: shows [Jh Th] (two pair, Jacks and Tens)
*** RIVER *** [Jc 8s Ts 2h] [As]
*** SHOWDOWN ***
1bafcae5 collected 15,319 from pot
*** SUMMARY ***
Total pot 15,319 | Rake 0 | Jackpot 0 | Bingo 0 | Fortune 0 | Tax 0
Board [Jc 8s Ts 2h As]
Seat 1: 454c153a showed [Ah Qh] and lost with a pair of Aces
Seat 2: 61806f8e (button) folded before Flop
Seat 3: Hero (small blind) folded before Flop
Seat 4: 96676abc (big blind) folded before Flop
Seat 5: 29cd1b38 folded before Flop
Seat 6: e4e79525 folded before Flop
Seat 7: a098600c folded before Flop
Seat 8: 1bafcae5 showed [Jh Th] and won (15,319) with two pair, Jacks and Tens


Poker Hand #TM5633597046: Tournament #266084623, Bounty Hunters Special $8.88 Hold'em No Limit - Level6(125/250(35)) - 2026/02/26 09:20:40
Table '41' 8-max Seat #1 is the button
Seat 1: 454c153a (7,402 in chips)
Seat 2: 61806f8e (10,130 in chips)
Seat 3: Hero (7,787 in chips)
Seat 4: 96676abc (9,201 in chips)
Seat 5: 29cd1b38 (13,237 in chips)
Seat 6: e4e79525 (11,620 in chips)
Seat 7: a098600c (18,395 in chips)
Seat 8: 1bafcae5 (34,769 in chips)
1bafcae5: posts the ante 35
61806f8e: posts the ante 35
29cd1b38: posts the ante 35
Hero: posts the ante 35
e4e79525: posts the ante 35
96676abc: posts the ante 35
454c153a: posts the ante 35
a098600c: posts the ante 35
61806f8e: posts small blind 125
Hero: posts big blind 250
*** HOLE CARDS ***
Dealt to 454c153a 
Dealt to 61806f8e 
Dealt to Hero [Ts 2h]
Dealt to 96676abc 
Dealt to 29cd1b38 
Dealt to e4e79525 
Dealt to a098600c 
Dealt to 1bafcae5 
96676abc: folds
29cd1b38: folds
e4e79525: folds
a098600c: raises 250 to 500
1bafcae5: raises 1,000 to 1,500
454c153a: folds
61806f8e: folds
Hero: folds
a098600c: folds
Uncalled bet (1,000) returned to 1bafcae5
*** SHOWDOWN ***
1bafcae5 collected 1,655 from pot
*** SUMMARY ***
Total pot 1,655 | Rake 0 | Jackpot 0 | Bingo 0 | Fortune 0 | Tax 0
Seat 1: 454c153a (button) folded before Flop
Seat 2: 61806f8e (small blind) folded before Flop
Seat 3: Hero (big blind) folded before Flop
Seat 4: 96676abc folded before Flop
Seat 5: 29cd1b38 folded before Flop
Seat 6: e4e79525 folded before Flop
Seat 7: a098600c folded before Flop
Seat 8: 1bafcae5 collected (1,655)


Poker Hand #TM5633596981: Tournament #266084623, Bounty Hunters Special $8.88 Hold'em No Limit - Level5(100/200(30)) - 2026/02/26 09:18:08
Table '41' 8-max Seat #8 is the button
Seat 1: 454c153a (12,546 in chips)
Seat 2: 61806f8e (10,360 in chips)
Seat 3: Hero (7,817 in chips)
Seat 4: 96676abc (9,231 in chips)
Seat 5: 29cd1b38 (13,267 in chips)
Seat 6: e4e79525 (11,650 in chips)
Seat 7: a098600c (12,871 in chips)
Seat 8: 1bafcae5 (34,799 in chips)
1bafcae5: posts the ante 30
61806f8e: posts the ante 30
29cd1b38: posts the ante 30
Hero: posts the ante 30
e4e79525: posts the ante 30
96676abc: posts the ante 30
454c153a: posts the ante 30
a098600c: posts the ante 30
454c153a: posts small blind 100
61806f8e: posts big blind 200
*** HOLE CARDS ***
Dealt to 454c153a 
Dealt to 61806f8e 
Dealt to Hero [9s Jh]
Dealt to 96676abc 
Dealt to 29cd1b38 
Dealt to e4e79525 
Dealt to a098600c 
Dealt to 1bafcae5 
Hero: folds
96676abc: folds
29cd1b38: folds
e4e79525: folds
a098600c: raises 200 to 400
1bafcae5: folds
454c153a: raises 1,200 to 1,600
61806f8e: folds
a098600c: calls 1,200
*** FLOP *** [Th Td 2s]
454c153a: bets 1,092
a098600c: calls 1,092
*** TURN *** [Th Td 2s] [Qh]
454c153a: checks
a098600c: bets 2,422
454c153a: calls 2,422
*** RIVER *** [Th Td 2s Qh] [3h]
454c153a: checks
a098600c: checks
454c153a: shows [Qs Jc] (two pair, Queens and Tens)
a098600c: shows [Qc Ac] (two pair, Queens and Tens)
*** SHOWDOWN ***
a098600c collected 10,668 from pot
*** SUMMARY ***
Total pot 10,668 | Rake 0 | Jackpot 0 | Bingo 0 | Fortune 0 | Tax 0
Board [Th Td 2s Qh 3h]
Seat 1: 454c153a (small blind) showed [Qs Jc] and lost with two pair, Queens and Tens
Seat 2: 61806f8e (big blind) folded before Flop
Seat 3: Hero folded before Flop
Seat 4: 96676abc folded before Flop
Seat 5: 29cd1b38 folded before Flop
Seat 6: e4e79525 folded before Flop
Seat 7: a098600c showed [Qc Ac] and won (10,668) with two pair, Queens and Tens
Seat 8: 1bafcae5 (button) folded before Flop


Poker Hand #TM5633596966: Tournament #266084623, Bounty Hunters Special $8.88 Hold'em No Limit - Level5(100/200(30)) - 2026/02/26 09:17:38
Table '41' 8-max Seat #7 is the button
Seat 1: 454c153a (12,776 in chips)
Seat 2: 61806f8e (10,390 in chips)
Seat 3: Hero (7,847 in chips)
Seat 4: 96676abc (9,261 in chips)
Seat 5: 29cd1b38 (12,757 in chips)
Seat 6: e4e79525 (11,680 in chips)
Seat 7: a098600c (12,901 in chips)
Seat 8: 1bafcae5 (34,929 in chips)
1bafcae5: posts the ante 30
61806f8e: posts the ante 30
29cd1b38: posts the ante 30
Hero: posts the ante 30
e4e79525: posts the ante 30
96676abc: posts the ante 30
454c153a: posts the ante 30
a098600c: posts the ante 30
1bafcae5: posts small blind 100
454c153a: posts big blind 200
*** HOLE CARDS ***
Dealt to 454c153a 
Dealt to 61806f8e 
Dealt to Hero [Jd 3c]
Dealt to 96676abc 
Dealt to 29cd1b38 
Dealt to e4e79525 
Dealt to a098600c 
Dealt to 1bafcae5 
61806f8e: folds
Hero: folds
96676abc: folds
29cd1b38: raises 200 to 400
e4e79525: folds
a098600c: folds
1bafcae5: folds
454c153a: folds
Uncalled bet (200) returned to 29cd1b38
*** SHOWDOWN ***
29cd1b38 collected 740 from pot
*** SUMMARY ***
Total pot 740 | Rake 0 | Jackpot 0 | Bingo 0 | Fortune 0 | Tax 0
Seat 1: 454c153a (big blind) folded before Flop
Seat 2: 61806f8e folded before Flop
Seat 3: Hero folded before Flop
Seat 4: 96676abc folded before Flop
Seat 5: 29cd1b38 collected (740)
Seat 6: e4e79525 folded before Flop
Seat 7: a098600c (button) folded before Flop
Seat 8: 1bafcae5 (small blind) folded before Flop


Poker Hand #TM5633596950: Tournament #266084623, Bounty Hunters Special $8.88 Hold'em No Limit - Level5(100/200(30)) - 2026/02/26 09:17:09
Table '41' 8-max Seat #6 is the button
Seat 1: 454c153a (12,806 in chips)
Seat 2: 61806f8e (10,420 in chips)
Seat 3: Hero (7,337 in chips)
Seat 4: 96676abc (9,291 in chips)
Seat 5: 29cd1b38 (12,787 in chips)
Seat 6: e4e79525 (11,710 in chips)
Seat 7: a098600c (13,031 in chips)
Seat 8: 1bafcae5 (35,159 in chips)
1bafcae5: posts the ante 30
61806f8e: posts the ante 30
29cd1b38: posts the ante 30
Hero: posts the ante 30
e4e79525: posts the ante 30
96676abc: posts the ante 30
454c153a: posts the ante 30
a098600c: posts the ante 30
a098600c: posts small blind 100
1bafcae5: posts big blind 200
*** HOLE CARDS ***
Dealt to 454c153a 
Dealt to 61806f8e 
Dealt to Hero [Td Qd]
Dealt to 96676abc 
Dealt to 29cd1b38 
Dealt to e4e79525 
Dealt to a098600c 
Dealt to 1bafcae5 
454c153a: folds
61806f8e: folds
Hero: raises 200 to 400
96676abc: folds
29cd1b38: folds
e4e79525: folds
a098600c: folds
1bafcae5: folds
Uncalled bet (200) returned to Hero
*** SHOWDOWN ***
Hero collected 740 from pot
*** SUMMARY ***
Total pot 740 | Rake 0 | Jackpot 0 | Bingo 0 | Fortune 0 | Tax 0
Seat 1: 454c153a folded before Flop
Seat 2: 61806f8e folded before Flop
Seat 3: Hero collected (740)
Seat 4: 96676abc folded before Flop
Seat 5: 29cd1b38 folded before Flop
Seat 6: e4e79525 (button) folded before Flop
Seat 7: a098600c (small blind) folded before Flop
Seat 8: 1bafcae5 (big blind) folded before Flop


Poker Hand #TM5633973333: Tournament #266084623, Bounty Hunters Special $8.88 Hold'em No Limit - Level5(100/200(30)) - 2026/02/26 09:16:14
Table '34' 8-max Seat #6 is the button
Seat 1: Hero (7,367 in chips)
Seat 2: 11fcb9aa (15,278 in chips)
Seat 3: 48150170 (12,723 in chips)
Seat 4: f7e0b37e (9,193 in chips)
Seat 5: c0efe020 (10,050 in chips)
Seat 6: 7bc3678 (11,663 in chips)
Seat 7: 6276f58e (3,079 in chips)
Seat 8: c536cf3f (20,776 in chips)
48150170: posts the ante 30
7bc3678: posts the ante 30
Hero: posts the ante 30
11fcb9aa: posts the ante 30
c0efe020: posts the ante 30
c536cf3f: posts the ante 30
6276f58e: posts the ante 30
f7e0b37e: posts the ante 30
6276f58e: posts small blind 100
c536cf3f: posts big blind 200
*** HOLE CARDS ***
Dealt to Hero [Qs 5h]
Dealt to 11fcb9aa 
Dealt to 48150170 
Dealt to f7e0b37e 
Dealt to c0efe020 
Dealt to 7bc3678 
Dealt to 6276f58e 
Dealt to c536cf3f 
Hero: folds
11fcb9aa: folds
48150170: folds
f7e0b37e: folds
c0efe020: raises 200 to 400
7bc3678: raises 800 to 1,200
6276f58e: raises 1,849 to 3,049 and is all-in
c536cf3f: folds
c0efe020: raises 6,971 to 10,020 and is all-in
7bc3678: calls 8,820
c0efe020: shows [8d 8s]
7bc3678: shows [Td Ad]
6276f58e: shows [Ac 3s]
*** FLOP *** [3d Th Jh]
*** TURN *** [3d Th Jh] [6c]
*** RIVER *** [3d Th Jh 6c] [2h]
*** SHOWDOWN ***
7bc3678 collected 9,587 from pot
7bc3678 collected 13,942 from pot
*** SUMMARY ***
Total pot 23,529 | Rake 0 | Jackpot 0 | Bingo 0 | Fortune 0 | Tax 0
Board [3d Th Jh 6c 2h]
Seat 1: Hero folded before Flop
Seat 2: 11fcb9aa folded before Flop
Seat 3: 48150170 folded before Flop
Seat 4: f7e0b37e folded before Flop
Seat 5: c0efe020 showed [8d 8s] and lost with a pair of Eights
Seat 6: 7bc3678 (button) showed [Td Ad] and won (23,529) with a pair of Tens
Seat 7: 6276f58e (small blind) showed [Ac 3s] and lost with a pair of Threes
Seat 8: c536cf3f (big blind) folded before Flop


Poker Hand #TM5633973304: Tournament #266084623, Bounty Hunters Special $8.88 Hold'em No Limit - Level5(100/200(30)) - 2026/02/26 09:15:09
Table '34' 8-max Seat #5 is the button
Seat 1: Hero (7,397 in chips)
Seat 2: 11fcb9aa (15,308 in chips)
Seat 3: 48150170 (13,823 in chips)
Seat 4: f7e0b37e (9,223 in chips)
Seat 5: c0efe020 (8,470 in chips)
Seat 6: 7bc3678 (11,793 in chips)
Seat 7: 6276f58e (3,309 in chips)
Seat 8: c536cf3f (20,806 in chips)
48150170: posts the ante 30
Hero: posts the ante 30
7bc3678: posts the ante 30
11fcb9aa: posts the ante 30
c0efe020: posts the ante 30
c536cf3f: posts the ante 30
6276f58e: posts the ante 30
f7e0b37e: posts the ante 30
7bc3678: posts small blind 100
6276f58e: posts big blind 200
*** HOLE CARDS ***
Dealt to Hero [6h 4d]
Dealt to 11fcb9aa 
Dealt to 48150170 
Dealt to f7e0b37e 
Dealt to c0efe020 
Dealt to 7bc3678 
Dealt to 6276f58e 
Dealt to c536cf3f 
c536cf3f: folds
Hero: folds
11fcb9aa: folds
48150170: raises 200 to 400
f7e0b37e: folds
c0efe020: calls 400
7bc3678: folds
6276f58e: folds
*** FLOP *** [Qh Kh 5s]
48150170: checks
c0efe020: bets 670
48150170: calls 670
*** TURN *** [Qh Kh 5s] [2c]
48150170: checks
c0efe020: bets 1,340
48150170: folds
Uncalled bet (1,340) returned to c0efe020
*** SHOWDOWN ***
c0efe020 collected 2,680 from pot
*** SUMMARY ***
Total pot 2,680 | Rake 0 | Jackpot 0 | Bingo 0 | Fortune 0 | Tax 0
Board [Qh Kh 5s 2c]
Seat 1: Hero folded before Flop
Seat 2: 11fcb9aa folded before Flop
Seat 3: 48150170 folded on the Turn
Seat 4: f7e0b37e folded before Flop
Seat 5: c0efe020 (button) won (2,680)
Seat 6: 7bc3678 (small blind) folded before Flop
Seat 7: 6276f58e (big blind) folded before Flop
Seat 8: c536cf3f folded before Flop


Poker Hand #TM5633973288: Tournament #266084623, Bounty Hunters Special $8.88 Hold'em No Limit - Level5(100/200(30)) - 2026/02/26 09:14:26
Table '34' 8-max Seat #4 is the button
Seat 1: Hero (6,687 in chips)
Seat 2: 11fcb9aa (15,338 in chips)
Seat 3: 48150170 (13,853 in chips)
Seat 4: f7e0b37e (9,253 in chips)
Seat 5: c0efe020 (8,600 in chips)
Seat 6: 7bc3678 (12,223 in chips)
Seat 7: 6276f58e (3,339 in chips)
Seat 8: c536cf3f (20,836 in chips)
48150170: posts the ante 30
Hero: posts the ante 30
7bc3678: posts the ante 30
11fcb9aa: posts the ante 30
c0efe020: posts the ante 30
c536cf3f: posts the ante 30
6276f58e: posts the ante 30
f7e0b37e: posts the ante 30
c0efe020: posts small blind 100
7bc3678: posts big blind 200
*** HOLE CARDS ***
Dealt to Hero [5h 5c]
Dealt to 11fcb9aa 
Dealt to 48150170 
Dealt to f7e0b37e 
Dealt to c0efe020 
Dealt to 7bc3678 
Dealt to 6276f58e 
Dealt to c536cf3f 
6276f58e: folds
c536cf3f: folds
Hero: raises 200 to 400
11fcb9aa: folds
48150170: folds
f7e0b37e: folds
c0efe020: folds
7bc3678: calls 200
*** FLOP *** [9c As Qh]
7bc3678: checks
Hero: bets 377
7bc3678: folds
Uncalled bet (377) returned to Hero
*** SHOWDOWN ***
Hero collected 1,140 from pot
*** SUMMARY ***
Total pot 1,140 | Rake 0 | Jackpot 0 | Bingo 0 | Fortune 0 | Tax 0
Board [9c As Qh]
Seat 1: Hero won (1,140)
Seat 2: 11fcb9aa folded before Flop
Seat 3: 48150170 folded before Flop
Seat 4: f7e0b37e (button) folded before Flop
Seat 5: c0efe020 (small blind) folded before Flop
Seat 6: 7bc3678 (big blind) folded on the Flop
Seat 7: 6276f58e folded before Flop
Seat 8: c536cf3f folded before Flop


Poker Hand #TM5633973258: Tournament #266084623, Bounty Hunters Special $8.88 Hold'em No Limit - Level5(100/200(30)) - 2026/02/26 09:13:13
Table '34' 8-max Seat #3 is the button
Seat 1: Hero (7,117 in chips)
Seat 2: 11fcb9aa (15,368 in chips)
Seat 3: 48150170 (11,373 in chips)
Seat 4: f7e0b37e (9,383 in chips)
Seat 5: c0efe020 (10,000 in chips)
Seat 6: 7bc3678 (12,653 in chips)
Seat 7: 6276f58e (3,369 in chips)
Seat 8: c536cf3f (20,866 in chips)
48150170: posts the ante 30
Hero: posts the ante 30
7bc3678: posts the ante 30
11fcb9aa: posts the ante 30
c0efe020: posts the ante 30
c536cf3f: posts the ante 30
6276f58e: posts the ante 30
f7e0b37e: posts the ante 30
f7e0b37e: posts small blind 100
c0efe020: posts big blind 200
*** HOLE CARDS ***
Dealt to Hero [4c 4d]
Dealt to 11fcb9aa 
Dealt to 48150170 
Dealt to f7e0b37e 
Dealt to c0efe020 
Dealt to 7bc3678 
Dealt to 6276f58e 
Dealt to c536cf3f 
7bc3678: raises 200 to 400
6276f58e: folds
c536cf3f: folds
Hero: calls 400
11fcb9aa: folds
48150170: calls 400
f7e0b37e: folds
c0efe020: calls 200
*** FLOP *** [6c 9h Qc]
c0efe020: checks
7bc3678: checks
Hero: checks
48150170: checks
*** TURN *** [6c 9h Qc] [7s]
c0efe020: bets 970
7bc3678: folds
Hero: folds
48150170: calls 970
*** RIVER *** [6c 9h Qc 7s] [Jh]
c0efe020: checks
48150170: bets 3,880
c0efe020: folds
Uncalled bet (3,880) returned to 48150170
*** SHOWDOWN ***
48150170 collected 3,880 from pot
*** SUMMARY ***
Total pot 3,880 | Rake 0 | Jackpot 0 | Bingo 0 | Fortune 0 | Tax 0
Board [6c 9h Qc 7s Jh]
Seat 1: Hero folded on the Turn
Seat 2: 11fcb9aa folded before Flop
Seat 3: 48150170 (button) won (3,880)
Seat 4: f7e0b37e (small blind) folded before Flop
Seat 5: c0efe020 (big blind) folded on the River
Seat 6: 7bc3678 folded on the Turn
Seat 7: 6276f58e folded before Flop
Seat 8: c536cf3f folded before Flop


Poker Hand #TM5633973233: Tournament #266084623, Bounty Hunters Special $8.88 Hold'em No Limit - Level5(100/200(30)) - 2026/02/26 09:12:16
Table '34' 8-max Seat #2 is the button
Seat 1: Hero (9,384 in chips)
Seat 2: 11fcb9aa (15,398 in chips)
Seat 3: 48150170 (8,556 in chips)
Seat 4: f7e0b37e (9,813 in chips)
Seat 6: 7bc3678 (12,683 in chips)
Seat 7: 6276f58e (3,399 in chips)
Seat 8: c536cf3f (20,896 in chips)
48150170: posts the ante 30
Hero: posts the ante 30
7bc3678: posts the ante 30
11fcb9aa: posts the ante 30
c536cf3f: posts the ante 30
6276f58e: posts the ante 30
f7e0b37e: posts the ante 30
48150170: posts small blind 100
f7e0b37e: posts big blind 200
*** HOLE CARDS ***
Dealt to Hero [Ks 7s]
Dealt to 11fcb9aa 
Dealt to 48150170 
Dealt to f7e0b37e 
Dealt to 7bc3678 
Dealt to 6276f58e 
Dealt to c536cf3f 
7bc3678: folds
6276f58e: folds
c536cf3f: folds
Hero: raises 200 to 400
11fcb9aa: folds
48150170: calls 300
f7e0b37e: calls 200
*** FLOP *** [8d Qh 4s]
48150170: checks
f7e0b37e: checks
Hero: bets 466
48150170: calls 466
f7e0b37e: folds
*** TURN *** [8d Qh 4s] [3c]
48150170: checks
Hero: bets 1,371
48150170: calls 1,371
*** RIVER *** [8d Qh 4s 3c] [Jd]
48150170: bets 1,678
Hero: folds
Uncalled bet (1,678) returned to 48150170
*** SHOWDOWN ***
48150170 collected 5,084 from pot
*** SUMMARY ***
Total pot 5,084 | Rake 0 | Jackpot 0 | Bingo 0 | Fortune 0 | Tax 0
Board [8d Qh 4s 3c Jd]
Seat 1: Hero folded on the River
Seat 2: 11fcb9aa (button) folded before Flop
Seat 3: 48150170 (small blind) won (5,084)
Seat 4: f7e0b37e (big blind) folded on the Flop
Seat 6: 7bc3678 folded before Flop
Seat 7: 6276f58e folded before Flop
Seat 8: c536cf3f folded before Flop


Poker Hand #TM5633973216: Tournament #266084623, Bounty Hunters Special $8.88 Hold'em No Limit - Level4(80/160(25)) - 2026/02/26 09:11:35
Table '34' 8-max Seat #1 is the button
Seat 1: Hero (9,409 in chips)
Seat 2: 11fcb9aa (14,743 in chips)
Seat 3: 48150170 (8,741 in chips)
Seat 4: f7e0b37e (9,838 in chips)
Seat 5: 27af0655 (11,796 in chips)
Seat 6: 7bc3678 (13,028 in chips)
Seat 7: 6276f58e (3,424 in chips)
Seat 8: c536cf3f (20,921 in chips)
48150170: posts the ante 25
Hero: posts the ante 25
7bc3678: posts the ante 25
11fcb9aa: posts the ante 25
c536cf3f: posts the ante 25
6276f58e: posts the ante 25
f7e0b37e: posts the ante 25
27af0655: posts the ante 25
11fcb9aa: posts small blind 80
48150170: posts big blind 160
*** HOLE CARDS ***
Dealt to Hero [4d 9c]
Dealt to 11fcb9aa 
Dealt to 48150170 
Dealt to f7e0b37e 
Dealt to 27af0655 
Dealt to 7bc3678 
Dealt to 6276f58e 
Dealt to c536cf3f 
f7e0b37e: folds
27af0655: folds
7bc3678: raises 160 to 320
6276f58e: folds
c536cf3f: folds
Hero: folds
11fcb9aa: raises 1,120 to 1,440
48150170: folds
7bc3678: folds
Uncalled bet (1,120) returned to 11fcb9aa
*** SHOWDOWN ***
11fcb9aa collected 1,000 from pot
*** SUMMARY ***
Total pot 1,000 | Rake 0 | Jackpot 0 | Bingo 0 | Fortune 0 | Tax 0
Seat 1: Hero (button) folded before Flop
Seat 2: 11fcb9aa (small blind) collected (1,000)
Seat 3: 48150170 (big blind) folded before Flop
Seat 4: f7e0b37e folded before Flop
Seat 5: 27af0655 folded before Flop
Seat 6: 7bc3678 folded before Flop
Seat 7: 6276f58e folded before Flop
Seat 8: c536cf3f folded before Flop


Poker Hand #TM5633973198: Tournament #266084623, Bounty Hunters Special $8.88 Hold'em No Limit - Level4(80/160(25)) - 2026/02/26 09:10:44
Table '34' 8-max Seat #8 is the button
Seat 1: Hero (9,514 in chips)
Seat 2: 11fcb9aa (15,088 in chips)
Seat 3: 48150170 (8,766 in chips)
Seat 4: f7e0b37e (9,863 in chips)
Seat 5: 27af0655 (11,221 in chips)
Seat 6: 7bc3678 (13,053 in chips)
Seat 7: 6276f58e (3,449 in chips)
Seat 8: c536cf3f (20,946 in chips)
48150170: posts the ante 25
7bc3678: posts the ante 25
Hero: posts the ante 25
11fcb9aa: posts the ante 25
c536cf3f: posts the ante 25
6276f58e: posts the ante 25
f7e0b37e: posts the ante 25
27af0655: posts the ante 25
Hero: posts small blind 80
11fcb9aa: posts big blind 160
*** HOLE CARDS ***
Dealt to Hero [4c 6c]
Dealt to 11fcb9aa 
Dealt to 48150170 
Dealt to f7e0b37e 
Dealt to 27af0655 
Dealt to 7bc3678 
Dealt to 6276f58e 
Dealt to c536cf3f 
48150170: folds
f7e0b37e: folds
27af0655: raises 160 to 320
7bc3678: folds
6276f58e: folds
c536cf3f: folds
Hero: folds
11fcb9aa: calls 160
*** FLOP *** [3h 9s Ah]
11fcb9aa: checks
27af0655: bets 304
11fcb9aa: folds
Uncalled bet (304) returned to 27af0655
*** SHOWDOWN ***
27af0655 collected 920 from pot
*** SUMMARY ***
Total pot 920 | Rake 0 | Jackpot 0 | Bingo 0 | Fortune 0 | Tax 0
Board [3h 9s Ah]
Seat 1: Hero (small blind) folded before Flop
Seat 2: 11fcb9aa (big blind) folded on the Flop
Seat 3: 48150170 folded before Flop
Seat 4: f7e0b37e folded before Flop
Seat 5: 27af0655 won (920)
Seat 6: 7bc3678 folded before Flop
Seat 7: 6276f58e folded before Flop
Seat 8: c536cf3f (button) folded before Flop


Poker Hand #TM5633973175: Tournament #266084623, Bounty Hunters Special $8.88 Hold'em No Limit - Level4(80/160(25)) - 2026/02/26 09:09:54
Table '34' 8-max Seat #7 is the button
Seat 1: Hero (9,875 in chips)
Seat 2: 11fcb9aa (15,113 in chips)
Seat 3: 48150170 (8,791 in chips)
Seat 4: f7e0b37e (8,296 in chips)
Seat 5: 27af0655 (12,222 in chips)
Seat 6: 7bc3678 (13,078 in chips)
Seat 7: 6276f58e (3,474 in chips)
Seat 8: c536cf3f (21,051 in chips)
48150170: posts the ante 25
7bc3678: posts the ante 25
Hero: posts the ante 25
11fcb9aa: posts the ante 25
6276f58e: posts the ante 25
c536cf3f: posts the ante 25
f7e0b37e: posts the ante 25
27af0655: posts the ante 25
c536cf3f: posts small blind 80
Hero: posts big blind 160
*** HOLE CARDS ***
Dealt to Hero [6c 7c]
Dealt to 11fcb9aa 
Dealt to 48150170 
Dealt to f7e0b37e 
Dealt to 27af0655 
Dealt to 7bc3678 
Dealt to 6276f58e 
Dealt to c536cf3f 
11fcb9aa: folds
48150170: folds
f7e0b37e: raises 176 to 336
27af0655: calls 336
7bc3678: folds
6276f58e: folds
c536cf3f: folds
Hero: calls 176
*** FLOP *** [Jd Qs 8h]
Hero: checks
f7e0b37e: bets 640
27af0655: calls 640
Hero: folds
*** TURN *** [Jd Qs 8h] [4h]
f7e0b37e: bets 3,200
27af0655: folds
Uncalled bet (3,200) returned to f7e0b37e
*** SHOWDOWN ***
f7e0b37e collected 2,568 from pot
*** SUMMARY ***
Total pot 2,568 | Rake 0 | Jackpot 0 | Bingo 0 | Fortune 0 | Tax 0
Board [Jd Qs 8h 4h]
Seat 1: Hero (big blind) folded on the Flop
Seat 2: 11fcb9aa folded before Flop
Seat 3: 48150170 folded before Flop
Seat 4: f7e0b37e won (2,568)
Seat 5: 27af0655 folded on the Turn
Seat 6: 7bc3678 folded before Flop
Seat 7: 6276f58e (button) folded before Flop
Seat 8: c536cf3f (small blind) folded before Flop


Poker Hand #TM5633973161: Tournament #266084623, Bounty Hunters Special $8.88 Hold'em No Limit - Level4(80/160(25)) - 2026/02/26 09:09:11
Table '34' 8-max Seat #6 is the button
Seat 1: Hero (9,900 in chips)
Seat 2: 11fcb9aa (15,138 in chips)
Seat 3: 48150170 (8,816 in chips)
Seat 4: f7e0b37e (8,321 in chips)
Seat 5: 27af0655 (12,567 in chips)
Seat 6: 7bc3678 (12,343 in chips)
Seat 7: 6276f58e (3,579 in chips)
Seat 8: c536cf3f (21,236 in chips)
48150170: posts the ante 25
7bc3678: posts the ante 25
Hero: posts the ante 25
11fcb9aa: posts the ante 25
c536cf3f: posts the ante 25
6276f58e: posts the ante 25
f7e0b37e: posts the ante 25
27af0655: posts the ante 25
6276f58e: posts small blind 80
c536cf3f: posts big blind 160
*** HOLE CARDS ***
Dealt to Hero [Qh Td]
Dealt to 11fcb9aa 
Dealt to 48150170 
Dealt to f7e0b37e 
Dealt to 27af0655 
Dealt to 7bc3678 
Dealt to 6276f58e 
Dealt to c536cf3f 
Hero: folds
11fcb9aa: folds
48150170: folds
f7e0b37e: folds
27af0655: raises 160 to 320
7bc3678: raises 800 to 1,120
6276f58e: folds
c536cf3f: folds
27af0655: folds
Uncalled bet (800) returned to 7bc3678
*** SHOWDOWN ***
7bc3678 collected 1,080 from pot
*** SUMMARY ***
Total pot 1,080 | Rake 0 | Jackpot 0 | Bingo 0 | Fortune 0 | Tax 0
Seat 1: Hero folded before Flop
Seat 2: 11fcb9aa folded before Flop
Seat 3: 48150170 folded before Flop
Seat 4: f7e0b37e folded before Flop
Seat 5: 27af0655 folded before Flop
Seat 6: 7bc3678 (button) collected (1,080)
Seat 7: 6276f58e (small blind) folded before Flop
Seat 8: c536cf3f (big blind) folded before Flop


Poker Hand #TM5633973144: Tournament #266084623, Bounty Hunters Special $8.88 Hold'em No Limit - Level4(80/160(25)) - 2026/02/26 09:08:27
Table '34' 8-max Seat #5 is the button
Seat 1: Hero (9,925 in chips)
Seat 2: 11fcb9aa (15,163 in chips)
Seat 3: 48150170 (8,841 in chips)
Seat 4: f7e0b37e (8,346 in chips)
Seat 5: 27af0655 (12,592 in chips)
Seat 6: 7bc3678 (12,448 in chips)
Seat 7: 6276f58e (3,764 in chips)
Seat 8: c536cf3f (20,821 in chips)
48150170: posts the ante 25
Hero: posts the ante 25
7bc3678: posts the ante 25
11fcb9aa: posts the ante 25
c536cf3f: posts the ante 25
6276f58e: posts the ante 25
f7e0b37e: posts the ante 25
27af0655: posts the ante 25
7bc3678: posts small blind 80
6276f58e: posts big blind 160
*** HOLE CARDS ***
Dealt to Hero [Kc 4h]
Dealt to 11fcb9aa 
Dealt to 48150170 
Dealt to f7e0b37e 
Dealt to 27af0655 
Dealt to 7bc3678 
Dealt to 6276f58e 
Dealt to c536cf3f 
c536cf3f: raises 320 to 480
Hero: folds
11fcb9aa: folds
48150170: folds
f7e0b37e: folds
27af0655: folds
7bc3678: folds
6276f58e: folds
Uncalled bet (320) returned to c536cf3f
*** SHOWDOWN ***
c536cf3f collected 600 from pot
*** SUMMARY ***
Total pot 600 | Rake 0 | Jackpot 0 | Bingo 0 | Fortune 0 | Tax 0
Seat 1: Hero folded before Flop
Seat 2: 11fcb9aa folded before Flop
Seat 3: 48150170 folded before Flop
Seat 4: f7e0b37e folded before Flop
Seat 5: 27af0655 (button) folded before Flop
Seat 6: 7bc3678 (small blind) folded before Flop
Seat 7: 6276f58e (big blind) folded before Flop
Seat 8: c536cf3f collected (600)


Poker Hand #TM5633973116: Tournament #266084623, Bounty Hunters Special $8.88 Hold'em No Limit - Level4(80/160(25)) - 2026/02/26 09:07:04
Table '34' 8-max Seat #4 is the button
Seat 1: Hero (9,950 in chips)
Seat 2: 11fcb9aa (15,188 in chips)
Seat 3: 48150170 (8,866 in chips)
Seat 4: f7e0b37e (8,371 in chips)
Seat 5: 27af0655 (12,697 in chips)
Seat 6: 7bc3678 (11,553 in chips)
Seat 7: 6276f58e (3,789 in chips)
Seat 8: c536cf3f (21,486 in chips)
48150170: posts the ante 25
Hero: posts the ante 25
7bc3678: posts the ante 25
11fcb9aa: posts the ante 25
c536cf3f: posts the ante 25
6276f58e: posts the ante 25
f7e0b37e: posts the ante 25
27af0655: posts the ante 25
27af0655: posts small blind 80
7bc3678: posts big blind 160
*** HOLE CARDS ***
Dealt to Hero [8d Jd]
Dealt to 11fcb9aa 
Dealt to 48150170 
Dealt to f7e0b37e 
Dealt to 27af0655 
Dealt to 7bc3678 
Dealt to 6276f58e 
Dealt to c536cf3f 
6276f58e: folds
c536cf3f: raises 160 to 320
Hero: folds
11fcb9aa: folds
48150170: folds
f7e0b37e: folds
27af0655: folds
7bc3678: calls 160
*** FLOP *** [9c Tc Jc]
7bc3678: checks
c536cf3f: bets 320
7bc3678: raises 800 to 1,120
c536cf3f: folds
Uncalled bet (800) returned to 7bc3678
*** SHOWDOWN ***
7bc3678 collected 1,560 from pot
*** SUMMARY ***
Total pot 1,560 | Rake 0 | Jackpot 0 | Bingo 0 | Fortune 0 | Tax 0
Board [9c Tc Jc]
Seat 1: Hero folded before Flop
Seat 2: 11fcb9aa folded before Flop
Seat 3: 48150170 folded before Flop
Seat 4: f7e0b37e (button) folded before Flop
Seat 5: 27af0655 (small blind) folded before Flop
Seat 6: 7bc3678 (big blind) won (1,560)
Seat 7: 6276f58e folded before Flop
Seat 8: c536cf3f folded on the Flop


Poker Hand #TM5633973097: Tournament #266084623, Bounty Hunters Special $8.88 Hold'em No Limit - Level4(80/160(25)) - 2026/02/26 09:06:08
Table '34' 8-max Seat #3 is the button
Seat 1: Hero (9,975 in chips)
Seat 2: 11fcb9aa (15,213 in chips)
Seat 3: 48150170 (8,891 in chips)
Seat 4: f7e0b37e (8,476 in chips)
Seat 5: 27af0655 (10,551 in chips)
Seat 6: 7bc3678 (11,578 in chips)
Seat 7: 6276f58e (3,814 in chips)
Seat 8: c536cf3f (23,402 in chips)
48150170: posts the ante 25
Hero: posts the ante 25
7bc3678: posts the ante 25
11fcb9aa: posts the ante 25
c536cf3f: posts the ante 25
6276f58e: posts the ante 25
f7e0b37e: posts the ante 25
27af0655: posts the ante 25
f7e0b37e: posts small blind 80
27af0655: posts big blind 160
*** HOLE CARDS ***
Dealt to Hero [5s Ts]
Dealt to 11fcb9aa 
Dealt to 48150170 
Dealt to f7e0b37e 
Dealt to 27af0655 
Dealt to 7bc3678 
Dealt to 6276f58e 
Dealt to c536cf3f 
7bc3678: folds
6276f58e: folds
c536cf3f: raises 160 to 320
Hero: folds
11fcb9aa: folds
48150170: folds
f7e0b37e: folds
27af0655: calls 160
*** FLOP *** [Ah 5h Qh]
27af0655: checks
c536cf3f: bets 507
27af0655: calls 507
*** TURN *** [Ah 5h Qh] [Jc]
27af0655: checks
c536cf3f: bets 1,064
27af0655: calls 1,064
*** RIVER *** [Ah 5h Qh Jc] [3d]
27af0655: checks
c536cf3f: checks
27af0655: shows [6h Ad] (a pair of Aces)
c536cf3f: shows [Kh Kd] (a pair of Kings)
*** SHOWDOWN ***
27af0655 collected 4,062 from pot
*** SUMMARY ***
Total pot 4,062 | Rake 0 | Jackpot 0 | Bingo 0 | Fortune 0 | Tax 0
Board [Ah 5h Qh Jc 3d]
Seat 1: Hero folded before Flop
Seat 2: 11fcb9aa folded before Flop
Seat 3: 48150170 (button) folded before Flop
Seat 4: f7e0b37e (small blind) folded before Flop
Seat 5: 27af0655 (big blind) showed [6h Ad] and won (4,062) with a pair of Aces
Seat 6: 7bc3678 folded before Flop
Seat 7: 6276f58e folded before Flop
Seat 8: c536cf3f showed [Kh Kd] and lost with a pair of Kings


Poker Hand #TM5633973082: Tournament #266084623, Bounty Hunters Special $8.88 Hold'em No Limit - Level4(80/160(25)) - 2026/02/26 09:05:13
Table '34' 8-max Seat #2 is the button
Seat 1: Hero (10,000 in chips)
Seat 2: 11fcb9aa (15,238 in chips)
Seat 3: 48150170 (8,996 in chips)
Seat 4: f7e0b37e (8,661 in chips)
Seat 5: 27af0655 (10,136 in chips)
Seat 6: 7bc3678 (11,603 in chips)
Seat 7: 6276f58e (3,839 in chips)
Seat 8: c536cf3f (23,427 in chips)
48150170: posts the ante 25
Hero: posts the ante 25
7bc3678: posts the ante 25
11fcb9aa: posts the ante 25
c536cf3f: posts the ante 25
6276f58e: posts the ante 25
f7e0b37e: posts the ante 25
27af0655: posts the ante 25
48150170: posts small blind 80
f7e0b37e: posts big blind 160
*** HOLE CARDS ***
Dealt to Hero [7s Kh]
Dealt to 11fcb9aa 
Dealt to 48150170 
Dealt to f7e0b37e 
Dealt to 27af0655 
Dealt to 7bc3678 
Dealt to 6276f58e 
Dealt to c536cf3f 
27af0655: raises 160 to 320
7bc3678: folds
6276f58e: folds
c536cf3f: folds
Hero: folds
11fcb9aa: folds
48150170: folds
f7e0b37e: folds
Uncalled bet (160) returned to 27af0655
*** SHOWDOWN ***
27af0655 collected 600 from pot
*** SUMMARY ***
Total pot 600 | Rake 0 | Jackpot 0 | Bingo 0 | Fortune 0 | Tax 0
Seat 1: Hero folded before Flop
Seat 2: 11fcb9aa (button) folded before Flop
Seat 3: 48150170 (small blind) folded before Flop
Seat 4: f7e0b37e (big blind) folded before Flop
Seat 5: 27af0655 collected (600)
Seat 6: 7bc3678 folded before Flop
Seat 7: 6276f58e folded before Flop
Seat 8: c536cf3f folded before Flop


