Poker Hand #TM5643232585: Tournament #266375414, APL Series: ¥88 Zodiac Lucky Eights Bounty + Rabbit Hold'em No Limit - Level2(35/70(8)) - 2026/02/28 18:48:24
Table '8' 8-max Seat #7 is the button
Seat 1: f53ee2aa (6,508 in chips)
Seat 2: f0930f0d (8,588 in chips)
Seat 3: 3e177e74 (10,887 in chips)
Seat 4: e3fe3e44 (11,074 in chips)
Seat 5: Hero (9,992 in chips)
Seat 6: 22164e7 (11,028 in chips)
Seat 7: 2a2b00f (10,782 in chips)
Seat 8: f9688a9f (10,976 in chips)
22164e7: posts the ante 8
f53ee2aa: posts the ante 8
Hero: posts the ante 8
f9688a9f: posts the ante 8
e3fe3e44: posts the ante 8
3e177e74: posts the ante 8
2a2b00f: posts the ante 8
f0930f0d: posts the ante 8
f9688a9f: posts small blind 35
f53ee2aa: posts big blind 70
*** HOLE CARDS ***
Dealt to f53ee2aa 
Dealt to f0930f0d 
Dealt to 3e177e74 
Dealt to e3fe3e44 
Dealt to Hero [Qd Qs]
Dealt to 22164e7 
Dealt to 2a2b00f 
Dealt to f9688a9f 
f0930f0d: folds
3e177e74: folds
e3fe3e44: folds
Hero: raises 70 to 140
22164e7: folds
2a2b00f: calls 140
f9688a9f: calls 105
f53ee2aa: folds
*** FLOP *** [4s Js 9h]
f9688a9f: checks
Hero: bets 277
2a2b00f: raises 563 to 840
f9688a9f: folds
Hero: raises 1,676 to 2,516
2a2b00f: calls 1,676
*** TURN *** [4s Js 9h] [5h]
Hero: bets 1,844
2a2b00f: raises 6,274 to 8,118 and is all-in
Hero: calls 5,484 and is all-in
Uncalled bet (790) returned to 2a2b00f
2a2b00f: shows [4h 4d] (three of a kind, Fours)
Hero: shows [Qd Qs] (a pair of Queens)
*** RIVER *** [4s Js 9h 5h] [2c]
*** SHOWDOWN ***
2a2b00f collected 20,242 from pot
*** SUMMARY ***
Total pot 20,242 | Rake 0 | Jackpot 0 | Bingo 0 | Fortune 0 | Tax 0
Board [4s Js 9h 5h 2c]
Seat 1: f53ee2aa (big blind) folded before Flop
Seat 2: f0930f0d folded before Flop
Seat 3: 3e177e74 folded before Flop
Seat 4: e3fe3e44 folded before Flop
Seat 5: Hero showed [Qd Qs] and lost with a pair of Queens
Seat 6: 22164e7 folded before Flop
Seat 7: 2a2b00f (button) showed [4h 4d] and won (20,242) with three of a kind, Fours
Seat 8: f9688a9f (small blind) folded on the Flop


Poker Hand #TM5643232559: Tournament #266375414, APL Series: ¥88 Zodiac Lucky Eights Bounty + Rabbit Hold'em No Limit - Level2(35/70(8)) - 2026/02/28 18:47:12
Table '8' 8-max Seat #6 is the button
Seat 1: f53ee2aa (6,691 in chips)
Seat 2: f0930f0d (8,596 in chips)
Seat 3: 3e177e74 (10,895 in chips)
Seat 4: e3fe3e44 (11,957 in chips)
Seat 5: Hero (10,000 in chips)
Seat 6: 22164e7 (11,036 in chips)
Seat 7: 2a2b00f (9,606 in chips)
Seat 8: f9688a9f (11,054 in chips)
22164e7: posts the ante 8
f53ee2aa: posts the ante 8
Hero: posts the ante 8
f9688a9f: posts the ante 8
e3fe3e44: posts the ante 8
3e177e74: posts the ante 8
2a2b00f: posts the ante 8
f0930f0d: posts the ante 8
2a2b00f: posts small blind 35
f9688a9f: posts big blind 70
*** HOLE CARDS ***
Dealt to f53ee2aa 
Dealt to f0930f0d 
Dealt to 3e177e74 
Dealt to e3fe3e44 
Dealt to Hero [Ts Qd]
Dealt to 22164e7 
Dealt to 2a2b00f 
Dealt to f9688a9f 
f53ee2aa: raises 105 to 175
f0930f0d: folds
3e177e74: folds
e3fe3e44: calls 175
Hero: folds
22164e7: folds
2a2b00f: raises 700 to 875
f9688a9f: folds
f53ee2aa: folds
e3fe3e44: calls 700
*** FLOP *** [3d 7d 6c]
2a2b00f: bets 1,120
e3fe3e44: folds
Uncalled bet (1,120) returned to 2a2b00f
*** SHOWDOWN ***
2a2b00f collected 2,059 from pot
*** SUMMARY ***
Total pot 2,059 | Rake 0 | Jackpot 0 | Bingo 0 | Fortune 0 | Tax 0
Board [3d 7d 6c]
Seat 1: f53ee2aa folded before Flop
Seat 2: f0930f0d folded before Flop
Seat 3: 3e177e74 folded before Flop
Seat 4: e3fe3e44 folded on the Flop
Seat 5: Hero folded before Flop
Seat 6: 22164e7 (button) folded before Flop
Seat 7: 2a2b00f (small blind) won (2,059)
Seat 8: f9688a9f (big blind) folded before Flop


