Poker Hand #TM5586654140: Tournament #263402425, Bounty Hunters Special $8.88 Hold'em No Limit - Level6(125/250(35)) - 2026/02/14 22:17:30
Table '78' 8-max Seat #5 is the button
Seat 1: 712525a2 (14,226 in chips)
Seat 2: c46ce3c2 (37,383 in chips)
Seat 3: aa70e215 (9,331 in chips)
Seat 4: d838c406 (9,139 in chips)
Seat 5: 1d7f9a2c (8,152 in chips)
Seat 6: Hero (4,850 in chips)
Seat 7: 5d7390d3 (9,880 in chips)
Seat 8: e5bdb9d8 (19,813 in chips)
e5bdb9d8: posts the ante 35
Hero: posts the ante 35
5d7390d3: posts the ante 35
c46ce3c2: posts the ante 35
712525a2: posts the ante 35
1d7f9a2c: posts the ante 35
d838c406: posts the ante 35
aa70e215: posts the ante 35
Hero: posts small blind 125
5d7390d3: posts big blind 250
*** HOLE CARDS ***
Dealt to 712525a2 
Dealt to c46ce3c2 
Dealt to aa70e215 
Dealt to d838c406 
Dealt to 1d7f9a2c 
Dealt to Hero [6c 6d]
Dealt to 5d7390d3 
Dealt to e5bdb9d8 
e5bdb9d8: raises 250 to 500
712525a2: folds
c46ce3c2: folds
aa70e215: calls 500
d838c406: folds
1d7f9a2c: folds
Hero: raises 4,315 to 4,815 and is all-in
5d7390d3: folds
e5bdb9d8: raises 14,963 to 19,778 and is all-in
aa70e215: calls 8,796 and is all-in
Uncalled bet (10,482) returned to e5bdb9d8
e5bdb9d8: shows [As Kc]
aa70e215: shows [Ad Ac]
Hero: shows [6c 6d]
*** FLOP *** [2s Qh 8s]
*** TURN *** [2s Qh 8s] [5d]
*** RIVER *** [2s Qh 8s 5d] [7c]
c46ce3c2: shows [6h] (Queen high)
*** SHOWDOWN ***
aa70e215 collected 14,975 from pot
aa70e215 collected 8,962 from pot
*** SUMMARY ***
Total pot 23,937 | Rake 0 | Jackpot 0 | Bingo 0 | Fortune 0 | Tax 0
Board [2s Qh 8s 5d 7c]
Seat 1: 712525a2 folded before Flop
Seat 2: c46ce3c2 folded before Flop
Seat 3: aa70e215 showed [Ad Ac] and won (23,937) with a pair of Aces
Seat 4: d838c406 folded before Flop
Seat 5: 1d7f9a2c (button) folded before Flop
Seat 6: Hero (small blind) showed [6c 6d] and lost with a pair of Sixes
Seat 7: 5d7390d3 (big blind) folded before Flop
Seat 8: e5bdb9d8 showed [As Kc] and lost with Ace high


Poker Hand #TM5586654105: Tournament #263402425, Bounty Hunters Special $8.88 Hold'em No Limit - Level5(100/200(30)) - 2026/02/14 22:15:43
Table '78' 8-max Seat #4 is the button
Seat 1: 712525a2 (14,656 in chips)
Seat 2: c46ce3c2 (32,533 in chips)
Seat 3: aa70e215 (11,081 in chips)
Seat 4: d838c406 (9,569 in chips)
Seat 5: 1d7f9a2c (9,902 in chips)
Seat 6: Hero (5,280 in chips)
Seat 7: 5d7390d3 (9,910 in chips)
Seat 8: e5bdb9d8 (19,843 in chips)
e5bdb9d8: posts the ante 30
Hero: posts the ante 30
5d7390d3: posts the ante 30
c46ce3c2: posts the ante 30
712525a2: posts the ante 30
d838c406: posts the ante 30
aa70e215: posts the ante 30
1d7f9a2c: posts the ante 30
1d7f9a2c: posts small blind 100
Hero: posts big blind 200
*** HOLE CARDS ***
Dealt to 712525a2 
Dealt to c46ce3c2 
Dealt to aa70e215 
Dealt to d838c406 
Dealt to 1d7f9a2c 
Dealt to Hero [5h 6c]
Dealt to 5d7390d3 
Dealt to e5bdb9d8 
5d7390d3: folds
e5bdb9d8: folds
712525a2: raises 200 to 400
c46ce3c2: calls 400
aa70e215: calls 400
d838c406: calls 400
1d7f9a2c: calls 300
Hero: calls 200
*** FLOP *** [As 7h 8h]
1d7f9a2c: bets 1,320
Hero: folds
712525a2: folds
c46ce3c2: calls 1,320
aa70e215: calls 1,320
d838c406: folds
*** TURN *** [As 7h 8h] [2d]
1d7f9a2c: checks
c46ce3c2: bets 6,600
aa70e215: folds
1d7f9a2c: folds
Uncalled bet (6,600) returned to c46ce3c2
*** SHOWDOWN ***
c46ce3c2 collected 6,600 from pot
*** SUMMARY ***
Total pot 6,600 | Rake 0 | Jackpot 0 | Bingo 0 | Fortune 0 | Tax 0
Board [As 7h 8h 2d]
Seat 1: 712525a2 folded on the Flop
Seat 2: c46ce3c2 won (6,600)
Seat 3: aa70e215 folded on the Turn
Seat 4: d838c406 (button) folded on the Flop
Seat 5: 1d7f9a2c (small blind) folded on the Turn
Seat 6: Hero (big blind) folded on the Flop
Seat 7: 5d7390d3 folded before Flop
Seat 8: e5bdb9d8 folded before Flop


Poker Hand #TM5586654058: Tournament #263402425, Bounty Hunters Special $8.88 Hold'em No Limit - Level5(100/200(30)) - 2026/02/14 22:13:39
Table '78' 8-max Seat #3 is the button
Seat 1: 712525a2 (6,838 in chips)
Seat 2: c46ce3c2 (32,563 in chips)
Seat 3: aa70e215 (11,511 in chips)
Seat 4: d838c406 (9,999 in chips)
Seat 5: 1d7f9a2c (16,740 in chips)
Seat 6: Hero (5,310 in chips)
Seat 7: 5d7390d3 (9,940 in chips)
Seat 8: e5bdb9d8 (19,873 in chips)
e5bdb9d8: posts the ante 30
Hero: posts the ante 30
5d7390d3: posts the ante 30
c46ce3c2: posts the ante 30
712525a2: posts the ante 30
aa70e215: posts the ante 30
1d7f9a2c: posts the ante 30
d838c406: posts the ante 30
d838c406: posts small blind 100
1d7f9a2c: posts big blind 200
*** HOLE CARDS ***
Dealt to 712525a2 
Dealt to c46ce3c2 
Dealt to aa70e215 
Dealt to d838c406 
Dealt to 1d7f9a2c 
Dealt to Hero [Tc 3c]
Dealt to 5d7390d3 
Dealt to e5bdb9d8 
Hero: folds
5d7390d3: folds
e5bdb9d8: folds
712525a2: raises 200 to 400
c46ce3c2: folds
aa70e215: calls 400
d838c406: calls 300
1d7f9a2c: calls 200
*** FLOP *** [Ac Td 7d]
d838c406: checks
1d7f9a2c: checks
712525a2: bets 608
aa70e215: folds
d838c406: folds
1d7f9a2c: calls 608
*** TURN *** [Ac Td 7d] [7h]
1d7f9a2c: bets 1,009
712525a2: calls 1,009
*** RIVER *** [Ac Td 7d 7h] [Ah]
1d7f9a2c: bets 2,537
712525a2: raises 2,254 to 4,791 and is all-in
1d7f9a2c: calls 2,254
712525a2: shows [7c Ad] (a full house, Aces full of Sevens)
1d7f9a2c: shows [4s 4c] (two pair, Aces and Sevens)
*** SHOWDOWN ***
712525a2 collected 14,656 from pot
*** SUMMARY ***
Total pot 14,656 | Rake 0 | Jackpot 0 | Bingo 0 | Fortune 0 | Tax 0
Board [Ac Td 7d 7h Ah]
Seat 1: 712525a2 showed [7c Ad] and won (14,656) with a full house, Aces full of Sevens
Seat 2: c46ce3c2 folded before Flop
Seat 3: aa70e215 (button) folded on the Flop
Seat 4: d838c406 (small blind) folded on the Flop
Seat 5: 1d7f9a2c (big blind) showed [4s 4c] and lost with two pair, Aces and Sevens
Seat 6: Hero folded before Flop
Seat 7: 5d7390d3 folded before Flop
Seat 8: e5bdb9d8 folded before Flop


Poker Hand #TM5586654049: Tournament #263402425, Bounty Hunters Special $8.88 Hold'em No Limit - Level5(100/200(30)) - 2026/02/14 22:13:12
Table '78' 8-max Seat #2 is the button
Seat 1: 712525a2 (6,868 in chips)
Seat 2: c46ce3c2 (32,593 in chips)
Seat 3: aa70e215 (11,641 in chips)
Seat 4: d838c406 (10,229 in chips)
Seat 5: 1d7f9a2c (16,230 in chips)
Seat 6: Hero (5,340 in chips)
Seat 7: 5d7390d3 (9,970 in chips)
Seat 8: e5bdb9d8 (19,903 in chips)
e5bdb9d8: posts the ante 30
Hero: posts the ante 30
5d7390d3: posts the ante 30
c46ce3c2: posts the ante 30
712525a2: posts the ante 30
1d7f9a2c: posts the ante 30
d838c406: posts the ante 30
aa70e215: posts the ante 30
aa70e215: posts small blind 100
d838c406: posts big blind 200
*** HOLE CARDS ***
Dealt to 712525a2 
Dealt to c46ce3c2 
Dealt to aa70e215 
Dealt to d838c406 
Dealt to 1d7f9a2c 
Dealt to Hero [9d 4h]
Dealt to 5d7390d3 
Dealt to e5bdb9d8 
1d7f9a2c: raises 200 to 400
Hero: folds
5d7390d3: folds
e5bdb9d8: folds
712525a2: folds
c46ce3c2: folds
aa70e215: folds
d838c406: folds
Uncalled bet (200) returned to 1d7f9a2c
*** SHOWDOWN ***
1d7f9a2c collected 740 from pot
*** SUMMARY ***
Total pot 740 | Rake 0 | Jackpot 0 | Bingo 0 | Fortune 0 | Tax 0
Seat 1: 712525a2 folded before Flop
Seat 2: c46ce3c2 (button) folded before Flop
Seat 3: aa70e215 (small blind) folded before Flop
Seat 4: d838c406 (big blind) folded before Flop
Seat 5: 1d7f9a2c collected (740)
Seat 6: Hero folded before Flop
Seat 7: 5d7390d3 folded before Flop
Seat 8: e5bdb9d8 folded before Flop


Poker Hand #TM5586654019: Tournament #263402425, Bounty Hunters Special $8.88 Hold'em No Limit - Level5(100/200(30)) - 2026/02/14 22:11:53
Table '78' 8-max Seat #1 is the button
Seat 1: 712525a2 (7,906 in chips)
Seat 2: c46ce3c2 (33,023 in chips)
Seat 3: aa70e215 (14,511 in chips)
Seat 4: d838c406 (10,259 in chips)
Seat 5: 1d7f9a2c (16,260 in chips)
Seat 6: Hero (5,370 in chips)
Seat 7: 5d7390d3 (10,000 in chips)
Seat 8: e5bdb9d8 (15,445 in chips)
e5bdb9d8: posts the ante 30
Hero: posts the ante 30
5d7390d3: posts the ante 30
c46ce3c2: posts the ante 30
712525a2: posts the ante 30
1d7f9a2c: posts the ante 30
d838c406: posts the ante 30
aa70e215: posts the ante 30
c46ce3c2: posts small blind 100
aa70e215: posts big blind 200
*** HOLE CARDS ***
Dealt to 712525a2 
Dealt to c46ce3c2 
Dealt to aa70e215 
Dealt to d838c406 
Dealt to 1d7f9a2c 
Dealt to Hero [9s Qc]
Dealt to 5d7390d3 
Dealt to e5bdb9d8 
d838c406: folds
1d7f9a2c: folds
Hero: folds
5d7390d3: folds
e5bdb9d8: raises 200 to 400
712525a2: calls 400
c46ce3c2: calls 300
aa70e215: calls 200
*** FLOP *** [7s Ks Jh]
c46ce3c2: checks
aa70e215: bets 608
e5bdb9d8: calls 608
712525a2: calls 608
c46ce3c2: folds
*** TURN *** [7s Ks Jh] [8s]
aa70e215: bets 1,832
e5bdb9d8: calls 1,832
712525a2: folds
*** RIVER *** [7s Ks Jh 8s] [6s]
aa70e215: checks
e5bdb9d8: bets 12,575 and is all-in
aa70e215: folds
Uncalled bet (12,575) returned to e5bdb9d8
aa70e215: shows [7h 8d] (two pair, Eights and Sevens)
e5bdb9d8: shows [5s 4s] (a straight flush, Eight to Four)
*** SHOWDOWN ***
e5bdb9d8 collected 7,328 from pot
*** SUMMARY ***
Total pot 7,328 | Rake 0 | Jackpot 0 | Bingo 0 | Fortune 0 | Tax 0
Board [7s Ks Jh 8s 6s]
Seat 1: 712525a2 (button) folded on the Turn
Seat 2: c46ce3c2 (small blind) folded on the Flop
Seat 3: aa70e215 (big blind) folded on the River
Seat 4: d838c406 folded before Flop
Seat 5: 1d7f9a2c folded before Flop
Seat 6: Hero folded before Flop
Seat 7: 5d7390d3 folded before Flop
Seat 8: e5bdb9d8 showed [5s 4s] and won (7,328)


Poker Hand #TM5586653999: Tournament #263402425, Bounty Hunters Special $8.88 Hold'em No Limit - Level5(100/200(30)) - 2026/02/14 22:10:49
Table '78' 8-max Seat #8 is the button
Seat 1: 712525a2 (8,336 in chips)
Seat 2: c46ce3c2 (32,043 in chips)
Seat 3: aa70e215 (14,541 in chips)
Seat 4: d838c406 (10,289 in chips)
Seat 5: 1d7f9a2c (16,290 in chips)
Seat 6: Hero (5,400 in chips)
Seat 8: e5bdb9d8 (15,875 in chips)
e5bdb9d8: posts the ante 30
Hero: posts the ante 30
c46ce3c2: posts the ante 30
712525a2: posts the ante 30
1d7f9a2c: posts the ante 30
d838c406: posts the ante 30
aa70e215: posts the ante 30
712525a2: posts small blind 100
c46ce3c2: posts big blind 200
*** HOLE CARDS ***
Dealt to 712525a2 
Dealt to c46ce3c2 
Dealt to aa70e215 
Dealt to d838c406 
Dealt to 1d7f9a2c 
Dealt to Hero [5d Th]
Dealt to e5bdb9d8 
aa70e215: folds
d838c406: folds
1d7f9a2c: folds
Hero: folds
e5bdb9d8: raises 200 to 400
712525a2: calls 300
c46ce3c2: calls 200
*** FLOP *** [7d 9c 6d]
712525a2: checks
c46ce3c2: checks
e5bdb9d8: checks
*** TURN *** [7d 9c 6d] [2c]
712525a2: checks
c46ce3c2: bets 635
e5bdb9d8: folds
712525a2: folds
Uncalled bet (635) returned to c46ce3c2
*** SHOWDOWN ***
c46ce3c2 collected 1,410 from pot
*** SUMMARY ***
Total pot 1,410 | Rake 0 | Jackpot 0 | Bingo 0 | Fortune 0 | Tax 0
Board [7d 9c 6d 2c]
Seat 1: 712525a2 (small blind) folded on the Turn
Seat 2: c46ce3c2 (big blind) won (1,410)
Seat 3: aa70e215 folded before Flop
Seat 4: d838c406 folded before Flop
Seat 5: 1d7f9a2c folded before Flop
Seat 6: Hero folded before Flop
Seat 8: e5bdb9d8 (button) folded on the Turn


Poker Hand #TM5586653966: Tournament #263402425, Bounty Hunters Special $8.88 Hold'em No Limit - Level5(100/200(30)) - 2026/02/14 22:09:10
Table '78' 8-max Seat #6 is the button
Seat 1: 712525a2 (8,366 in chips)
Seat 2: c46ce3c2 (23,512 in chips)
Seat 3: aa70e215 (14,571 in chips)
Seat 4: d838c406 (10,319 in chips)
Seat 5: 1d7f9a2c (16,320 in chips)
Seat 6: Hero (6,835 in chips)
Seat 7: 296a9b8a (6,746 in chips)
Seat 8: e5bdb9d8 (16,105 in chips)
e5bdb9d8: posts the ante 30
Hero: posts the ante 30
296a9b8a: posts the ante 30
c46ce3c2: posts the ante 30
712525a2: posts the ante 30
1d7f9a2c: posts the ante 30
d838c406: posts the ante 30
aa70e215: posts the ante 30
296a9b8a: posts small blind 100
e5bdb9d8: posts big blind 200
*** HOLE CARDS ***
Dealt to 712525a2 
Dealt to c46ce3c2 
Dealt to aa70e215 
Dealt to d838c406 
Dealt to 1d7f9a2c 
Dealt to Hero [Td Ah]
Dealt to 296a9b8a 
Dealt to e5bdb9d8 
712525a2: folds
c46ce3c2: raises 200 to 400
aa70e215: folds
d838c406: folds
1d7f9a2c: folds
Hero: raises 1,005 to 1,405
296a9b8a: calls 1,305
e5bdb9d8: folds
c46ce3c2: raises 22,077 to 23,482 and is all-in
Hero: folds
296a9b8a: calls 5,311 and is all-in
Uncalled bet (16,766) returned to c46ce3c2
c46ce3c2: shows [Jh Jd]
296a9b8a: shows [7s 6s]
*** FLOP *** [Kd 4d Ks]
*** TURN *** [Kd 4d Ks] [6h]
*** RIVER *** [Kd 4d Ks 6h] [8c]
*** SHOWDOWN ***
c46ce3c2 collected 15,277 from pot
*** SUMMARY ***
Total pot 15,277 | Rake 0 | Jackpot 0 | Bingo 0 | Fortune 0 | Tax 0
Board [Kd 4d Ks 6h 8c]
Seat 1: 712525a2 folded before Flop
Seat 2: c46ce3c2 showed [Jh Jd] and won (15,277) with two pair, Kings and Jacks
Seat 3: aa70e215 folded before Flop
Seat 4: d838c406 folded before Flop
Seat 5: 1d7f9a2c folded before Flop
Seat 6: Hero (button) folded before Flop
Seat 7: 296a9b8a (small blind) showed [7s 6s] and lost with two pair, Kings and Sixes
Seat 8: e5bdb9d8 (big blind) folded before Flop


Poker Hand #TM5586653959: Tournament #263402425, Bounty Hunters Special $8.88 Hold'em No Limit - Level4(80/160(25)) - 2026/02/14 22:08:49
Table '78' 8-max Seat #5 is the button
Seat 1: 712525a2 (8,391 in chips)
Seat 2: c46ce3c2 (23,537 in chips)
Seat 3: aa70e215 (14,156 in chips)
Seat 4: d838c406 (10,344 in chips)
Seat 5: 1d7f9a2c (16,345 in chips)
Seat 6: Hero (6,940 in chips)
Seat 7: 296a9b8a (6,931 in chips)
Seat 8: e5bdb9d8 (16,130 in chips)
e5bdb9d8: posts the ante 25
Hero: posts the ante 25
296a9b8a: posts the ante 25
c46ce3c2: posts the ante 25
712525a2: posts the ante 25
1d7f9a2c: posts the ante 25
d838c406: posts the ante 25
aa70e215: posts the ante 25
Hero: posts small blind 80
296a9b8a: posts big blind 160
*** HOLE CARDS ***
Dealt to 712525a2 
Dealt to c46ce3c2 
Dealt to aa70e215 
Dealt to d838c406 
Dealt to 1d7f9a2c 
Dealt to Hero [4d 9s]
Dealt to 296a9b8a 
Dealt to e5bdb9d8 
e5bdb9d8: folds
712525a2: folds
c46ce3c2: folds
aa70e215: raises 320 to 480
d838c406: folds
1d7f9a2c: folds
Hero: folds
296a9b8a: folds
Uncalled bet (320) returned to aa70e215
*** SHOWDOWN ***
aa70e215 collected 600 from pot
*** SUMMARY ***
Total pot 600 | Rake 0 | Jackpot 0 | Bingo 0 | Fortune 0 | Tax 0
Seat 1: 712525a2 folded before Flop
Seat 2: c46ce3c2 folded before Flop
Seat 3: aa70e215 collected (600)
Seat 4: d838c406 folded before Flop
Seat 5: 1d7f9a2c (button) folded before Flop
Seat 6: Hero (small blind) folded before Flop
Seat 7: 296a9b8a (big blind) folded before Flop
Seat 8: e5bdb9d8 folded before Flop


Poker Hand #TM5586653924: Tournament #263402425, Bounty Hunters Special $8.88 Hold'em No Limit - Level4(80/160(25)) - 2026/02/14 22:07:14
Table '78' 8-max Seat #4 is the button
Seat 1: 712525a2 (9,856 in chips)
Seat 2: c46ce3c2 (23,562 in chips)
Seat 3: aa70e215 (14,661 in chips)
Seat 4: d838c406 (10,369 in chips)
Seat 5: 1d7f9a2c (16,450 in chips)
Seat 6: Hero (7,125 in chips)
Seat 7: 296a9b8a (4,596 in chips)
Seat 8: e5bdb9d8 (16,155 in chips)
e5bdb9d8: posts the ante 25
Hero: posts the ante 25
296a9b8a: posts the ante 25
c46ce3c2: posts the ante 25
712525a2: posts the ante 25
d838c406: posts the ante 25
aa70e215: posts the ante 25
1d7f9a2c: posts the ante 25
1d7f9a2c: posts small blind 80
Hero: posts big blind 160
*** HOLE CARDS ***
Dealt to 712525a2 
Dealt to c46ce3c2 
Dealt to aa70e215 
Dealt to d838c406 
Dealt to 1d7f9a2c 
Dealt to Hero [Td 4h]
Dealt to 296a9b8a 
Dealt to e5bdb9d8 
296a9b8a: raises 320 to 480
e5bdb9d8: folds
712525a2: calls 480
c46ce3c2: folds
aa70e215: calls 480
d838c406: folds
1d7f9a2c: folds
Hero: folds
*** FLOP *** [9s 8s Qs]
296a9b8a: checks
712525a2: checks
aa70e215: checks
*** TURN *** [9s 8s Qs] [7d]
296a9b8a: checks
712525a2: checks
aa70e215: checks
*** RIVER *** [9s 8s Qs 7d] [5s]
296a9b8a: bets 960
712525a2: calls 960
aa70e215: folds
296a9b8a: shows [Ks Th] (a flush King high)
712525a2: shows [Kc Js] (a flush Queen high)
*** SHOWDOWN ***
296a9b8a collected 3,800 from pot
*** SUMMARY ***
Total pot 3,800 | Rake 0 | Jackpot 0 | Bingo 0 | Fortune 0 | Tax 0
Board [9s 8s Qs 7d 5s]
Seat 1: 712525a2 showed [Kc Js] and lost with a flush Queen high
Seat 2: c46ce3c2 folded before Flop
Seat 3: aa70e215 folded on the River
Seat 4: d838c406 (button) folded before Flop
Seat 5: 1d7f9a2c (small blind) folded before Flop
Seat 6: Hero (big blind) folded before Flop
Seat 7: 296a9b8a showed [Ks Th] and won (3,800) with a flush King high
Seat 8: e5bdb9d8 folded before Flop


Poker Hand #TM5586653901: Tournament #263402425, Bounty Hunters Special $8.88 Hold'em No Limit - Level4(80/160(25)) - 2026/02/14 22:06:12
Table '78' 8-max Seat #3 is the button
Seat 1: 712525a2 (9,881 in chips)
Seat 2: c46ce3c2 (23,587 in chips)
Seat 3: aa70e215 (14,686 in chips)
Seat 4: d838c406 (10,474 in chips)
Seat 5: 1d7f9a2c (16,635 in chips)
Seat 6: Hero (8,110 in chips)
Seat 7: 296a9b8a (4,621 in chips)
Seat 8: e5bdb9d8 (14,780 in chips)
e5bdb9d8: posts the ante 25
Hero: posts the ante 25
296a9b8a: posts the ante 25
c46ce3c2: posts the ante 25
712525a2: posts the ante 25
aa70e215: posts the ante 25
1d7f9a2c: posts the ante 25
d838c406: posts the ante 25
d838c406: posts small blind 80
1d7f9a2c: posts big blind 160
*** HOLE CARDS ***
Dealt to 712525a2 
Dealt to c46ce3c2 
Dealt to aa70e215 
Dealt to d838c406 
Dealt to 1d7f9a2c 
Dealt to Hero [3d 3s]
Dealt to 296a9b8a 
Dealt to e5bdb9d8 
Hero: raises 160 to 320
296a9b8a: folds
e5bdb9d8: raises 640 to 960
712525a2: folds
c46ce3c2: folds
aa70e215: folds
d838c406: folds
1d7f9a2c: folds
Hero: calls 640
*** FLOP *** [Ac 7c Js]
Hero: checks
e5bdb9d8: bets 638
Hero: folds
Uncalled bet (638) returned to e5bdb9d8
*** SHOWDOWN ***
e5bdb9d8 collected 2,360 from pot
*** SUMMARY ***
Total pot 2,360 | Rake 0 | Jackpot 0 | Bingo 0 | Fortune 0 | Tax 0
Board [Ac 7c Js]
Seat 1: 712525a2 folded before Flop
Seat 2: c46ce3c2 folded before Flop
Seat 3: aa70e215 (button) folded before Flop
Seat 4: d838c406 (small blind) folded before Flop
Seat 5: 1d7f9a2c (big blind) folded before Flop
Seat 6: Hero folded on the Flop
Seat 7: 296a9b8a folded before Flop
Seat 8: e5bdb9d8 won (2,360)


Poker Hand #TM5586653874: Tournament #263402425, Bounty Hunters Special $8.88 Hold'em No Limit - Level4(80/160(25)) - 2026/02/14 22:05:00
Table '78' 8-max Seat #2 is the button
Seat 1: 712525a2 (9,906 in chips)
Seat 2: c46ce3c2 (26,364 in chips)
Seat 3: aa70e215 (14,791 in chips)
Seat 4: d838c406 (10,659 in chips)
Seat 5: 1d7f9a2c (11,868 in chips)
Seat 6: Hero (8,455 in chips)
Seat 7: 296a9b8a (5,926 in chips)
Seat 8: e5bdb9d8 (14,805 in chips)
e5bdb9d8: posts the ante 25
Hero: posts the ante 25
296a9b8a: posts the ante 25
c46ce3c2: posts the ante 25
712525a2: posts the ante 25
1d7f9a2c: posts the ante 25
d838c406: posts the ante 25
aa70e215: posts the ante 25
aa70e215: posts small blind 80
d838c406: posts big blind 160
*** HOLE CARDS ***
Dealt to 712525a2 
Dealt to c46ce3c2 
Dealt to aa70e215 
Dealt to d838c406 
Dealt to 1d7f9a2c 
Dealt to Hero [2s Ks]
Dealt to 296a9b8a 
Dealt to e5bdb9d8 
1d7f9a2c: calls 160
Hero: raises 160 to 320
296a9b8a: calls 320
e5bdb9d8: folds
712525a2: folds
c46ce3c2: raises 960 to 1,280
aa70e215: folds
d838c406: folds
1d7f9a2c: calls 1,120
Hero: folds
296a9b8a: calls 960
*** FLOP *** [Ac As 3h]
1d7f9a2c: checks
296a9b8a: checks
c46ce3c2: bets 1,472
1d7f9a2c: raises 2,490 to 3,962
296a9b8a: folds
c46ce3c2: folds
Uncalled bet (2,490) returned to 1d7f9a2c
*** SHOWDOWN ***
1d7f9a2c collected 7,544 from pot
*** SUMMARY ***
Total pot 7,544 | Rake 0 | Jackpot 0 | Bingo 0 | Fortune 0 | Tax 0
Board [Ac As 3h]
Seat 1: 712525a2 folded before Flop
Seat 2: c46ce3c2 (button) folded on the Flop
Seat 3: aa70e215 (small blind) folded before Flop
Seat 4: d838c406 (big blind) folded before Flop
Seat 5: 1d7f9a2c won (7,544)
Seat 6: Hero folded before Flop
Seat 7: 296a9b8a folded on the Flop
Seat 8: e5bdb9d8 folded before Flop


Poker Hand #TM5586653848: Tournament #263402425, Bounty Hunters Special $8.88 Hold'em No Limit - Level4(80/160(25)) - 2026/02/14 22:03:37
Table '78' 8-max Seat #1 is the button
Seat 1: 712525a2 (9,931 in chips)
Seat 2: c46ce3c2 (25,860 in chips)
Seat 3: aa70e215 (15,245 in chips)
Seat 4: d838c406 (10,155 in chips)
Seat 5: 1d7f9a2c (12,322 in chips)
Seat 6: Hero (8,480 in chips)
Seat 7: 296a9b8a (5,951 in chips)
Seat 8: e5bdb9d8 (14,830 in chips)
e5bdb9d8: posts the ante 25
Hero: posts the ante 25
296a9b8a: posts the ante 25
c46ce3c2: posts the ante 25
712525a2: posts the ante 25
1d7f9a2c: posts the ante 25
d838c406: posts the ante 25
aa70e215: posts the ante 25
c46ce3c2: posts small blind 80
aa70e215: posts big blind 160
*** HOLE CARDS ***
Dealt to 712525a2 
Dealt to c46ce3c2 
Dealt to aa70e215 
Dealt to d838c406 
Dealt to 1d7f9a2c 
Dealt to Hero [2c 4c]
Dealt to 296a9b8a 
Dealt to e5bdb9d8 
d838c406: calls 160
1d7f9a2c: calls 160
Hero: folds
296a9b8a: folds
e5bdb9d8: folds
712525a2: folds
c46ce3c2: calls 80
aa70e215: checks
*** FLOP *** [5s 8h 7s]
c46ce3c2: bets 269
aa70e215: calls 269
d838c406: calls 269
1d7f9a2c: calls 269
*** TURN *** [5s 8h 7s] [9d]
c46ce3c2: bets 614
aa70e215: folds
d838c406: raises 1,572 to 2,186
1d7f9a2c: folds
c46ce3c2: calls 1,572
*** RIVER *** [5s 8h 7s 9d] [2s]
c46ce3c2: checks
d838c406: bets 2,076
c46ce3c2: calls 2,076
d838c406: shows [Kd 6h] (a straight, Nine to Five)
c46ce3c2: shows [Ah 6d] (a straight, Nine to Five)
*** SHOWDOWN ***
d838c406 collected 5,220 from pot
c46ce3c2 collected 5,220 from pot
*** SUMMARY ***
Total pot 10,440 | Rake 0 | Jackpot 0 | Bingo 0 | Fortune 0 | Tax 0
Board [5s 8h 7s 9d 2s]
Seat 1: 712525a2 (button) folded before Flop
Seat 2: c46ce3c2 (small blind) showed [Ah 6d] and won (5,220) with a straight, Nine to Five
Seat 3: aa70e215 (big blind) folded on the Turn
Seat 4: d838c406 showed [Kd 6h] and won (5,220) with a straight, Nine to Five
Seat 5: 1d7f9a2c folded on the Turn
Seat 6: Hero folded before Flop
Seat 7: 296a9b8a folded before Flop
Seat 8: e5bdb9d8 folded before Flop


Poker Hand #TM5586653822: Tournament #263402425, Bounty Hunters Special $8.88 Hold'em No Limit - Level4(80/160(25)) - 2026/02/14 22:01:54
Table '78' 8-max Seat #8 is the button
Seat 1: 712525a2 (10,116 in chips)
Seat 2: c46ce3c2 (25,705 in chips)
Seat 3: aa70e215 (15,270 in chips)
Seat 4: d838c406 (10,000 in chips)
Seat 5: 1d7f9a2c (12,347 in chips)
Seat 6: Hero (8,505 in chips)
Seat 7: 296a9b8a (5,976 in chips)
Seat 8: e5bdb9d8 (14,855 in chips)
e5bdb9d8: posts the ante 25
Hero: posts the ante 25
296a9b8a: posts the ante 25
c46ce3c2: posts the ante 25
712525a2: posts the ante 25
1d7f9a2c: posts the ante 25
d838c406: posts the ante 25
aa70e215: posts the ante 25
712525a2: posts small blind 80
c46ce3c2: posts big blind 160
*** HOLE CARDS ***
Dealt to 712525a2 
Dealt to c46ce3c2 
Dealt to aa70e215 
Dealt to d838c406 
Dealt to 1d7f9a2c 
Dealt to Hero [3d 4d]
Dealt to 296a9b8a 
Dealt to e5bdb9d8 
aa70e215: folds
d838c406: calls 160
1d7f9a2c: folds
Hero: folds
296a9b8a: folds
e5bdb9d8: folds
712525a2: calls 80
c46ce3c2: checks
*** FLOP *** [Td 8d Qh]
712525a2: checks
c46ce3c2: checks
d838c406: checks
*** TURN *** [Td 8d Qh] [Js]
712525a2: checks
c46ce3c2: checks
d838c406: checks
*** RIVER *** [Td 8d Qh Js] [Ks]
712525a2: checks
c46ce3c2: bets 306
d838c406: raises 427 to 733
712525a2: folds
c46ce3c2: calls 427
d838c406: shows [Ac 3h] (a straight, Ace to Ten)
c46ce3c2: shows [6c As] (a straight, Ace to Ten)
*** SHOWDOWN ***
d838c406 collected 1,073 from pot
c46ce3c2 collected 1,073 from pot
*** SUMMARY ***
Total pot 2,146 | Rake 0 | Jackpot 0 | Bingo 0 | Fortune 0 | Tax 0
Board [Td 8d Qh Js Ks]
Seat 1: 712525a2 (small blind) folded on the River
Seat 2: c46ce3c2 (big blind) showed [6c As] and won (1,073) with a straight, Ace to Ten
Seat 3: aa70e215 folded before Flop
Seat 4: d838c406 showed [Ac 3h] and won (1,073) with a straight, Ace to Ten
Seat 5: 1d7f9a2c folded before Flop
Seat 6: Hero folded before Flop
Seat 7: 296a9b8a folded before Flop
Seat 8: e5bdb9d8 (button) folded before Flop


Poker Hand #TM5586653794: Tournament #263402425, Bounty Hunters Special $8.88 Hold'em No Limit - Level4(80/160(25)) - 2026/02/14 21:54:19
Table '78' 8-max Seat #7 is the button
Seat 1: 712525a2 (10,461 in chips)
Seat 2: c46ce3c2 (15,254 in chips)
Seat 3: aa70e215 (15,295 in chips)
Seat 4: 5a84bb6b (9,901 in chips)
Seat 5: 1d7f9a2c (12,372 in chips)
Seat 6: Hero (8,530 in chips)
Seat 7: 296a9b8a (6,001 in chips)
Seat 8: e5bdb9d8 (14,960 in chips)
e5bdb9d8: posts the ante 25
Hero: posts the ante 25
5a84bb6b: posts the ante 25
296a9b8a: posts the ante 25
c46ce3c2: posts the ante 25
712525a2: posts the ante 25
1d7f9a2c: posts the ante 25
aa70e215: posts the ante 25
e5bdb9d8: posts small blind 80
712525a2: posts big blind 160
*** HOLE CARDS ***
Dealt to 712525a2 
Dealt to c46ce3c2 
Dealt to aa70e215 
Dealt to 5a84bb6b 
Dealt to 1d7f9a2c 
Dealt to Hero [3c Jd]
Dealt to 296a9b8a 
Dealt to e5bdb9d8 
c46ce3c2: raises 160 to 320
aa70e215: folds
5a84bb6b: calls 320
1d7f9a2c: folds
Hero: folds
296a9b8a: folds
e5bdb9d8: folds
712525a2: calls 160
*** FLOP *** [Td 9h Ac]
712525a2: checks
c46ce3c2: bets 718
5a84bb6b: raises 8,838 to 9,556 and is all-in
712525a2: folds
c46ce3c2: calls 8,838
5a84bb6b: shows [As Kc] (a pair of Aces)
c46ce3c2: shows [Th Ad] (two pair, Aces and Tens)
*** TURN *** [Td 9h Ac] [2c]
*** RIVER *** [Td 9h Ac 2c] [Qd]
*** SHOWDOWN ***
c46ce3c2 collected 20,352 from pot
*** SUMMARY ***
Total pot 20,352 | Rake 0 | Jackpot 0 | Bingo 0 | Fortune 0 | Tax 0
Board [Td 9h Ac 2c Qd]
Seat 1: 712525a2 (big blind) folded on the Flop
Seat 2: c46ce3c2 showed [Th Ad] and won (20,352) with two pair, Aces and Tens
Seat 3: aa70e215 folded before Flop
Seat 4: 5a84bb6b showed [As Kc] and lost with a pair of Aces
Seat 5: 1d7f9a2c folded before Flop
Seat 6: Hero folded before Flop
Seat 7: 296a9b8a (button) folded before Flop
Seat 8: e5bdb9d8 (small blind) folded before Flop


Poker Hand #TM5586653776: Tournament #263402425, Bounty Hunters Special $8.88 Hold'em No Limit - Level3(70/140(20)) - 2026/02/14 21:53:20
Table '78' 8-max Seat #6 is the button
Seat 1: 712525a2 (10,481 in chips)
Seat 2: c46ce3c2 (15,274 in chips)
Seat 3: aa70e215 (15,735 in chips)
Seat 4: 5a84bb6b (9,131 in chips)
Seat 5: 1d7f9a2c (12,392 in chips)
Seat 6: Hero (8,550 in chips)
Seat 7: 296a9b8a (6,091 in chips)
Seat 8: e5bdb9d8 (15,120 in chips)
e5bdb9d8: posts the ante 20
Hero: posts the ante 20
5a84bb6b: posts the ante 20
296a9b8a: posts the ante 20
c46ce3c2: posts the ante 20
712525a2: posts the ante 20
1d7f9a2c: posts the ante 20
aa70e215: posts the ante 20
296a9b8a: posts small blind 70
e5bdb9d8: posts big blind 140
*** HOLE CARDS ***
Dealt to 712525a2 
Dealt to c46ce3c2 
Dealt to aa70e215 
Dealt to 5a84bb6b 
Dealt to 1d7f9a2c 
Dealt to Hero [2c Th]
Dealt to 296a9b8a 
Dealt to e5bdb9d8 
712525a2: folds
c46ce3c2: folds
aa70e215: raises 280 to 420
5a84bb6b: raises 8,691 to 9,111 and is all-in
1d7f9a2c: folds
Hero: folds
296a9b8a: folds
e5bdb9d8: folds
aa70e215: folds
Uncalled bet (8,691) returned to 5a84bb6b
*** SHOWDOWN ***
5a84bb6b collected 1,210 from pot
*** SUMMARY ***
Total pot 1,210 | Rake 0 | Jackpot 0 | Bingo 0 | Fortune 0 | Tax 0
Seat 1: 712525a2 folded before Flop
Seat 2: c46ce3c2 folded before Flop
Seat 3: aa70e215 folded before Flop
Seat 4: 5a84bb6b collected (1,210)
Seat 5: 1d7f9a2c folded before Flop
Seat 6: Hero (button) folded before Flop
Seat 7: 296a9b8a (small blind) folded before Flop
Seat 8: e5bdb9d8 (big blind) folded before Flop


Poker Hand #TM5586653760: Tournament #263402425, Bounty Hunters Special $8.88 Hold'em No Limit - Level3(70/140(20)) - 2026/02/14 21:52:13
Table '78' 8-max Seat #5 is the button
Seat 1: 712525a2 (10,501 in chips)
Seat 2: c46ce3c2 (15,939 in chips)
Seat 3: aa70e215 (16,035 in chips)
Seat 4: 5a84bb6b (9,151 in chips)
Seat 5: 1d7f9a2c (12,412 in chips)
Seat 6: Hero (7,345 in chips)
Seat 7: 296a9b8a (6,251 in chips)
Seat 8: e5bdb9d8 (15,140 in chips)
e5bdb9d8: posts the ante 20
Hero: posts the ante 20
5a84bb6b: posts the ante 20
296a9b8a: posts the ante 20
c46ce3c2: posts the ante 20
712525a2: posts the ante 20
1d7f9a2c: posts the ante 20
aa70e215: posts the ante 20
Hero: posts small blind 70
296a9b8a: posts big blind 140
*** HOLE CARDS ***
Dealt to 712525a2 
Dealt to c46ce3c2 
Dealt to aa70e215 
Dealt to 5a84bb6b 
Dealt to 1d7f9a2c 
Dealt to Hero [5c Ad]
Dealt to 296a9b8a 
Dealt to e5bdb9d8 
e5bdb9d8: folds
712525a2: folds
c46ce3c2: raises 140 to 280
aa70e215: calls 280
5a84bb6b: folds
1d7f9a2c: folds
Hero: calls 210
296a9b8a: folds
*** FLOP *** [2s 4c Kc]
Hero: checks
c46ce3c2: bets 365
aa70e215: folds
Hero: calls 365
*** TURN *** [2s 4c Kc] [3d]
Hero: checks
c46ce3c2: checks
*** RIVER *** [2s 4c Kc 3d] [6d]
Hero: bets 1,870
c46ce3c2: folds
Uncalled bet (1,870) returned to Hero
*** SHOWDOWN ***
Hero collected 1,870 from pot
*** SUMMARY ***
Total pot 1,870 | Rake 0 | Jackpot 0 | Bingo 0 | Fortune 0 | Tax 0
Board [2s 4c Kc 3d 6d]
Seat 1: 712525a2 folded before Flop
Seat 2: c46ce3c2 folded on the River
Seat 3: aa70e215 folded on the Flop
Seat 4: 5a84bb6b folded before Flop
Seat 5: 1d7f9a2c (button) folded before Flop
Seat 6: Hero (small blind) won (1,870)
Seat 7: 296a9b8a (big blind) folded before Flop
Seat 8: e5bdb9d8 folded before Flop


Poker Hand #TM5586653742: Tournament #263402425, Bounty Hunters Special $8.88 Hold'em No Limit - Level3(70/140(20)) - 2026/02/14 21:50:38
Table '78' 8-max Seat #4 is the button
Seat 1: 712525a2 (11,155 in chips)
Seat 2: c46ce3c2 (15,959 in chips)
Seat 3: aa70e215 (14,911 in chips)
Seat 4: 5a84bb6b (9,171 in chips)
Seat 5: 1d7f9a2c (12,502 in chips)
Seat 6: Hero (7,645 in chips)
Seat 7: 296a9b8a (6,271 in chips)
Seat 8: e5bdb9d8 (15,160 in chips)
e5bdb9d8: posts the ante 20
Hero: posts the ante 20
5a84bb6b: posts the ante 20
296a9b8a: posts the ante 20
c46ce3c2: posts the ante 20
712525a2: posts the ante 20
aa70e215: posts the ante 20
1d7f9a2c: posts the ante 20
1d7f9a2c: posts small blind 70
Hero: posts big blind 140
*** HOLE CARDS ***
Dealt to 712525a2 
Dealt to c46ce3c2 
Dealt to aa70e215 
Dealt to 5a84bb6b 
Dealt to 1d7f9a2c 
Dealt to Hero [2s Ac]
Dealt to 296a9b8a 
Dealt to e5bdb9d8 
296a9b8a: folds
e5bdb9d8: folds
712525a2: raises 140 to 280
c46ce3c2: folds
aa70e215: calls 280
5a84bb6b: folds
1d7f9a2c: folds
Hero: calls 140
*** FLOP *** [Th Qh 8s]
Hero: checks
712525a2: bets 354
aa70e215: calls 354
Hero: folds
*** TURN *** [Th Qh 8s] [Td]
712525a2: checks
aa70e215: checks
*** RIVER *** [Th Qh 8s Td] [Jc]
712525a2: checks
aa70e215: bets 2,000
712525a2: folds
Uncalled bet (2,000) returned to aa70e215
*** SHOWDOWN ***
aa70e215 collected 1,778 from pot
*** SUMMARY ***
Total pot 1,778 | Rake 0 | Jackpot 0 | Bingo 0 | Fortune 0 | Tax 0
Board [Th Qh 8s Td Jc]
Seat 1: 712525a2 folded on the River
Seat 2: c46ce3c2 folded before Flop
Seat 3: aa70e215 won (1,778)
Seat 4: 5a84bb6b (button) folded before Flop
Seat 5: 1d7f9a2c (small blind) folded before Flop
Seat 6: Hero (big blind) folded on the Flop
Seat 7: 296a9b8a folded before Flop
Seat 8: e5bdb9d8 folded before Flop


Poker Hand #TM5586653739: Tournament #263402425, Bounty Hunters Special $8.88 Hold'em No Limit - Level3(70/140(20)) - 2026/02/14 21:50:16
Table '78' 8-max Seat #3 is the button
Seat 1: 712525a2 (11,175 in chips)
Seat 2: c46ce3c2 (15,609 in chips)
Seat 3: aa70e215 (14,931 in chips)
Seat 4: 5a84bb6b (9,261 in chips)
Seat 5: 1d7f9a2c (12,662 in chips)
Seat 6: Hero (7,665 in chips)
Seat 7: 296a9b8a (6,291 in chips)
Seat 8: e5bdb9d8 (15,180 in chips)
e5bdb9d8: posts the ante 20
Hero: posts the ante 20
5a84bb6b: posts the ante 20
296a9b8a: posts the ante 20
c46ce3c2: posts the ante 20
712525a2: posts the ante 20
aa70e215: posts the ante 20
1d7f9a2c: posts the ante 20
5a84bb6b: posts small blind 70
1d7f9a2c: posts big blind 140
*** HOLE CARDS ***
Dealt to 712525a2 
Dealt to c46ce3c2 
Dealt to aa70e215 
Dealt to 5a84bb6b 
Dealt to 1d7f9a2c 
Dealt to Hero [Tc 3d]
Dealt to 296a9b8a 
Dealt to e5bdb9d8 
Hero: folds
296a9b8a: folds
e5bdb9d8: folds
712525a2: folds
c46ce3c2: raises 140 to 280
aa70e215: folds
5a84bb6b: folds
1d7f9a2c: folds
Uncalled bet (140) returned to c46ce3c2
*** SHOWDOWN ***
c46ce3c2 collected 510 from pot
*** SUMMARY ***
Total pot 510 | Rake 0 | Jackpot 0 | Bingo 0 | Fortune 0 | Tax 0
Seat 1: 712525a2 folded before Flop
Seat 2: c46ce3c2 collected (510)
Seat 3: aa70e215 (button) folded before Flop
Seat 4: 5a84bb6b (small blind) folded before Flop
Seat 5: 1d7f9a2c (big blind) folded before Flop
Seat 6: Hero folded before Flop
Seat 7: 296a9b8a folded before Flop
Seat 8: e5bdb9d8 folded before Flop


Poker Hand #TM5586653728: Tournament #263402425, Bounty Hunters Special $8.88 Hold'em No Limit - Level3(70/140(20)) - 2026/02/14 21:49:42
Table '78' 8-max Seat #2 is the button
Seat 1: 712525a2 (11,195 in chips)
Seat 2: c46ce3c2 (15,629 in chips)
Seat 3: aa70e215 (14,651 in chips)
Seat 4: 5a84bb6b (9,421 in chips)
Seat 5: 1d7f9a2c (12,682 in chips)
Seat 6: Hero (7,685 in chips)
Seat 7: 296a9b8a (6,311 in chips)
Seat 8: e5bdb9d8 (15,200 in chips)
e5bdb9d8: posts the ante 20
Hero: posts the ante 20
5a84bb6b: posts the ante 20
296a9b8a: posts the ante 20
c46ce3c2: posts the ante 20
712525a2: posts the ante 20
1d7f9a2c: posts the ante 20
aa70e215: posts the ante 20
aa70e215: posts small blind 70
5a84bb6b: posts big blind 140
*** HOLE CARDS ***
Dealt to 712525a2 
Dealt to c46ce3c2 
Dealt to aa70e215 
Dealt to 5a84bb6b 
Dealt to 1d7f9a2c 
Dealt to Hero [8h Td]
Dealt to 296a9b8a 
Dealt to e5bdb9d8 
1d7f9a2c: folds
Hero: folds
296a9b8a: folds
e5bdb9d8: folds
712525a2: folds
c46ce3c2: folds
aa70e215: raises 280 to 420
5a84bb6b: folds
Uncalled bet (280) returned to aa70e215
*** SHOWDOWN ***
aa70e215 collected 440 from pot
*** SUMMARY ***
Total pot 440 | Rake 0 | Jackpot 0 | Bingo 0 | Fortune 0 | Tax 0
Seat 1: 712525a2 folded before Flop
Seat 2: c46ce3c2 (button) folded before Flop
Seat 3: aa70e215 (small blind) collected (440)
Seat 4: 5a84bb6b (big blind) folded before Flop
Seat 5: 1d7f9a2c folded before Flop
Seat 6: Hero folded before Flop
Seat 7: 296a9b8a folded before Flop
Seat 8: e5bdb9d8 folded before Flop


Poker Hand #TM5586653718: Tournament #263402425, Bounty Hunters Special $8.88 Hold'em No Limit - Level3(70/140(20)) - 2026/02/14 21:49:08
Table '78' 8-max Seat #1 is the button
Seat 1: 712525a2 (11,215 in chips)
Seat 2: c46ce3c2 (15,719 in chips)
Seat 3: aa70e215 (14,811 in chips)
Seat 4: 5a84bb6b (9,441 in chips)
Seat 5: 1d7f9a2c (12,702 in chips)
Seat 6: Hero (7,705 in chips)
Seat 7: 296a9b8a (5,961 in chips)
Seat 8: e5bdb9d8 (15,220 in chips)
e5bdb9d8: posts the ante 20
Hero: posts the ante 20
5a84bb6b: posts the ante 20
296a9b8a: posts the ante 20
c46ce3c2: posts the ante 20
712525a2: posts the ante 20
1d7f9a2c: posts the ante 20
aa70e215: posts the ante 20
c46ce3c2: posts small blind 70
aa70e215: posts big blind 140
*** HOLE CARDS ***
Dealt to 712525a2 
Dealt to c46ce3c2 
Dealt to aa70e215 
Dealt to 5a84bb6b 
Dealt to 1d7f9a2c 
Dealt to Hero [Jh 5s]
Dealt to 296a9b8a 
Dealt to e5bdb9d8 
5a84bb6b: folds
1d7f9a2c: folds
Hero: folds
296a9b8a: raises 420 to 560
e5bdb9d8: folds
712525a2: folds
c46ce3c2: folds
aa70e215: folds
Uncalled bet (420) returned to 296a9b8a
*** SHOWDOWN ***
296a9b8a collected 510 from pot
*** SUMMARY ***
Total pot 510 | Rake 0 | Jackpot 0 | Bingo 0 | Fortune 0 | Tax 0
Seat 1: 712525a2 (button) folded before Flop
Seat 2: c46ce3c2 (small blind) folded before Flop
Seat 3: aa70e215 (big blind) folded before Flop
Seat 4: 5a84bb6b folded before Flop
Seat 5: 1d7f9a2c folded before Flop
Seat 6: Hero folded before Flop
Seat 7: 296a9b8a collected (510)
Seat 8: e5bdb9d8 folded before Flop


Poker Hand #TM5586653693: Tournament #263402425, Bounty Hunters Special $8.88 Hold'em No Limit - Level3(70/140(20)) - 2026/02/14 21:47:19
Table '78' 8-max Seat #8 is the button
Seat 1: 712525a2 (11,305 in chips)
Seat 2: c46ce3c2 (15,879 in chips)
Seat 3: aa70e215 (9,796 in chips)
Seat 4: 5a84bb6b (9,461 in chips)
Seat 5: 1d7f9a2c (12,722 in chips)
Seat 6: Hero (7,725 in chips)
Seat 7: 296a9b8a (10,646 in chips)
Seat 8: e5bdb9d8 (15,240 in chips)
e5bdb9d8: posts the ante 20
Hero: posts the ante 20
5a84bb6b: posts the ante 20
296a9b8a: posts the ante 20
c46ce3c2: posts the ante 20
712525a2: posts the ante 20
1d7f9a2c: posts the ante 20
aa70e215: posts the ante 20
712525a2: posts small blind 70
c46ce3c2: posts big blind 140
*** HOLE CARDS ***
Dealt to 712525a2 
Dealt to c46ce3c2 
Dealt to aa70e215 
Dealt to 5a84bb6b 
Dealt to 1d7f9a2c 
Dealt to Hero [4d 2h]
Dealt to 296a9b8a 
Dealt to e5bdb9d8 
aa70e215: raises 280 to 420
5a84bb6b: folds
1d7f9a2c: folds
Hero: folds
296a9b8a: raises 840 to 1,260
e5bdb9d8: folds
712525a2: folds
c46ce3c2: folds
aa70e215: calls 840
*** FLOP *** [6s 7c As]
aa70e215: checks
296a9b8a: bets 980
aa70e215: calls 980
*** TURN *** [6s 7c As] [Jh]
aa70e215: checks
296a9b8a: checks
*** RIVER *** [6s 7c As Jh] [5h]
aa70e215: bets 2,425
296a9b8a: calls 2,425
aa70e215: shows [Ad 9d] (a pair of Aces)
296a9b8a: shows [Kh Ks] (a pair of Kings)
*** SHOWDOWN ***
aa70e215 collected 9,700 from pot
*** SUMMARY ***
Total pot 9,700 | Rake 0 | Jackpot 0 | Bingo 0 | Fortune 0 | Tax 0
Board [6s 7c As Jh 5h]
Seat 1: 712525a2 (small blind) folded before Flop
Seat 2: c46ce3c2 (big blind) folded before Flop
Seat 3: aa70e215 showed [Ad 9d] and won (9,700) with a pair of Aces
Seat 4: 5a84bb6b folded before Flop
Seat 5: 1d7f9a2c folded before Flop
Seat 6: Hero folded before Flop
Seat 7: 296a9b8a showed [Kh Ks] and lost with a pair of Kings
Seat 8: e5bdb9d8 (button) folded before Flop


Poker Hand #TM5586653659: Tournament #263402425, Bounty Hunters Special $8.88 Hold'em No Limit - Level2(60/120(18)) - 2026/02/14 21:45:19
Table '78' 8-max Seat #7 is the button
Seat 1: 712525a2 (11,563 in chips)
Seat 2: c46ce3c2 (18,193 in chips)
Seat 3: aa70e215 (9,814 in chips)
Seat 4: 5a84bb6b (9,479 in chips)
Seat 5: 1d7f9a2c (10,000 in chips)
Seat 6: Hero (7,743 in chips)
Seat 7: 296a9b8a (10,664 in chips)
Seat 8: e5bdb9d8 (15,318 in chips)
e5bdb9d8: posts the ante 18
Hero: posts the ante 18
5a84bb6b: posts the ante 18
296a9b8a: posts the ante 18
c46ce3c2: posts the ante 18
712525a2: posts the ante 18
1d7f9a2c: posts the ante 18
aa70e215: posts the ante 18
e5bdb9d8: posts small blind 60
712525a2: posts big blind 120
*** HOLE CARDS ***
Dealt to 712525a2 
Dealt to c46ce3c2 
Dealt to aa70e215 
Dealt to 5a84bb6b 
Dealt to 1d7f9a2c 
Dealt to Hero [6h 2h]
Dealt to 296a9b8a 
Dealt to e5bdb9d8 
c46ce3c2: raises 120 to 240
aa70e215: folds
5a84bb6b: folds
1d7f9a2c: calls 240
Hero: folds
296a9b8a: folds
e5bdb9d8: folds
712525a2: calls 120
*** FLOP *** [Qc Jh Kd]
712525a2: checks
c46ce3c2: bets 296
1d7f9a2c: raises 501 to 797
712525a2: folds
c46ce3c2: calls 501
*** TURN *** [Qc Jh Kd] [Ad]
c46ce3c2: checks
1d7f9a2c: bets 1,259
c46ce3c2: calls 1,259
*** RIVER *** [Qc Jh Kd Ad] [7d]
c46ce3c2: checks
1d7f9a2c: bets 7,686 and is all-in
c46ce3c2: folds
Uncalled bet (7,686) returned to 1d7f9a2c
*** SHOWDOWN ***
1d7f9a2c collected 5,036 from pot
*** SUMMARY ***
Total pot 5,036 | Rake 0 | Jackpot 0 | Bingo 0 | Fortune 0 | Tax 0
Board [Qc Jh Kd Ad 7d]
Seat 1: 712525a2 (big blind) folded on the Flop
Seat 2: c46ce3c2 folded on the River
Seat 3: aa70e215 folded before Flop
Seat 4: 5a84bb6b folded before Flop
Seat 5: 1d7f9a2c won (5,036)
Seat 6: Hero folded before Flop
Seat 7: 296a9b8a (button) folded before Flop
Seat 8: e5bdb9d8 (small blind) folded before Flop


Poker Hand #TM5586653650: Tournament #263402425, Bounty Hunters Special $8.88 Hold'em No Limit - Level2(60/120(18)) - 2026/02/14 21:44:37
Table '78' 8-max Seat #6 is the button
Seat 1: 712525a2 (11,581 in chips)
Seat 2: c46ce3c2 (18,211 in chips)
Seat 3: aa70e215 (9,832 in chips)
Seat 4: 5a84bb6b (9,497 in chips)
Seat 6: Hero (7,335 in chips)
Seat 7: 296a9b8a (10,742 in chips)
Seat 8: e5bdb9d8 (15,576 in chips)
e5bdb9d8: posts the ante 18
Hero: posts the ante 18
5a84bb6b: posts the ante 18
296a9b8a: posts the ante 18
c46ce3c2: posts the ante 18
712525a2: posts the ante 18
aa70e215: posts the ante 18
296a9b8a: posts small blind 60
e5bdb9d8: posts big blind 120
*** HOLE CARDS ***
Dealt to 712525a2 
Dealt to c46ce3c2 
Dealt to aa70e215 
Dealt to 5a84bb6b 
Dealt to Hero [Qd Kc]
Dealt to 296a9b8a 
Dealt to e5bdb9d8 
712525a2: folds
c46ce3c2: folds
aa70e215: folds
5a84bb6b: folds
Hero: raises 120 to 240
296a9b8a: folds
e5bdb9d8: calls 120
*** FLOP *** [4s Jh As]
e5bdb9d8: checks
Hero: bets 220
e5bdb9d8: folds
Uncalled bet (220) returned to Hero
*** SHOWDOWN ***
Hero collected 666 from pot
*** SUMMARY ***
Total pot 666 | Rake 0 | Jackpot 0 | Bingo 0 | Fortune 0 | Tax 0
Board [4s Jh As]
Seat 1: 712525a2 folded before Flop
Seat 2: c46ce3c2 folded before Flop
Seat 3: aa70e215 folded before Flop
Seat 4: 5a84bb6b folded before Flop
Seat 6: Hero (button) won (666)
Seat 7: 296a9b8a (small blind) folded before Flop
Seat 8: e5bdb9d8 (big blind) folded on the Flop


Poker Hand #TM5586653634: Tournament #263402425, Bounty Hunters Special $8.88 Hold'em No Limit - Level2(60/120(18)) - 2026/02/14 21:43:24
Table '78' 8-max Seat #4 is the button
Seat 1: 712525a2 (11,599 in chips)
Seat 2: c46ce3c2 (9,814 in chips)
Seat 3: aa70e215 (9,850 in chips)
Seat 4: 5a84bb6b (9,515 in chips)
Seat 5: 20d0019a (8,169 in chips)
Seat 6: Hero (7,473 in chips)
Seat 7: 296a9b8a (10,760 in chips)
Seat 8: e5bdb9d8 (15,594 in chips)
e5bdb9d8: posts the ante 18
20d0019a: posts the ante 18
Hero: posts the ante 18
5a84bb6b: posts the ante 18
296a9b8a: posts the ante 18
c46ce3c2: posts the ante 18
712525a2: posts the ante 18
aa70e215: posts the ante 18
20d0019a: posts small blind 60
Hero: posts big blind 120
*** HOLE CARDS ***
Dealt to 712525a2 
Dealt to c46ce3c2 
Dealt to aa70e215 
Dealt to 5a84bb6b 
Dealt to 20d0019a 
Dealt to Hero [6c 5d]
Dealt to 296a9b8a 
Dealt to e5bdb9d8 
296a9b8a: folds
e5bdb9d8: folds
712525a2: folds
c46ce3c2: raises 120 to 240
aa70e215: folds
5a84bb6b: folds
20d0019a: raises 720 to 960
Hero: folds
c46ce3c2: raises 1,920 to 2,880
20d0019a: raises 5,271 to 8,151 and is all-in
c46ce3c2: calls 5,271
20d0019a: shows [As Ad]
c46ce3c2: shows [Kd Ah]
*** FLOP *** [Tc 2c Jc]
*** TURN *** [Tc 2c Jc] [Qh]
*** RIVER *** [Tc 2c Jc Qh] [4s]
*** SHOWDOWN ***
c46ce3c2 collected 16,566 from pot
*** SUMMARY ***
Total pot 16,566 | Rake 0 | Jackpot 0 | Bingo 0 | Fortune 0 | Tax 0
Board [Tc 2c Jc Qh 4s]
Seat 1: 712525a2 folded before Flop
Seat 2: c46ce3c2 showed [Kd Ah] and won (16,566) with a straight, Ace to Ten
Seat 3: aa70e215 folded before Flop
Seat 4: 5a84bb6b (button) folded before Flop
Seat 5: 20d0019a (small blind) showed [As Ad] and lost with a pair of Aces
Seat 6: Hero (big blind) folded before Flop
Seat 7: 296a9b8a folded before Flop
Seat 8: e5bdb9d8 folded before Flop


Poker Hand #TM5586653621: Tournament #263402425, Bounty Hunters Special $8.88 Hold'em No Limit - Level2(60/120(18)) - 2026/02/14 21:42:21
Table '78' 8-max Seat #3 is the button
Seat 1: 712525a2 (11,857 in chips)
Seat 2: c46ce3c2 (9,832 in chips)
Seat 3: aa70e215 (9,004 in chips)
Seat 4: 5a84bb6b (9,773 in chips)
Seat 5: 20d0019a (8,427 in chips)
Seat 6: Hero (7,491 in chips)
Seat 7: 296a9b8a (10,778 in chips)
Seat 8: e5bdb9d8 (15,612 in chips)
e5bdb9d8: posts the ante 18
20d0019a: posts the ante 18
Hero: posts the ante 18
5a84bb6b: posts the ante 18
296a9b8a: posts the ante 18
c46ce3c2: posts the ante 18
712525a2: posts the ante 18
aa70e215: posts the ante 18
5a84bb6b: posts small blind 60
20d0019a: posts big blind 120
*** HOLE CARDS ***
Dealt to 712525a2 
Dealt to c46ce3c2 
Dealt to aa70e215 
Dealt to 5a84bb6b 
Dealt to 20d0019a 
Dealt to Hero [5s Qs]
Dealt to 296a9b8a 
Dealt to e5bdb9d8 
Hero: folds
296a9b8a: folds
e5bdb9d8: folds
712525a2: raises 120 to 240
c46ce3c2: folds
aa70e215: calls 240
5a84bb6b: calls 180
20d0019a: calls 120
*** FLOP *** [Ts 3s Kh]
5a84bb6b: checks
20d0019a: checks
712525a2: checks
aa70e215: bets 365
5a84bb6b: folds
20d0019a: folds
712525a2: folds
Uncalled bet (365) returned to aa70e215
*** SHOWDOWN ***
aa70e215 collected 1,104 from pot
*** SUMMARY ***
Total pot 1,104 | Rake 0 | Jackpot 0 | Bingo 0 | Fortune 0 | Tax 0
Board [Ts 3s Kh]
Seat 1: 712525a2 folded on the Flop
Seat 2: c46ce3c2 folded before Flop
Seat 3: aa70e215 (button) won (1,104)
Seat 4: 5a84bb6b (small blind) folded on the Flop
Seat 5: 20d0019a (big blind) folded on the Flop
Seat 6: Hero folded before Flop
Seat 7: 296a9b8a folded before Flop
Seat 8: e5bdb9d8 folded before Flop


Poker Hand #TM5586653613: Tournament #263402425, Bounty Hunters Special $8.88 Hold'em No Limit - Level2(60/120(18)) - 2026/02/14 21:41:53
Table '78' 8-max Seat #2 is the button
Seat 1: 712525a2 (11,875 in chips)
Seat 2: c46ce3c2 (9,526 in chips)
Seat 3: aa70e215 (9,082 in chips)
Seat 4: 5a84bb6b (9,911 in chips)
Seat 5: 20d0019a (8,445 in chips)
Seat 6: Hero (7,509 in chips)
Seat 7: 296a9b8a (10,796 in chips)
Seat 8: e5bdb9d8 (15,630 in chips)
e5bdb9d8: posts the ante 18
20d0019a: posts the ante 18
Hero: posts the ante 18
5a84bb6b: posts the ante 18
296a9b8a: posts the ante 18
c46ce3c2: posts the ante 18
712525a2: posts the ante 18
aa70e215: posts the ante 18
aa70e215: posts small blind 60
5a84bb6b: posts big blind 120
*** HOLE CARDS ***
Dealt to 712525a2 
Dealt to c46ce3c2 
Dealt to aa70e215 
Dealt to 5a84bb6b 
Dealt to 20d0019a 
Dealt to Hero [7s 2h]
Dealt to 296a9b8a 
Dealt to e5bdb9d8 
20d0019a: folds
Hero: folds
296a9b8a: folds
e5bdb9d8: folds
712525a2: folds
c46ce3c2: raises 120 to 240
aa70e215: folds
5a84bb6b: folds
Uncalled bet (120) returned to c46ce3c2
*** SHOWDOWN ***
c46ce3c2 collected 444 from pot
*** SUMMARY ***
Total pot 444 | Rake 0 | Jackpot 0 | Bingo 0 | Fortune 0 | Tax 0
Seat 1: 712525a2 folded before Flop
Seat 2: c46ce3c2 (button) collected (444)
Seat 3: aa70e215 (small blind) folded before Flop
Seat 4: 5a84bb6b (big blind) folded before Flop
Seat 5: 20d0019a folded before Flop
Seat 6: Hero folded before Flop
Seat 7: 296a9b8a folded before Flop
Seat 8: e5bdb9d8 folded before Flop


Poker Hand #TM5586653591: Tournament #263402425, Bounty Hunters Special $8.88 Hold'em No Limit - Level2(60/120(18)) - 2026/02/14 21:40:31
Table '78' 8-max Seat #1 is the button
Seat 1: 712525a2 (9,769 in chips)
Seat 2: c46ce3c2 (9,604 in chips)
Seat 3: aa70e215 (9,340 in chips)
Seat 4: 5a84bb6b (9,929 in chips)
Seat 5: 20d0019a (8,463 in chips)
Seat 6: Hero (7,527 in chips)
Seat 7: 296a9b8a (12,494 in chips)
Seat 8: e5bdb9d8 (15,648 in chips)
e5bdb9d8: posts the ante 18
20d0019a: posts the ante 18
Hero: posts the ante 18
5a84bb6b: posts the ante 18
296a9b8a: posts the ante 18
c46ce3c2: posts the ante 18
712525a2: posts the ante 18
aa70e215: posts the ante 18
c46ce3c2: posts small blind 60
aa70e215: posts big blind 120
*** HOLE CARDS ***
Dealt to 712525a2 
Dealt to c46ce3c2 
Dealt to aa70e215 
Dealt to 5a84bb6b 
Dealt to 20d0019a 
Dealt to Hero [Ad 8h]
Dealt to 296a9b8a 
Dealt to e5bdb9d8 
5a84bb6b: folds
20d0019a: folds
Hero: folds
296a9b8a: raises 120 to 240
e5bdb9d8: folds
712525a2: calls 240
c46ce3c2: folds
aa70e215: calls 120
*** FLOP *** [Td Kc 3c]
aa70e215: checks
296a9b8a: bets 360
712525a2: calls 360
aa70e215: folds
*** TURN *** [Td Kc 3c] [7s]
296a9b8a: bets 240
712525a2: raises 840 to 1,080
296a9b8a: calls 840
*** RIVER *** [Td Kc 3c 7s] [Qs]
296a9b8a: checks
712525a2: bets 2,853
296a9b8a: folds
Uncalled bet (2,853) returned to 712525a2
*** SHOWDOWN ***
712525a2 collected 3,804 from pot
*** SUMMARY ***
Total pot 3,804 | Rake 0 | Jackpot 0 | Bingo 0 | Fortune 0 | Tax 0
Board [Td Kc 3c 7s Qs]
Seat 1: 712525a2 (button) won (3,804)
Seat 2: c46ce3c2 (small blind) folded before Flop
Seat 3: aa70e215 (big blind) folded on the Flop
Seat 4: 5a84bb6b folded before Flop
Seat 5: 20d0019a folded before Flop
Seat 6: Hero folded before Flop
Seat 7: 296a9b8a folded on the River
Seat 8: e5bdb9d8 folded before Flop


Poker Hand #TM5586653577: Tournament #263402425, Bounty Hunters Special $8.88 Hold'em No Limit - Level2(60/120(18)) - 2026/02/14 21:39:10
Table '78' 8-max Seat #8 is the button
Seat 1: 712525a2 (9,847 in chips)
Seat 2: c46ce3c2 (9,742 in chips)
Seat 3: aa70e215 (10,000 in chips)
Seat 4: 5a84bb6b (9,947 in chips)
Seat 5: 20d0019a (8,481 in chips)
Seat 6: Hero (9,147 in chips)
Seat 7: 296a9b8a (12,512 in chips)
Seat 8: e5bdb9d8 (13,098 in chips)
e5bdb9d8: posts the ante 18
20d0019a: posts the ante 18
Hero: posts the ante 18
5a84bb6b: posts the ante 18
296a9b8a: posts the ante 18
c46ce3c2: posts the ante 18
712525a2: posts the ante 18
aa70e215: posts the ante 18
712525a2: posts small blind 60
c46ce3c2: posts big blind 120
*** HOLE CARDS ***
Dealt to 712525a2 
Dealt to c46ce3c2 
Dealt to aa70e215 
Dealt to 5a84bb6b 
Dealt to 20d0019a 
Dealt to Hero [7d Qd]
Dealt to 296a9b8a 
Dealt to e5bdb9d8 
aa70e215: raises 120 to 240
5a84bb6b: folds
20d0019a: folds
Hero: raises 402 to 642
296a9b8a: folds
e5bdb9d8: calls 642
712525a2: folds
c46ce3c2: folds
aa70e215: calls 402
*** FLOP *** [3c 2s 6d]
aa70e215: checks
Hero: checks
e5bdb9d8: bets 960
aa70e215: folds
Hero: calls 960
*** TURN *** [3c 2s 6d] [Jh]
Hero: checks
e5bdb9d8: checks
*** RIVER *** [3c 2s 6d Jh] [8d]
Hero: checks
e5bdb9d8: bets 4,560
Hero: folds
Uncalled bet (4,560) returned to e5bdb9d8
*** SHOWDOWN ***
e5bdb9d8 collected 4,170 from pot
*** SUMMARY ***
Total pot 4,170 | Rake 0 | Jackpot 0 | Bingo 0 | Fortune 0 | Tax 0
Board [3c 2s 6d Jh 8d]
Seat 1: 712525a2 (small blind) folded before Flop
Seat 2: c46ce3c2 (big blind) folded before Flop
Seat 3: aa70e215 folded on the Flop
Seat 4: 5a84bb6b folded before Flop
Seat 5: 20d0019a folded before Flop
Seat 6: Hero folded on the River
Seat 7: 296a9b8a folded before Flop
Seat 8: e5bdb9d8 (button) won (4,170)


Poker Hand #TM5586653563: Tournament #263402425, Bounty Hunters Special $8.88 Hold'em No Limit - Level2(60/120(18)) - 2026/02/14 21:38:13
Table '78' 8-max Seat #7 is the button
Seat 1: 712525a2 (9,985 in chips)
Seat 2: c46ce3c2 (10,000 in chips)
Seat 4: 5a84bb6b (9,965 in chips)
Seat 5: 20d0019a (8,739 in chips)
Seat 6: Hero (9,165 in chips)
Seat 7: 296a9b8a (12,770 in chips)
Seat 8: e5bdb9d8 (12,150 in chips)
20d0019a: posts the ante 18
e5bdb9d8: posts the ante 18
Hero: posts the ante 18
5a84bb6b: posts the ante 18
296a9b8a: posts the ante 18
c46ce3c2: posts the ante 18
712525a2: posts the ante 18
e5bdb9d8: posts small blind 60
712525a2: posts big blind 120
*** HOLE CARDS ***
Dealt to 712525a2 
Dealt to c46ce3c2 
Dealt to 5a84bb6b 
Dealt to 20d0019a 
Dealt to Hero [Jc 2d]
Dealt to 296a9b8a 
Dealt to e5bdb9d8 
c46ce3c2: raises 120 to 240
5a84bb6b: folds
20d0019a: calls 240
Hero: folds
296a9b8a: calls 240
e5bdb9d8: raises 1,560 to 1,800
712525a2: folds
c46ce3c2: folds
20d0019a: folds
296a9b8a: folds
Uncalled bet (1,560) returned to e5bdb9d8
*** SHOWDOWN ***
e5bdb9d8 collected 1,206 from pot
*** SUMMARY ***
Total pot 1,206 | Rake 0 | Jackpot 0 | Bingo 0 | Fortune 0 | Tax 0
Seat 1: 712525a2 (big blind) folded before Flop
Seat 2: c46ce3c2 folded before Flop
Seat 4: 5a84bb6b folded before Flop
Seat 5: 20d0019a folded before Flop
Seat 6: Hero folded before Flop
Seat 7: 296a9b8a (button) folded before Flop
Seat 8: e5bdb9d8 (small blind) collected (1,206)


Poker Hand #TM5586653555: Tournament #263402425, Bounty Hunters Special $8.88 Hold'em No Limit - Level1(50/100(15)) - 2026/02/14 21:37:52
Table '78' 8-max Seat #6 is the button
Seat 1: 712525a2 (10,000 in chips)
Seat 5: 20d0019a (8,754 in chips)
Seat 6: Hero (9,180 in chips)
Seat 7: 296a9b8a (12,835 in chips)
Seat 8: e5bdb9d8 (12,040 in chips)
20d0019a: posts the ante 15
e5bdb9d8: posts the ante 15
Hero: posts the ante 15
296a9b8a: posts the ante 15
712525a2: posts the ante 15
296a9b8a: posts small blind 50
e5bdb9d8: posts big blind 100
*** HOLE CARDS ***
Dealt to 712525a2 
Dealt to 20d0019a 
Dealt to Hero [8s 4d]
Dealt to 296a9b8a 
Dealt to e5bdb9d8 
712525a2: folds
20d0019a: folds
Hero: folds
296a9b8a: folds
Uncalled bet (50) returned to e5bdb9d8
*** SHOWDOWN ***
e5bdb9d8 collected 175 from pot
*** SUMMARY ***
Total pot 175 | Rake 0 | Jackpot 0 | Bingo 0 | Fortune 0 | Tax 0
Seat 1: 712525a2 folded before Flop
Seat 5: 20d0019a folded before Flop
Seat 6: Hero (button) folded before Flop
Seat 7: 296a9b8a (small blind) folded before Flop
Seat 8: e5bdb9d8 (big blind) collected (175)


Poker Hand #TM5586087470: Tournament #263402425, Bounty Hunters Special $8.88 Hold'em No Limit - Level1(50/100(15)) - 2026/02/14 21:37:01
Table '31' 8-max Seat #5 is the button
Seat 1: 91b8f74 (10,000 in chips)
Seat 2: 3ac561a9 (11,105 in chips)
Seat 3: 1637f53 (10,985 in chips)
Seat 4: 4a674cac (10,165 in chips)
Seat 5: cf82cbe (19,210 in chips)
Seat 6: 7cb4e862 (9,495 in chips)
Seat 7: 17610 (10,115 in chips)
Seat 8: Hero (8,925 in chips)
Hero: posts the ante 15
17610: posts the ante 15
4a674cac: posts the ante 15
cf82cbe: posts the ante 15
3ac561a9: posts the ante 15
91b8f74: posts the ante 15
1637f53: posts the ante 15
7cb4e862: posts the ante 15
7cb4e862: posts small blind 50
17610: posts big blind 100
*** HOLE CARDS ***
Dealt to 91b8f74 
Dealt to 3ac561a9 
Dealt to 1637f53 
Dealt to 4a674cac 
Dealt to cf82cbe 
Dealt to 7cb4e862 
Dealt to 17610 
Dealt to Hero [As Qd]
Hero: raises 100 to 200
91b8f74: folds
3ac561a9: folds
1637f53: folds
4a674cac: folds
cf82cbe: folds
7cb4e862: folds
17610: folds
Uncalled bet (100) returned to Hero
*** SHOWDOWN ***
Hero collected 370 from pot
*** SUMMARY ***
Total pot 370 | Rake 0 | Jackpot 0 | Bingo 0 | Fortune 0 | Tax 0
Seat 1: 91b8f74 folded before Flop
Seat 2: 3ac561a9 folded before Flop
Seat 3: 1637f53 folded before Flop
Seat 4: 4a674cac folded before Flop
Seat 5: cf82cbe (button) folded before Flop
Seat 6: 7cb4e862 (small blind) folded before Flop
Seat 7: 17610 (big blind) folded before Flop
Seat 8: Hero collected (370)


Poker Hand #TM5586087456: Tournament #263402425, Bounty Hunters Special $8.88 Hold'em No Limit - Level1(50/100(15)) - 2026/02/14 21:35:48
Table '31' 8-max Seat #4 is the button
Seat 1: e68801b (9,210 in chips)
Seat 2: 3ac561a9 (11,120 in chips)
Seat 3: 1637f53 (11,000 in chips)
Seat 4: 4a674cac (10,180 in chips)
Seat 5: cf82cbe (9,810 in chips)
Seat 6: 7cb4e862 (9,610 in chips)
Seat 7: 17610 (10,130 in chips)
Seat 8: Hero (8,940 in chips)
Hero: posts the ante 15
17610: posts the ante 15
4a674cac: posts the ante 15
3ac561a9: posts the ante 15
cf82cbe: posts the ante 15
e68801b: posts the ante 15
1637f53: posts the ante 15
7cb4e862: posts the ante 15
cf82cbe: posts small blind 50
7cb4e862: posts big blind 100
*** HOLE CARDS ***
Dealt to e68801b 
Dealt to 3ac561a9 
Dealt to 1637f53 
Dealt to 4a674cac 
Dealt to cf82cbe 
Dealt to 7cb4e862 
Dealt to 17610 
Dealt to Hero [9h Ts]
17610: folds
Hero: folds
e68801b: raises 100 to 200
3ac561a9: folds
1637f53: folds
4a674cac: folds
cf82cbe: calls 150
7cb4e862: folds
*** FLOP *** [2d 2s Ac]
cf82cbe: checks
e68801b: bets 205
cf82cbe: calls 205
*** TURN *** [2d 2s Ac] [6c]
cf82cbe: checks
e68801b: bets 1,200
cf82cbe: raises 1,200 to 2,400
e68801b: calls 1,200
*** RIVER *** [2d 2s Ac 6c] [7h]
cf82cbe: bets 6,990 and is all-in
e68801b: calls 6,390 and is all-in
Uncalled bet (600) returned to cf82cbe
cf82cbe: shows [6s As] (two pair, Aces and Sixes)
e68801b: shows [Ah 5h] (two pair, Aces and Twos)
*** SHOWDOWN ***
cf82cbe collected 18,610 from pot
*** SUMMARY ***
Total pot 18,610 | Rake 0 | Jackpot 0 | Bingo 0 | Fortune 0 | Tax 0
Board [2d 2s Ac 6c 7h]
Seat 1: e68801b showed [Ah 5h] and lost with two pair, Aces and Twos
Seat 2: 3ac561a9 folded before Flop
Seat 3: 1637f53 folded before Flop
Seat 4: 4a674cac (button) folded before Flop
Seat 5: cf82cbe (small blind) showed [6s As] and won (18,610) with two pair, Aces and Sixes
Seat 6: 7cb4e862 (big blind) folded before Flop
Seat 7: 17610 folded before Flop
Seat 8: Hero folded before Flop


Poker Hand #TM5586087444: Tournament #263402425, Bounty Hunters Special $8.88 Hold'em No Limit - Level1(50/100(15)) - 2026/02/14 21:35:02
Table '31' 8-max Seat #3 is the button
Seat 1: e68801b (9,225 in chips)
Seat 2: 3ac561a9 (10,865 in chips)
Seat 3: 1637f53 (11,015 in chips)
Seat 4: 4a674cac (10,245 in chips)
Seat 5: cf82cbe (9,925 in chips)
Seat 6: 7cb4e862 (9,625 in chips)
Seat 7: 17610 (10,145 in chips)
Seat 8: Hero (8,955 in chips)
Hero: posts the ante 15
17610: posts the ante 15
4a674cac: posts the ante 15
3ac561a9: posts the ante 15
cf82cbe: posts the ante 15
e68801b: posts the ante 15
1637f53: posts the ante 15
7cb4e862: posts the ante 15
4a674cac: posts small blind 50
cf82cbe: posts big blind 100
*** HOLE CARDS ***
Dealt to e68801b 
Dealt to 3ac561a9 
Dealt to 1637f53 
Dealt to 4a674cac 
Dealt to cf82cbe 
Dealt to 7cb4e862 
Dealt to 17610 
Dealt to Hero [6h Js]
7cb4e862: folds
17610: folds
Hero: folds
e68801b: folds
3ac561a9: raises 120 to 220
1637f53: folds
4a674cac: folds
cf82cbe: folds
Uncalled bet (120) returned to 3ac561a9
*** SHOWDOWN ***
3ac561a9 collected 370 from pot
*** SUMMARY ***
Total pot 370 | Rake 0 | Jackpot 0 | Bingo 0 | Fortune 0 | Tax 0
Seat 1: e68801b folded before Flop
Seat 2: 3ac561a9 collected (370)
Seat 3: 1637f53 (button) folded before Flop
Seat 4: 4a674cac (small blind) folded before Flop
Seat 5: cf82cbe (big blind) folded before Flop
Seat 6: 7cb4e862 folded before Flop
Seat 7: 17610 folded before Flop
Seat 8: Hero folded before Flop


Poker Hand #TM5586087431: Tournament #263402425, Bounty Hunters Special $8.88 Hold'em No Limit - Level1(50/100(15)) - 2026/02/14 21:33:55
Table '31' 8-max Seat #2 is the button
Seat 1: e68801b (9,240 in chips)
Seat 2: 3ac561a9 (10,880 in chips)
Seat 3: 1637f53 (9,840 in chips)
Seat 4: 4a674cac (10,360 in chips)
Seat 5: cf82cbe (9,940 in chips)
Seat 6: 7cb4e862 (9,940 in chips)
Seat 7: 17610 (10,160 in chips)
Seat 8: Hero (9,640 in chips)
Hero: posts the ante 15
17610: posts the ante 15
4a674cac: posts the ante 15
3ac561a9: posts the ante 15
cf82cbe: posts the ante 15
e68801b: posts the ante 15
7cb4e862: posts the ante 15
1637f53: posts the ante 15
1637f53: posts small blind 50
4a674cac: posts big blind 100
*** HOLE CARDS ***
Dealt to e68801b 
Dealt to 3ac561a9 
Dealt to 1637f53 
Dealt to 4a674cac 
Dealt to cf82cbe 
Dealt to 7cb4e862 
Dealt to 17610 
Dealt to Hero [4s 4c]
cf82cbe: folds
7cb4e862: calls 100
17610: folds
Hero: raises 200 to 300
e68801b: folds
3ac561a9: folds
1637f53: calls 250
4a674cac: folds
7cb4e862: calls 200
*** FLOP *** [9d Ad Qc]
1637f53: checks
7cb4e862: checks
Hero: bets 370
1637f53: calls 370
7cb4e862: folds
*** TURN *** [9d Ad Qc] [3d]
1637f53: checks
Hero: checks
*** RIVER *** [9d Ad Qc 3d] [8h]
1637f53: checks
Hero: checks
1637f53: shows [As 7s] (a pair of Aces)
Hero: shows [4s 4c] (a pair of Fours)
*** SHOWDOWN ***
1637f53 collected 1,860 from pot
*** SUMMARY ***
Total pot 1,860 | Rake 0 | Jackpot 0 | Bingo 0 | Fortune 0 | Tax 0
Board [9d Ad Qc 3d 8h]
Seat 1: e68801b folded before Flop
Seat 2: 3ac561a9 (button) folded before Flop
Seat 3: 1637f53 (small blind) showed [As 7s] and won (1,860) with a pair of Aces
Seat 4: 4a674cac (big blind) folded before Flop
Seat 5: cf82cbe folded before Flop
Seat 6: 7cb4e862 folded on the Flop
Seat 7: 17610 folded before Flop
Seat 8: Hero showed [4s 4c] and lost with a pair of Fours


Poker Hand #TM5586087422: Tournament #263402425, Bounty Hunters Special $8.88 Hold'em No Limit - Level1(50/100(15)) - 2026/02/14 21:33:10
Table '31' 8-max Seat #1 is the button
Seat 1: e68801b (9,455 in chips)
Seat 2: 3ac561a9 (10,475 in chips)
Seat 3: 1637f53 (9,955 in chips)
Seat 4: 4a674cac (10,375 in chips)
Seat 5: cf82cbe (9,955 in chips)
Seat 6: 7cb4e862 (9,955 in chips)
Seat 7: 17610 (10,175 in chips)
Seat 8: Hero (9,655 in chips)
Hero: posts the ante 15
17610: posts the ante 15
4a674cac: posts the ante 15
cf82cbe: posts the ante 15
3ac561a9: posts the ante 15
e68801b: posts the ante 15
7cb4e862: posts the ante 15
1637f53: posts the ante 15
3ac561a9: posts small blind 50
1637f53: posts big blind 100
*** HOLE CARDS ***
Dealt to e68801b 
Dealt to 3ac561a9 
Dealt to 1637f53 
Dealt to 4a674cac 
Dealt to cf82cbe 
Dealt to 7cb4e862 
Dealt to 17610 
Dealt to Hero [Ks 8c]
4a674cac: folds
cf82cbe: folds
7cb4e862: folds
17610: folds
Hero: folds
e68801b: raises 100 to 200
3ac561a9: raises 500 to 700
1637f53: folds
e68801b: folds
Uncalled bet (500) returned to 3ac561a9
*** SHOWDOWN ***
3ac561a9 collected 620 from pot
*** SUMMARY ***
Total pot 620 | Rake 0 | Jackpot 0 | Bingo 0 | Fortune 0 | Tax 0
Seat 1: e68801b (button) folded before Flop
Seat 2: 3ac561a9 (small blind) collected (620)
Seat 3: 1637f53 (big blind) folded before Flop
Seat 4: 4a674cac folded before Flop
Seat 5: cf82cbe folded before Flop
Seat 6: 7cb4e862 folded before Flop
Seat 7: 17610 folded before Flop
Seat 8: Hero folded before Flop


Poker Hand #TM5586087412: Tournament #263402425, Bounty Hunters Special $8.88 Hold'em No Limit - Level1(50/100(15)) - 2026/02/14 21:32:09
Table '31' 8-max Seat #8 is the button
Seat 1: e68801b (9,870 in chips)
Seat 2: 3ac561a9 (9,970 in chips)
Seat 3: 1637f53 (9,970 in chips)
Seat 4: 4a674cac (10,390 in chips)
Seat 5: cf82cbe (9,970 in chips)
Seat 6: 7cb4e862 (9,970 in chips)
Seat 7: 17610 (10,190 in chips)
Seat 8: Hero (9,670 in chips)
Hero: posts the ante 15
17610: posts the ante 15
4a674cac: posts the ante 15
cf82cbe: posts the ante 15
3ac561a9: posts the ante 15
e68801b: posts the ante 15
7cb4e862: posts the ante 15
1637f53: posts the ante 15
e68801b: posts small blind 50
3ac561a9: posts big blind 100
*** HOLE CARDS ***
Dealt to e68801b 
Dealt to 3ac561a9 
Dealt to 1637f53 
Dealt to 4a674cac 
Dealt to cf82cbe 
Dealt to 7cb4e862 
Dealt to 17610 
Dealt to Hero [2c Ks]
1637f53: folds
4a674cac: folds
cf82cbe: folds
7cb4e862: folds
17610: folds
Hero: folds
e68801b: calls 50
3ac561a9: raises 300 to 400
e68801b: calls 300
*** FLOP *** [9c Ah Jd]
e68801b: checks
3ac561a9: bets 230
e68801b: folds
Uncalled bet (230) returned to 3ac561a9
*** SHOWDOWN ***
3ac561a9 collected 920 from pot
*** SUMMARY ***
Total pot 920 | Rake 0 | Jackpot 0 | Bingo 0 | Fortune 0 | Tax 0
Board [9c Ah Jd]
Seat 1: e68801b (small blind) folded on the Flop
Seat 2: 3ac561a9 (big blind) won (920)
Seat 3: 1637f53 folded before Flop
Seat 4: 4a674cac folded before Flop
Seat 5: cf82cbe folded before Flop
Seat 6: 7cb4e862 folded before Flop
Seat 7: 17610 folded before Flop
Seat 8: Hero (button) folded before Flop


Poker Hand #TM5586087402: Tournament #263402425, Bounty Hunters Special $8.88 Hold'em No Limit - Level1(50/100(15)) - 2026/02/14 21:30:49
Table '31' 8-max Seat #7 is the button
Seat 1: e68801b (9,985 in chips)
Seat 2: 3ac561a9 (9,985 in chips)
Seat 3: 1637f53 (9,985 in chips)
Seat 4: 4a674cac (9,985 in chips)
Seat 5: cf82cbe (9,985 in chips)
Seat 6: 7cb4e862 (9,985 in chips)
Seat 7: 17610 (10,205 in chips)
Seat 8: Hero (9,885 in chips)
17610: posts the ante 15
Hero: posts the ante 15
4a674cac: posts the ante 15
cf82cbe: posts the ante 15
3ac561a9: posts the ante 15
e68801b: posts the ante 15
7cb4e862: posts the ante 15
1637f53: posts the ante 15
Hero: posts small blind 50
e68801b: posts big blind 100
*** HOLE CARDS ***
Dealt to e68801b 
Dealt to 3ac561a9 
Dealt to 1637f53 
Dealt to 4a674cac 
Dealt to cf82cbe 
Dealt to 7cb4e862 
Dealt to 17610 
Dealt to Hero [9h Qd]
3ac561a9: folds
1637f53: folds
4a674cac: raises 100 to 200
cf82cbe: folds
7cb4e862: folds
17610: folds
Hero: calls 150
e68801b: folds
*** FLOP *** [7c 4c 8d]
Hero: checks
4a674cac: checks
*** TURN *** [7c 4c 8d] [As]
Hero: checks
4a674cac: checks
*** RIVER *** [7c 4c 8d As] [7h]
Hero: checks
4a674cac: checks
Hero: shows [9h Qd] (a pair of Sevens)
4a674cac: shows [Kc Jh] (a pair of Sevens)
*** SHOWDOWN ***
4a674cac collected 620 from pot
*** SUMMARY ***
Total pot 620 | Rake 0 | Jackpot 0 | Bingo 0 | Fortune 0 | Tax 0
Board [7c 4c 8d As 7h]
Seat 1: e68801b (big blind) folded before Flop
Seat 2: 3ac561a9 folded before Flop
Seat 3: 1637f53 folded before Flop
Seat 4: 4a674cac showed [Kc Jh] and won (620) with a pair of Sevens
Seat 5: cf82cbe folded before Flop
Seat 6: 7cb4e862 folded before Flop
Seat 7: 17610 (button) folded before Flop
Seat 8: Hero (small blind) showed [9h Qd] and lost with a pair of Sevens


Poker Hand #TM5586087394: Tournament #263402425, Bounty Hunters Special $8.88 Hold'em No Limit - Level1(50/100(15)) - 2026/02/14 21:30:02
Table '31' 8-max Seat #6 is the button
Seat 1: e68801b (10,000 in chips)
Seat 2: 3ac561a9 (10,000 in chips)
Seat 3: 1637f53 (10,000 in chips)
Seat 4: 4a674cac (10,000 in chips)
Seat 5: cf82cbe (10,000 in chips)
Seat 6: 7cb4e862 (10,000 in chips)
Seat 7: 17610 (10,000 in chips)
Seat 8: Hero (10,000 in chips)
Hero: posts the ante 15
17610: posts the ante 15
4a674cac: posts the ante 15
cf82cbe: posts the ante 15
3ac561a9: posts the ante 15
e68801b: posts the ante 15
7cb4e862: posts the ante 15
1637f53: posts the ante 15
17610: posts small blind 50
Hero: posts big blind 100
*** HOLE CARDS ***
Dealt to e68801b 
Dealt to 3ac561a9 
Dealt to 1637f53 
Dealt to 4a674cac 
Dealt to cf82cbe 
Dealt to 7cb4e862 
Dealt to 17610 
Dealt to Hero [3s 9c]
e68801b: folds
3ac561a9: folds
1637f53: folds
4a674cac: folds
cf82cbe: folds
7cb4e862: folds
17610: raises 250 to 350
Hero: folds
Uncalled bet (250) returned to 17610
*** SHOWDOWN ***
17610 collected 320 from pot
*** SUMMARY ***
Total pot 320 | Rake 0 | Jackpot 0 | Bingo 0 | Fortune 0 | Tax 0
Seat 1: e68801b folded before Flop
Seat 2: 3ac561a9 folded before Flop
Seat 3: 1637f53 folded before Flop
Seat 4: 4a674cac folded before Flop
Seat 5: cf82cbe folded before Flop
Seat 6: 7cb4e862 (button) folded before Flop
Seat 7: 17610 (small blind) collected (320)
Seat 8: Hero (big blind) folded before Flop


