Poker Hand #TM5586994636: Tournament #263411267, Bounty Hunters Deepstack Turbo $10.80 Hold'em No Limit - Level13(600/1,200(180)) - 2026/02/15 00:10:37
Table '41' 8-max Seat #3 is the button
Seat 1: f07c9651 (62,906 in chips)
Seat 2: Hero (35,392 in chips)
Seat 3: d73c4ae5 (26,526 in chips)
Seat 4: 1ead2fc6 (84,927 in chips)
Seat 5: 25a1cc65 (32,491 in chips)
Seat 6: 295896cb (50,172 in chips)
Seat 7: db3ffb6 (56,422 in chips)
Seat 8: 9a211a26 (43,443 in chips)
f07c9651: posts the ante 180
9a211a26: posts the ante 180
db3ffb6: posts the ante 180
d73c4ae5: posts the ante 180
Hero: posts the ante 180
25a1cc65: posts the ante 180
295896cb: posts the ante 180
1ead2fc6: posts the ante 180
1ead2fc6: posts small blind 600
25a1cc65: posts big blind 1,200
*** HOLE CARDS ***
Dealt to f07c9651 
Dealt to Hero [Ad Td]
Dealt to d73c4ae5 
Dealt to 1ead2fc6 
Dealt to 25a1cc65 
Dealt to 295896cb 
Dealt to db3ffb6 
Dealt to 9a211a26 
295896cb: raises 1,560 to 2,760
db3ffb6: folds
9a211a26: folds
f07c9651: folds
Hero: calls 2,760
d73c4ae5: folds
1ead2fc6: folds
25a1cc65: calls 1,560
*** FLOP *** [5d 4d 6s]
25a1cc65: checks
295896cb: bets 4,541
Hero: calls 4,541
25a1cc65: folds
*** TURN *** [5d 4d 6s] [3h]
295896cb: checks
Hero: bets 10,901
295896cb: raises 24,499 to 35,400
Hero: calls 17,010 and is all-in
Uncalled bet (7,489) returned to 295896cb
295896cb: shows [7c 7d] (a straight, Seven to Three)
Hero: shows [Ad Td] (Ace high)
*** RIVER *** [5d 4d 6s 3h] [Ks]
*** SHOWDOWN ***
295896cb collected 75,224 from pot
*** SUMMARY ***
Total pot 75,224 | Rake 0 | Jackpot 0 | Bingo 0 | Fortune 0 | Tax 0
Board [5d 4d 6s 3h Ks]
Seat 1: f07c9651 folded before Flop
Seat 2: Hero showed [Ad Td] and lost with Ace high
Seat 3: d73c4ae5 (button) folded before Flop
Seat 4: 1ead2fc6 (small blind) folded before Flop
Seat 5: 25a1cc65 (big blind) folded on the Flop
Seat 6: 295896cb showed [7c 7d] and won (75,224) with a straight, Seven to Three
Seat 7: db3ffb6 folded before Flop
Seat 8: 9a211a26 folded before Flop


Poker Hand #TM5586994612: Tournament #263411267, Bounty Hunters Deepstack Turbo $10.80 Hold'em No Limit - Level13(600/1,200(180)) - 2026/02/15 00:09:28
Table '41' 8-max Seat #2 is the button
Seat 1: f07c9651 (63,086 in chips)
Seat 2: Hero (35,572 in chips)
Seat 3: d73c4ae5 (27,306 in chips)
Seat 4: 1ead2fc6 (88,056 in chips)
Seat 5: 25a1cc65 (32,671 in chips)
Seat 6: 295896cb (50,352 in chips)
Seat 7: db3ffb6 (59,551 in chips)
Seat 8: 9a211a26 (35,685 in chips)
f07c9651: posts the ante 180
9a211a26: posts the ante 180
db3ffb6: posts the ante 180
d73c4ae5: posts the ante 180
Hero: posts the ante 180
25a1cc65: posts the ante 180
295896cb: posts the ante 180
1ead2fc6: posts the ante 180
d73c4ae5: posts small blind 600
1ead2fc6: posts big blind 1,200
*** HOLE CARDS ***
Dealt to f07c9651 
Dealt to Hero [5h 9c]
Dealt to d73c4ae5 
Dealt to 1ead2fc6 
Dealt to 25a1cc65 
Dealt to 295896cb 
Dealt to db3ffb6 
Dealt to 9a211a26 
25a1cc65: folds
295896cb: folds
db3ffb6: calls 1,200
9a211a26: calls 1,200
f07c9651: folds
Hero: folds
d73c4ae5: folds
1ead2fc6: checks
*** FLOP *** [Jd 8d 2h]
1ead2fc6: checks
db3ffb6: checks
9a211a26: bets 1,749
1ead2fc6: calls 1,749
db3ffb6: calls 1,749
*** TURN *** [Jd 8d 2h] [Kd]
1ead2fc6: checks
db3ffb6: checks
9a211a26: checks
*** RIVER *** [Jd 8d 2h Kd] [7d]
1ead2fc6: checks
db3ffb6: checks
9a211a26: checks
1ead2fc6: shows [5s Jc] (a pair of Jacks)
db3ffb6: shows [8h Ac] (a pair of Eights)
9a211a26: shows [3d 3h] (a flush King high)
d73c4ae5: shows [5d] (a flush King high)
1ead2fc6: shows [5s Jc] (a pair of Jacks)
db3ffb6: shows [8h Ac] (a pair of Eights)
9a211a26: shows [3d 3h] (a flush King high)
*** SHOWDOWN ***
9a211a26 collected 10,887 from pot
*** SUMMARY ***
Total pot 10,887 | Rake 0 | Jackpot 0 | Bingo 0 | Fortune 0 | Tax 0
Board [Jd 8d 2h Kd 7d]
Seat 1: f07c9651 folded before Flop
Seat 2: Hero (button) folded before Flop
Seat 3: d73c4ae5 (small blind) folded before Flop
Seat 4: 1ead2fc6 (big blind) showed [5s Jc] and lost with a pair of Jacks
Seat 5: 25a1cc65 folded before Flop
Seat 6: 295896cb folded before Flop
Seat 7: db3ffb6 showed [8h Ac] and lost with a pair of Eights
Seat 8: 9a211a26 showed [3d 3h] and won (10,887) with a flush King high


Poker Hand #TM5586994597: Tournament #263411267, Bounty Hunters Deepstack Turbo $10.80 Hold'em No Limit - Level13(600/1,200(180)) - 2026/02/15 00:08:55
Table '41' 8-max Seat #1 is the button
Seat 1: f07c9651 (63,266 in chips)
Seat 2: Hero (36,352 in chips)
Seat 3: d73c4ae5 (28,686 in chips)
Seat 4: 1ead2fc6 (88,236 in chips)
Seat 5: 25a1cc65 (32,851 in chips)
Seat 6: 295896cb (50,532 in chips)
Seat 7: db3ffb6 (56,491 in chips)
Seat 8: 9a211a26 (35,865 in chips)
f07c9651: posts the ante 180
9a211a26: posts the ante 180
db3ffb6: posts the ante 180
d73c4ae5: posts the ante 180
Hero: posts the ante 180
25a1cc65: posts the ante 180
295896cb: posts the ante 180
1ead2fc6: posts the ante 180
Hero: posts small blind 600
d73c4ae5: posts big blind 1,200
*** HOLE CARDS ***
Dealt to f07c9651 
Dealt to Hero [5s Td]
Dealt to d73c4ae5 
Dealt to 1ead2fc6 
Dealt to 25a1cc65 
Dealt to 295896cb 
Dealt to db3ffb6 
Dealt to 9a211a26 
1ead2fc6: folds
25a1cc65: folds
295896cb: folds
db3ffb6: calls 1,200
9a211a26: folds
f07c9651: folds
Hero: folds
d73c4ae5: checks
*** FLOP *** [9d 4c 9s]
d73c4ae5: checks
db3ffb6: checks
*** TURN *** [9d 4c 9s] [As]
d73c4ae5: checks
db3ffb6: checks
*** RIVER *** [9d 4c 9s As] [Tc]
d73c4ae5: checks
db3ffb6: bets 4,440
d73c4ae5: folds
Uncalled bet (4,440) returned to db3ffb6
*** SHOWDOWN ***
db3ffb6 collected 4,440 from pot
*** SUMMARY ***
Total pot 4,440 | Rake 0 | Jackpot 0 | Bingo 0 | Fortune 0 | Tax 0
Board [9d 4c 9s As Tc]
Seat 1: f07c9651 (button) folded before Flop
Seat 2: Hero (small blind) folded before Flop
Seat 3: d73c4ae5 (big blind) folded on the River
Seat 4: 1ead2fc6 folded before Flop
Seat 5: 25a1cc65 folded before Flop
Seat 6: 295896cb folded before Flop
Seat 7: db3ffb6 won (4,440)
Seat 8: 9a211a26 folded before Flop


Poker Hand #TM5586994584: Tournament #263411267, Bounty Hunters Deepstack Turbo $10.80 Hold'em No Limit - Level13(600/1,200(180)) - 2026/02/15 00:08:23
Table '41' 8-max Seat #8 is the button
Seat 1: f07c9651 (64,046 in chips)
Seat 2: Hero (37,732 in chips)
Seat 3: d73c4ae5 (28,866 in chips)
Seat 4: 1ead2fc6 (82,536 in chips)
Seat 5: 25a1cc65 (33,031 in chips)
Seat 6: 295896cb (50,712 in chips)
Seat 7: db3ffb6 (59,311 in chips)
Seat 8: 9a211a26 (36,045 in chips)
f07c9651: posts the ante 180
9a211a26: posts the ante 180
db3ffb6: posts the ante 180
d73c4ae5: posts the ante 180
Hero: posts the ante 180
25a1cc65: posts the ante 180
295896cb: posts the ante 180
1ead2fc6: posts the ante 180
f07c9651: posts small blind 600
Hero: posts big blind 1,200
*** HOLE CARDS ***
Dealt to f07c9651 
Dealt to Hero [6h 8d]
Dealt to d73c4ae5 
Dealt to 1ead2fc6 
Dealt to 25a1cc65 
Dealt to 295896cb 
Dealt to db3ffb6 
Dealt to 9a211a26 
d73c4ae5: folds
1ead2fc6: raises 1,440 to 2,640
25a1cc65: folds
295896cb: folds
db3ffb6: calls 2,640
9a211a26: folds
f07c9651: folds
Hero: folds
*** FLOP *** [4c Qc 4h]
1ead2fc6: bets 2,982
db3ffb6: folds
Uncalled bet (2,982) returned to 1ead2fc6
*** SHOWDOWN ***
1ead2fc6 collected 8,520 from pot
*** SUMMARY ***
Total pot 8,520 | Rake 0 | Jackpot 0 | Bingo 0 | Fortune 0 | Tax 0
Board [4c Qc 4h]
Seat 1: f07c9651 (small blind) folded before Flop
Seat 2: Hero (big blind) folded before Flop
Seat 3: d73c4ae5 folded before Flop
Seat 4: 1ead2fc6 won (8,520)
Seat 5: 25a1cc65 folded before Flop
Seat 6: 295896cb folded before Flop
Seat 7: db3ffb6 folded on the Flop
Seat 8: 9a211a26 (button) folded before Flop


Poker Hand #TM5586994571: Tournament #263411267, Bounty Hunters Deepstack Turbo $10.80 Hold'em No Limit - Level13(600/1,200(180)) - 2026/02/15 00:08:04
Table '41' 8-max Seat #7 is the button
Seat 1: f07c9651 (62,186 in chips)
Seat 2: Hero (37,912 in chips)
Seat 3: d73c4ae5 (29,046 in chips)
Seat 4: 1ead2fc6 (82,716 in chips)
Seat 5: 25a1cc65 (33,211 in chips)
Seat 6: 295896cb (50,892 in chips)
Seat 7: db3ffb6 (59,491 in chips)
Seat 8: 9a211a26 (36,825 in chips)
f07c9651: posts the ante 180
9a211a26: posts the ante 180
db3ffb6: posts the ante 180
d73c4ae5: posts the ante 180
Hero: posts the ante 180
25a1cc65: posts the ante 180
295896cb: posts the ante 180
1ead2fc6: posts the ante 180
9a211a26: posts small blind 600
f07c9651: posts big blind 1,200
*** HOLE CARDS ***
Dealt to f07c9651 
Dealt to Hero [As 4d]
Dealt to d73c4ae5 
Dealt to 1ead2fc6 
Dealt to 25a1cc65 
Dealt to 295896cb 
Dealt to db3ffb6 
Dealt to 9a211a26 
Hero: folds
d73c4ae5: folds
1ead2fc6: folds
25a1cc65: folds
295896cb: folds
db3ffb6: folds
9a211a26: folds
Uncalled bet (600) returned to f07c9651
*** SHOWDOWN ***
f07c9651 collected 2,640 from pot
*** SUMMARY ***
Total pot 2,640 | Rake 0 | Jackpot 0 | Bingo 0 | Fortune 0 | Tax 0
Seat 1: f07c9651 (big blind) collected (2,640)
Seat 2: Hero folded before Flop
Seat 3: d73c4ae5 folded before Flop
Seat 4: 1ead2fc6 folded before Flop
Seat 5: 25a1cc65 folded before Flop
Seat 6: 295896cb folded before Flop
Seat 7: db3ffb6 (button) folded before Flop
Seat 8: 9a211a26 (small blind) folded before Flop


Poker Hand #TM5586994558: Tournament #263411267, Bounty Hunters Deepstack Turbo $10.80 Hold'em No Limit - Level13(600/1,200(180)) - 2026/02/15 00:07:20
Table '41' 8-max Seat #6 is the button
Seat 1: f07c9651 (62,366 in chips)
Seat 2: Hero (17,816 in chips)
Seat 3: d73c4ae5 (29,226 in chips)
Seat 4: 1ead2fc6 (82,896 in chips)
Seat 5: 25a1cc65 (33,391 in chips)
Seat 6: 295896cb (51,072 in chips)
Seat 7: db3ffb6 (77,307 in chips)
Seat 8: 9a211a26 (38,205 in chips)
f07c9651: posts the ante 180
9a211a26: posts the ante 180
db3ffb6: posts the ante 180
d73c4ae5: posts the ante 180
Hero: posts the ante 180
25a1cc65: posts the ante 180
295896cb: posts the ante 180
1ead2fc6: posts the ante 180
db3ffb6: posts small blind 600
9a211a26: posts big blind 1,200
*** HOLE CARDS ***
Dealt to f07c9651 
Dealt to Hero [Qs As]
Dealt to d73c4ae5 
Dealt to 1ead2fc6 
Dealt to 25a1cc65 
Dealt to 295896cb 
Dealt to db3ffb6 
Dealt to 9a211a26 
f07c9651: folds
Hero: raises 16,436 to 17,636 and is all-in
d73c4ae5: folds
1ead2fc6: folds
25a1cc65: folds
295896cb: folds
db3ffb6: raises 59,491 to 77,127 and is all-in
9a211a26: folds
Uncalled bet (59,491) returned to db3ffb6
db3ffb6: shows [9h 9d]
Hero: shows [Qs As]
*** FLOP *** [2h 8c Ah]
*** TURN *** [2h 8c Ah] [2d]
*** RIVER *** [2h 8c Ah 2d] [8s]
*** SHOWDOWN ***
Hero collected 37,912 from pot
*** SUMMARY ***
Total pot 37,912 | Rake 0 | Jackpot 0 | Bingo 0 | Fortune 0 | Tax 0
Board [2h 8c Ah 2d 8s]
Seat 1: f07c9651 folded before Flop
Seat 2: Hero showed [Qs As] and won (37,912) with two pair, Aces and Eights
Seat 3: d73c4ae5 folded before Flop
Seat 4: 1ead2fc6 folded before Flop
Seat 5: 25a1cc65 folded before Flop
Seat 6: 295896cb (button) folded before Flop
Seat 7: db3ffb6 (small blind) showed [9h 9d] and lost with two pair, Nines and Eights
Seat 8: 9a211a26 (big blind) folded before Flop


Poker Hand #TM5586994548: Tournament #263411267, Bounty Hunters Deepstack Turbo $10.80 Hold'em No Limit - Level13(600/1,200(180)) - 2026/02/15 00:06:53
Table '41' 8-max Seat #5 is the button
Seat 1: f07c9651 (62,546 in chips)
Seat 2: Hero (17,996 in chips)
Seat 3: d73c4ae5 (29,406 in chips)
Seat 4: 1ead2fc6 (83,076 in chips)
Seat 5: 25a1cc65 (33,571 in chips)
Seat 6: 295896cb (51,852 in chips)
Seat 7: db3ffb6 (75,447 in chips)
Seat 8: 9a211a26 (38,385 in chips)
f07c9651: posts the ante 180
9a211a26: posts the ante 180
db3ffb6: posts the ante 180
d73c4ae5: posts the ante 180
Hero: posts the ante 180
25a1cc65: posts the ante 180
295896cb: posts the ante 180
1ead2fc6: posts the ante 180
295896cb: posts small blind 600
db3ffb6: posts big blind 1,200
*** HOLE CARDS ***
Dealt to f07c9651 
Dealt to Hero [8h Qd]
Dealt to d73c4ae5 
Dealt to 1ead2fc6 
Dealt to 25a1cc65 
Dealt to 295896cb 
Dealt to db3ffb6 
Dealt to 9a211a26 
9a211a26: folds
f07c9651: folds
Hero: folds
d73c4ae5: folds
1ead2fc6: folds
25a1cc65: folds
295896cb: folds
Uncalled bet (600) returned to db3ffb6
*** SHOWDOWN ***
db3ffb6 collected 2,640 from pot
*** SUMMARY ***
Total pot 2,640 | Rake 0 | Jackpot 0 | Bingo 0 | Fortune 0 | Tax 0
Seat 1: f07c9651 folded before Flop
Seat 2: Hero folded before Flop
Seat 3: d73c4ae5 folded before Flop
Seat 4: 1ead2fc6 folded before Flop
Seat 5: 25a1cc65 (button) folded before Flop
Seat 6: 295896cb (small blind) folded before Flop
Seat 7: db3ffb6 (big blind) collected (2,640)
Seat 8: 9a211a26 folded before Flop


Poker Hand #TM5586994531: Tournament #263411267, Bounty Hunters Deepstack Turbo $10.80 Hold'em No Limit - Level13(600/1,200(180)) - 2026/02/15 00:05:46
Table '41' 8-max Seat #4 is the button
Seat 1: f07c9651 (62,726 in chips)
Seat 2: Hero (18,176 in chips)
Seat 3: d73c4ae5 (29,586 in chips)
Seat 4: 1ead2fc6 (83,256 in chips)
Seat 5: 25a1cc65 (37,471 in chips)
Seat 6: 295896cb (53,232 in chips)
Seat 7: db3ffb6 (69,267 in chips)
Seat 8: 9a211a26 (38,565 in chips)
f07c9651: posts the ante 180
9a211a26: posts the ante 180
db3ffb6: posts the ante 180
d73c4ae5: posts the ante 180
Hero: posts the ante 180
25a1cc65: posts the ante 180
295896cb: posts the ante 180
1ead2fc6: posts the ante 180
25a1cc65: posts small blind 600
295896cb: posts big blind 1,200
*** HOLE CARDS ***
Dealt to f07c9651 
Dealt to Hero [2h Kd]
Dealt to d73c4ae5 
Dealt to 1ead2fc6 
Dealt to 25a1cc65 
Dealt to 295896cb 
Dealt to db3ffb6 
Dealt to 9a211a26 
db3ffb6: calls 1,200
9a211a26: folds
f07c9651: folds
Hero: folds
d73c4ae5: folds
1ead2fc6: folds
25a1cc65: calls 600
295896cb: checks
*** FLOP *** [Ad Ts 6d]
25a1cc65: checks
295896cb: checks
db3ffb6: bets 2,520
25a1cc65: calls 2,520
295896cb: folds
*** TURN *** [Ad Ts 6d] [6c]
25a1cc65: checks
db3ffb6: bets 5,040
25a1cc65: folds
Uncalled bet (5,040) returned to db3ffb6
*** SHOWDOWN ***
db3ffb6 collected 10,080 from pot
*** SUMMARY ***
Total pot 10,080 | Rake 0 | Jackpot 0 | Bingo 0 | Fortune 0 | Tax 0
Board [Ad Ts 6d 6c]
Seat 1: f07c9651 folded before Flop
Seat 2: Hero folded before Flop
Seat 3: d73c4ae5 folded before Flop
Seat 4: 1ead2fc6 (button) folded before Flop
Seat 5: 25a1cc65 (small blind) folded on the Turn
Seat 6: 295896cb (big blind) folded on the Flop
Seat 7: db3ffb6 won (10,080)
Seat 8: 9a211a26 folded before Flop


Poker Hand #TM5586994517: Tournament #263411267, Bounty Hunters Deepstack Turbo $10.80 Hold'em No Limit - Level13(600/1,200(180)) - 2026/02/15 00:05:17
Table '41' 8-max Seat #3 is the button
Seat 1: f07c9651 (62,906 in chips)
Seat 2: Hero (18,356 in chips)
Seat 3: d73c4ae5 (32,166 in chips)
Seat 4: 1ead2fc6 (78,396 in chips)
Seat 5: 25a1cc65 (38,851 in chips)
Seat 6: 295896cb (53,412 in chips)
Seat 7: db3ffb6 (69,447 in chips)
Seat 8: 9a211a26 (38,745 in chips)
f07c9651: posts the ante 180
9a211a26: posts the ante 180
db3ffb6: posts the ante 180
d73c4ae5: posts the ante 180
Hero: posts the ante 180
25a1cc65: posts the ante 180
295896cb: posts the ante 180
1ead2fc6: posts the ante 180
1ead2fc6: posts small blind 600
25a1cc65: posts big blind 1,200
*** HOLE CARDS ***
Dealt to f07c9651 
Dealt to Hero [3d 4d]
Dealt to d73c4ae5 
Dealt to 1ead2fc6 
Dealt to 25a1cc65 
Dealt to 295896cb 
Dealt to db3ffb6 
Dealt to 9a211a26 
295896cb: folds
db3ffb6: folds
9a211a26: folds
f07c9651: folds
Hero: folds
d73c4ae5: raises 1,200 to 2,400
1ead2fc6: raises 75,816 to 78,216 and is all-in
25a1cc65: folds
d73c4ae5: folds
Uncalled bet (75,816) returned to 1ead2fc6
*** SHOWDOWN ***
1ead2fc6 collected 7,440 from pot
*** SUMMARY ***
Total pot 7,440 | Rake 0 | Jackpot 0 | Bingo 0 | Fortune 0 | Tax 0
Seat 1: f07c9651 folded before Flop
Seat 2: Hero folded before Flop
Seat 3: d73c4ae5 (button) folded before Flop
Seat 4: 1ead2fc6 (small blind) collected (7,440)
Seat 5: 25a1cc65 (big blind) folded before Flop
Seat 6: 295896cb folded before Flop
Seat 7: db3ffb6 folded before Flop
Seat 8: 9a211a26 folded before Flop


Poker Hand #TM5586994502: Tournament #263411267, Bounty Hunters Deepstack Turbo $10.80 Hold'em No Limit - Level13(600/1,200(180)) - 2026/02/15 00:04:35
Table '41' 8-max Seat #2 is the button
Seat 1: f07c9651 (63,086 in chips)
Seat 2: Hero (18,536 in chips)
Seat 3: d73c4ae5 (32,946 in chips)
Seat 4: 1ead2fc6 (74,136 in chips)
Seat 5: 25a1cc65 (39,031 in chips)
Seat 6: 295896cb (53,592 in chips)
Seat 7: db3ffb6 (69,627 in chips)
Seat 8: 9a211a26 (41,325 in chips)
f07c9651: posts the ante 180
9a211a26: posts the ante 180
db3ffb6: posts the ante 180
d73c4ae5: posts the ante 180
Hero: posts the ante 180
25a1cc65: posts the ante 180
295896cb: posts the ante 180
1ead2fc6: posts the ante 180
d73c4ae5: posts small blind 600
1ead2fc6: posts big blind 1,200
*** HOLE CARDS ***
Dealt to f07c9651 
Dealt to Hero [Tc 4d]
Dealt to d73c4ae5 
Dealt to 1ead2fc6 
Dealt to 25a1cc65 
Dealt to 295896cb 
Dealt to db3ffb6 
Dealt to 9a211a26 
25a1cc65: folds
295896cb: folds
db3ffb6: folds
9a211a26: raises 1,200 to 2,400
f07c9651: folds
Hero: folds
d73c4ae5: folds
1ead2fc6: raises 71,556 to 73,956 and is all-in
9a211a26: folds
Uncalled bet (71,556) returned to 1ead2fc6
*** SHOWDOWN ***
1ead2fc6 collected 6,840 from pot
*** SUMMARY ***
Total pot 6,840 | Rake 0 | Jackpot 0 | Bingo 0 | Fortune 0 | Tax 0
Seat 1: f07c9651 folded before Flop
Seat 2: Hero (button) folded before Flop
Seat 3: d73c4ae5 (small blind) folded before Flop
Seat 4: 1ead2fc6 (big blind) collected (6,840)
Seat 5: 25a1cc65 folded before Flop
Seat 6: 295896cb folded before Flop
Seat 7: db3ffb6 folded before Flop
Seat 8: 9a211a26 folded before Flop


Poker Hand #TM5586994475: Tournament #263411267, Bounty Hunters Deepstack Turbo $10.80 Hold'em No Limit - Level12(500/1,000(150)) - 2026/02/15 00:03:22
Table '41' 8-max Seat #1 is the button
Seat 1: f07c9651 (63,236 in chips)
Seat 2: Hero (19,186 in chips)
Seat 3: d73c4ae5 (34,096 in chips)
Seat 4: 1ead2fc6 (76,486 in chips)
Seat 5: 25a1cc65 (11,527 in chips)
Seat 6: 295896cb (53,742 in chips)
Seat 7: db3ffb6 (81,154 in chips)
Seat 8: 9a211a26 (52,852 in chips)
f07c9651: posts the ante 150
9a211a26: posts the ante 150
db3ffb6: posts the ante 150
d73c4ae5: posts the ante 150
Hero: posts the ante 150
25a1cc65: posts the ante 150
295896cb: posts the ante 150
1ead2fc6: posts the ante 150
Hero: posts small blind 500
d73c4ae5: posts big blind 1,000
*** HOLE CARDS ***
Dealt to f07c9651 
Dealt to Hero [4c 6h]
Dealt to d73c4ae5 
Dealt to 1ead2fc6 
Dealt to 25a1cc65 
Dealt to 295896cb 
Dealt to db3ffb6 
Dealt to 9a211a26 
1ead2fc6: raises 1,200 to 2,200
25a1cc65: raises 9,177 to 11,377 and is all-in
295896cb: folds
db3ffb6: calls 11,377
9a211a26: raises 41,325 to 52,702 and is all-in
f07c9651: folds
Hero: folds
d73c4ae5: folds
1ead2fc6: folds
db3ffb6: folds
Uncalled bet (41,325) returned to 9a211a26
9a211a26: shows [8h 8d]
25a1cc65: shows [Kd Jh]
*** FLOP *** [6d 9d 2d]
*** TURN *** [6d 9d 2d] [Kc]
*** RIVER *** [6d 9d 2d Kc] [7c]
*** SHOWDOWN ***
25a1cc65 collected 39,031 from pot
*** SUMMARY ***
Total pot 39,031 | Rake 0 | Jackpot 0 | Bingo 0 | Fortune 0 | Tax 0
Board [6d 9d 2d Kc 7c]
Seat 1: f07c9651 (button) folded before Flop
Seat 2: Hero (small blind) folded before Flop
Seat 3: d73c4ae5 (big blind) folded before Flop
Seat 4: 1ead2fc6 folded before Flop
Seat 5: 25a1cc65 showed [Kd Jh] and won (39,031) with a pair of Kings
Seat 6: 295896cb folded before Flop
Seat 7: db3ffb6 folded before Flop
Seat 8: 9a211a26 showed [8h 8d] and lost with a pair of Eights


Poker Hand #TM5586994443: Tournament #263411267, Bounty Hunters Deepstack Turbo $10.80 Hold'em No Limit - Level12(500/1,000(150)) - 2026/02/15 00:01:31
Table '41' 8-max Seat #8 is the button
Seat 1: f07c9651 (51,186 in chips)
Seat 2: Hero (20,336 in chips)
Seat 3: d73c4ae5 (34,246 in chips)
Seat 4: 1ead2fc6 (86,636 in chips)
Seat 5: 25a1cc65 (11,677 in chips)
Seat 6: 295896cb (53,892 in chips)
Seat 7: db3ffb6 (81,304 in chips)
Seat 8: 9a211a26 (53,002 in chips)
f07c9651: posts the ante 150
9a211a26: posts the ante 150
db3ffb6: posts the ante 150
d73c4ae5: posts the ante 150
Hero: posts the ante 150
25a1cc65: posts the ante 150
295896cb: posts the ante 150
1ead2fc6: posts the ante 150
f07c9651: posts small blind 500
Hero: posts big blind 1,000
*** HOLE CARDS ***
Dealt to f07c9651 
Dealt to Hero [9s 3h]
Dealt to d73c4ae5 
Dealt to 1ead2fc6 
Dealt to 25a1cc65 
Dealt to 295896cb 
Dealt to db3ffb6 
Dealt to 9a211a26 
d73c4ae5: folds
1ead2fc6: raises 1,200 to 2,200
25a1cc65: folds
295896cb: folds
db3ffb6: folds
9a211a26: folds
f07c9651: raises 3,300 to 5,500
Hero: folds
1ead2fc6: calls 3,300
*** FLOP *** [Ac Th Jh]
f07c9651: bets 4,500
1ead2fc6: calls 4,500
*** TURN *** [Ac Th Jh] [8c]
f07c9651: checks
1ead2fc6: checks
*** RIVER *** [Ac Th Jh 8c] [As]
f07c9651: bets 41,036 and is all-in
1ead2fc6: folds
Uncalled bet (41,036) returned to f07c9651
*** SHOWDOWN ***
f07c9651 collected 22,200 from pot
*** SUMMARY ***
Total pot 22,200 | Rake 0 | Jackpot 0 | Bingo 0 | Fortune 0 | Tax 0
Board [Ac Th Jh 8c As]
Seat 1: f07c9651 (small blind) won (22,200)
Seat 2: Hero (big blind) folded before Flop
Seat 3: d73c4ae5 folded before Flop
Seat 4: 1ead2fc6 folded on the River
Seat 5: 25a1cc65 folded before Flop
Seat 6: 295896cb folded before Flop
Seat 7: db3ffb6 folded before Flop
Seat 8: 9a211a26 (button) folded before Flop


Poker Hand #TM5586994428: Tournament #263411267, Bounty Hunters Deepstack Turbo $10.80 Hold'em No Limit - Level12(500/1,000(150)) - 2026/02/14 23:54:44
Table '41' 8-max Seat #7 is the button
Seat 1: f07c9651 (53,336 in chips)
Seat 2: Hero (20,486 in chips)
Seat 3: d73c4ae5 (34,396 in chips)
Seat 4: 1ead2fc6 (86,786 in chips)
Seat 5: 25a1cc65 (11,827 in chips)
Seat 6: 295896cb (54,042 in chips)
Seat 7: db3ffb6 (81,454 in chips)
Seat 8: 9a211a26 (49,952 in chips)
f07c9651: posts the ante 150
9a211a26: posts the ante 150
db3ffb6: posts the ante 150
d73c4ae5: posts the ante 150
Hero: posts the ante 150
25a1cc65: posts the ante 150
295896cb: posts the ante 150
1ead2fc6: posts the ante 150
9a211a26: posts small blind 500
f07c9651: posts big blind 1,000
*** HOLE CARDS ***
Dealt to f07c9651 
Dealt to Hero [6c 8d]
Dealt to d73c4ae5 
Dealt to 1ead2fc6 
Dealt to 25a1cc65 
Dealt to 295896cb 
Dealt to db3ffb6 
Dealt to 9a211a26 
Hero: folds
d73c4ae5: folds
1ead2fc6: folds
25a1cc65: folds
295896cb: folds
db3ffb6: folds
9a211a26: raises 1,000 to 2,000
f07c9651: calls 1,000
*** FLOP *** [3s 9d 5c]
9a211a26: checks
f07c9651: checks
*** TURN *** [3s 9d 5c] [Ac]
9a211a26: bets 2,340
f07c9651: folds
Uncalled bet (2,340) returned to 9a211a26
*** SHOWDOWN ***
9a211a26 collected 5,200 from pot
*** SUMMARY ***
Total pot 5,200 | Rake 0 | Jackpot 0 | Bingo 0 | Fortune 0 | Tax 0
Board [3s 9d 5c Ac]
Seat 1: f07c9651 (big blind) folded on the Turn
Seat 2: Hero folded before Flop
Seat 3: d73c4ae5 folded before Flop
Seat 4: 1ead2fc6 folded before Flop
Seat 5: 25a1cc65 folded before Flop
Seat 6: 295896cb folded before Flop
Seat 7: db3ffb6 (button) folded before Flop
Seat 8: 9a211a26 (small blind) won (5,200)


Poker Hand #TM5586994417: Tournament #263411267, Bounty Hunters Deepstack Turbo $10.80 Hold'em No Limit - Level12(500/1,000(150)) - 2026/02/14 23:54:17
Table '41' 8-max Seat #6 is the button
Seat 1: f07c9651 (53,486 in chips)
Seat 2: Hero (17,936 in chips)
Seat 3: d73c4ae5 (34,546 in chips)
Seat 4: 1ead2fc6 (86,936 in chips)
Seat 5: 25a1cc65 (11,977 in chips)
Seat 6: 295896cb (54,192 in chips)
Seat 7: db3ffb6 (82,104 in chips)
Seat 8: 9a211a26 (51,102 in chips)
f07c9651: posts the ante 150
9a211a26: posts the ante 150
db3ffb6: posts the ante 150
d73c4ae5: posts the ante 150
Hero: posts the ante 150
25a1cc65: posts the ante 150
295896cb: posts the ante 150
1ead2fc6: posts the ante 150
db3ffb6: posts small blind 500
9a211a26: posts big blind 1,000
*** HOLE CARDS ***
Dealt to f07c9651 
Dealt to Hero [Ad Js]
Dealt to d73c4ae5 
Dealt to 1ead2fc6 
Dealt to 25a1cc65 
Dealt to 295896cb 
Dealt to db3ffb6 
Dealt to 9a211a26 
f07c9651: folds
Hero: raises 16,786 to 17,786 and is all-in
d73c4ae5: folds
1ead2fc6: folds
25a1cc65: folds
295896cb: folds
db3ffb6: folds
9a211a26: folds
Uncalled bet (16,786) returned to Hero
*** SHOWDOWN ***
Hero collected 3,700 from pot
*** SUMMARY ***
Total pot 3,700 | Rake 0 | Jackpot 0 | Bingo 0 | Fortune 0 | Tax 0
Seat 1: f07c9651 folded before Flop
Seat 2: Hero collected (3,700)
Seat 3: d73c4ae5 folded before Flop
Seat 4: 1ead2fc6 folded before Flop
Seat 5: 25a1cc65 folded before Flop
Seat 6: 295896cb (button) folded before Flop
Seat 7: db3ffb6 (small blind) folded before Flop
Seat 8: 9a211a26 (big blind) folded before Flop


Poker Hand #TM5586994397: Tournament #263411267, Bounty Hunters Deepstack Turbo $10.80 Hold'em No Limit - Level12(500/1,000(150)) - 2026/02/14 23:53:12
Table '41' 8-max Seat #5 is the button
Seat 1: f07c9651 (53,636 in chips)
Seat 2: Hero (58,288 in chips)
Seat 3: d73c4ae5 (34,696 in chips)
Seat 4: 1ead2fc6 (87,086 in chips)
Seat 5: 25a1cc65 (12,127 in chips)
Seat 6: 295896cb (54,842 in chips)
Seat 7: db3ffb6 (40,352 in chips)
Seat 8: 9a211a26 (51,252 in chips)
f07c9651: posts the ante 150
9a211a26: posts the ante 150
db3ffb6: posts the ante 150
d73c4ae5: posts the ante 150
Hero: posts the ante 150
25a1cc65: posts the ante 150
295896cb: posts the ante 150
1ead2fc6: posts the ante 150
295896cb: posts small blind 500
db3ffb6: posts big blind 1,000
*** HOLE CARDS ***
Dealt to f07c9651 
Dealt to Hero [8c Kc]
Dealt to d73c4ae5 
Dealt to 1ead2fc6 
Dealt to 25a1cc65 
Dealt to 295896cb 
Dealt to db3ffb6 
Dealt to 9a211a26 
9a211a26: folds
f07c9651: folds
Hero: raises 1,000 to 2,000
d73c4ae5: folds
1ead2fc6: folds
25a1cc65: folds
295896cb: folds
db3ffb6: raises 5,700 to 7,700
Hero: calls 5,700
*** FLOP *** [9d Tc 3c]
db3ffb6: checks
Hero: bets 5,643
db3ffb6: raises 26,859 to 32,502 and is all-in
Hero: calls 26,859
db3ffb6: shows [Qd As] (Ace high)
Hero: shows [8c Kc] (King high)
*** TURN *** [9d Tc 3c] [6s]
*** RIVER *** [9d Tc 3c 6s] [Jh]
*** SHOWDOWN ***
db3ffb6 collected 82,104 from pot
*** SUMMARY ***
Total pot 82,104 | Rake 0 | Jackpot 0 | Bingo 0 | Fortune 0 | Tax 0
Board [9d Tc 3c 6s Jh]
Seat 1: f07c9651 folded before Flop
Seat 2: Hero showed [8c Kc] and lost with King high
Seat 3: d73c4ae5 folded before Flop
Seat 4: 1ead2fc6 folded before Flop
Seat 5: 25a1cc65 (button) folded before Flop
Seat 6: 295896cb (small blind) folded before Flop
Seat 7: db3ffb6 (big blind) showed [Qd As] and won (82,104) with Ace high
Seat 8: 9a211a26 folded before Flop


Poker Hand #TM5586994387: Tournament #263411267, Bounty Hunters Deepstack Turbo $10.80 Hold'em No Limit - Level12(500/1,000(150)) - 2026/02/14 23:52:42
Table '41' 8-max Seat #4 is the button
Seat 1: f07c9651 (53,786 in chips)
Seat 2: Hero (58,438 in chips)
Seat 3: d73c4ae5 (34,846 in chips)
Seat 4: 1ead2fc6 (87,236 in chips)
Seat 5: 25a1cc65 (12,777 in chips)
Seat 6: 295896cb (53,292 in chips)
Seat 7: db3ffb6 (40,502 in chips)
Seat 8: 9a211a26 (51,402 in chips)
f07c9651: posts the ante 150
9a211a26: posts the ante 150
db3ffb6: posts the ante 150
d73c4ae5: posts the ante 150
Hero: posts the ante 150
25a1cc65: posts the ante 150
295896cb: posts the ante 150
1ead2fc6: posts the ante 150
25a1cc65: posts small blind 500
295896cb: posts big blind 1,000
*** HOLE CARDS ***
Dealt to f07c9651 
Dealt to Hero [Jc 3c]
Dealt to d73c4ae5 
Dealt to 1ead2fc6 
Dealt to 25a1cc65 
Dealt to 295896cb 
Dealt to db3ffb6 
Dealt to 9a211a26 
db3ffb6: folds
9a211a26: folds
f07c9651: folds
Hero: folds
d73c4ae5: folds
1ead2fc6: folds
25a1cc65: folds
Uncalled bet (500) returned to 295896cb
*** SHOWDOWN ***
295896cb collected 2,200 from pot
*** SUMMARY ***
Total pot 2,200 | Rake 0 | Jackpot 0 | Bingo 0 | Fortune 0 | Tax 0
Seat 1: f07c9651 folded before Flop
Seat 2: Hero folded before Flop
Seat 3: d73c4ae5 folded before Flop
Seat 4: 1ead2fc6 (button) folded before Flop
Seat 5: 25a1cc65 (small blind) folded before Flop
Seat 6: 295896cb (big blind) collected (2,200)
Seat 7: db3ffb6 folded before Flop
Seat 8: 9a211a26 folded before Flop


Poker Hand #TM5586994363: Tournament #263411267, Bounty Hunters Deepstack Turbo $10.80 Hold'em No Limit - Level12(500/1,000(150)) - 2026/02/14 23:51:38
Table '41' 8-max Seat #3 is the button
Seat 1: f07c9651 (53,936 in chips)
Seat 2: Hero (26,869 in chips)
Seat 3: d73c4ae5 (34,996 in chips)
Seat 4: 1ead2fc6 (87,886 in chips)
Seat 5: 25a1cc65 (13,927 in chips)
Seat 6: 295896cb (55,742 in chips)
Seat 7: db3ffb6 (67,371 in chips)
Seat 8: 9a211a26 (51,552 in chips)
f07c9651: posts the ante 150
9a211a26: posts the ante 150
db3ffb6: posts the ante 150
d73c4ae5: posts the ante 150
Hero: posts the ante 150
25a1cc65: posts the ante 150
295896cb: posts the ante 150
1ead2fc6: posts the ante 150
1ead2fc6: posts small blind 500
25a1cc65: posts big blind 1,000
*** HOLE CARDS ***
Dealt to f07c9651 
Dealt to Hero [7h Ah]
Dealt to d73c4ae5 
Dealt to 1ead2fc6 
Dealt to 25a1cc65 
Dealt to 295896cb 
Dealt to db3ffb6 
Dealt to 9a211a26 
295896cb: raises 1,300 to 2,300
db3ffb6: calls 2,300
9a211a26: folds
f07c9651: folds
Hero: raises 24,419 to 26,719 and is all-in
d73c4ae5: folds
1ead2fc6: folds
25a1cc65: folds
295896cb: folds
db3ffb6: calls 24,419
Hero: shows [7h Ah]
db3ffb6: shows [3h 3d]
*** FLOP *** [Kc 4d Jh]
*** TURN *** [Kc 4d Jh] [As]
*** RIVER *** [Kc 4d Jh As] [4s]
*** SHOWDOWN ***
Hero collected 58,438 from pot
*** SUMMARY ***
Total pot 58,438 | Rake 0 | Jackpot 0 | Bingo 0 | Fortune 0 | Tax 0
Board [Kc 4d Jh As 4s]
Seat 1: f07c9651 folded before Flop
Seat 2: Hero showed [7h Ah] and won (58,438) with two pair, Aces and Fours
Seat 3: d73c4ae5 (button) folded before Flop
Seat 4: 1ead2fc6 (small blind) folded before Flop
Seat 5: 25a1cc65 (big blind) folded before Flop
Seat 6: 295896cb folded before Flop
Seat 7: db3ffb6 showed [3h 3d] and lost with two pair, Fours and Threes
Seat 8: 9a211a26 folded before Flop


Poker Hand #TM5586994360: Tournament #263411267, Bounty Hunters Deepstack Turbo $10.80 Hold'em No Limit - Level12(500/1,000(150)) - 2026/02/14 23:51:23
Table '41' 8-max Seat #2 is the button
Seat 1: f07c9651 (54,086 in chips)
Seat 2: Hero (27,019 in chips)
Seat 3: d73c4ae5 (35,646 in chips)
Seat 4: 1ead2fc6 (86,336 in chips)
Seat 5: 25a1cc65 (14,077 in chips)
Seat 6: 295896cb (55,892 in chips)
Seat 7: db3ffb6 (67,521 in chips)
Seat 8: 9a211a26 (51,702 in chips)
f07c9651: posts the ante 150
9a211a26: posts the ante 150
db3ffb6: posts the ante 150
d73c4ae5: posts the ante 150
Hero: posts the ante 150
25a1cc65: posts the ante 150
295896cb: posts the ante 150
1ead2fc6: posts the ante 150
d73c4ae5: posts small blind 500
1ead2fc6: posts big blind 1,000
*** HOLE CARDS ***
Dealt to f07c9651 
Dealt to Hero [7s 3d]
Dealt to d73c4ae5 
Dealt to 1ead2fc6 
Dealt to 25a1cc65 
Dealt to 295896cb 
Dealt to db3ffb6 
Dealt to 9a211a26 
25a1cc65: folds
295896cb: folds
db3ffb6: folds
9a211a26: folds
f07c9651: folds
Hero: folds
d73c4ae5: folds
Uncalled bet (500) returned to 1ead2fc6
*** SHOWDOWN ***
1ead2fc6 collected 2,200 from pot
*** SUMMARY ***
Total pot 2,200 | Rake 0 | Jackpot 0 | Bingo 0 | Fortune 0 | Tax 0
Seat 1: f07c9651 folded before Flop
Seat 2: Hero (button) folded before Flop
Seat 3: d73c4ae5 (small blind) folded before Flop
Seat 4: 1ead2fc6 (big blind) collected (2,200)
Seat 5: 25a1cc65 folded before Flop
Seat 6: 295896cb folded before Flop
Seat 7: db3ffb6 folded before Flop
Seat 8: 9a211a26 folded before Flop


Poker Hand #TM5586994342: Tournament #263411267, Bounty Hunters Deepstack Turbo $10.80 Hold'em No Limit - Level12(500/1,000(150)) - 2026/02/14 23:50:31
Table '41' 8-max Seat #1 is the button
Seat 1: f07c9651 (54,236 in chips)
Seat 2: Hero (27,669 in chips)
Seat 3: d73c4ae5 (37,796 in chips)
Seat 4: 1ead2fc6 (86,486 in chips)
Seat 5: 25a1cc65 (14,227 in chips)
Seat 6: 295896cb (50,342 in chips)
Seat 7: db3ffb6 (67,671 in chips)
Seat 8: 9a211a26 (53,852 in chips)
f07c9651: posts the ante 150
9a211a26: posts the ante 150
db3ffb6: posts the ante 150
d73c4ae5: posts the ante 150
Hero: posts the ante 150
25a1cc65: posts the ante 150
295896cb: posts the ante 150
1ead2fc6: posts the ante 150
Hero: posts small blind 500
d73c4ae5: posts big blind 1,000
*** HOLE CARDS ***
Dealt to f07c9651 
Dealt to Hero [6s Ad]
Dealt to d73c4ae5 
Dealt to 1ead2fc6 
Dealt to 25a1cc65 
Dealt to 295896cb 
Dealt to db3ffb6 
Dealt to 9a211a26 
1ead2fc6: folds
25a1cc65: folds
295896cb: raises 1,000 to 2,000
db3ffb6: folds
9a211a26: calls 2,000
f07c9651: folds
Hero: folds
d73c4ae5: calls 1,000
*** FLOP *** [8h 8d Qc]
d73c4ae5: checks
295896cb: bets 1,925
9a211a26: folds
d73c4ae5: folds
Uncalled bet (1,925) returned to 295896cb
*** SHOWDOWN ***
295896cb collected 7,700 from pot
*** SUMMARY ***
Total pot 7,700 | Rake 0 | Jackpot 0 | Bingo 0 | Fortune 0 | Tax 0
Board [8h 8d Qc]
Seat 1: f07c9651 (button) folded before Flop
Seat 2: Hero (small blind) folded before Flop
Seat 3: d73c4ae5 (big blind) folded on the Flop
Seat 4: 1ead2fc6 folded before Flop
Seat 5: 25a1cc65 folded before Flop
Seat 6: 295896cb won (7,700)
Seat 7: db3ffb6 folded before Flop
Seat 8: 9a211a26 folded on the Flop


Poker Hand #TM5586994319: Tournament #263411267, Bounty Hunters Deepstack Turbo $10.80 Hold'em No Limit - Level11(400/800(120)) - 2026/02/14 23:49:23
Table '41' 8-max Seat #8 is the button
Seat 1: f07c9651 (25,878 in chips)
Seat 2: Hero (53,547 in chips)
Seat 3: d73c4ae5 (37,916 in chips)
Seat 4: 1ead2fc6 (86,606 in chips)
Seat 5: 25a1cc65 (14,347 in chips)
Seat 6: 295896cb (50,462 in chips)
Seat 7: db3ffb6 (67,791 in chips)
Seat 8: 9a211a26 (55,732 in chips)
f07c9651: posts the ante 120
9a211a26: posts the ante 120
db3ffb6: posts the ante 120
d73c4ae5: posts the ante 120
Hero: posts the ante 120
25a1cc65: posts the ante 120
295896cb: posts the ante 120
1ead2fc6: posts the ante 120
f07c9651: posts small blind 400
Hero: posts big blind 800
*** HOLE CARDS ***
Dealt to f07c9651 
Dealt to Hero [Jd Ah]
Dealt to d73c4ae5 
Dealt to 1ead2fc6 
Dealt to 25a1cc65 
Dealt to 295896cb 
Dealt to db3ffb6 
Dealt to 9a211a26 
d73c4ae5: folds
1ead2fc6: folds
25a1cc65: folds
295896cb: folds
db3ffb6: folds
9a211a26: raises 960 to 1,760
f07c9651: raises 23,998 to 25,758 and is all-in
Hero: raises 27,669 to 53,427 and is all-in
9a211a26: folds
Uncalled bet (27,669) returned to Hero
Hero: shows [Jd Ah]
f07c9651: shows [As Ks]
*** FLOP *** [3h 6d 8c]
*** TURN *** [3h 6d 8c] [3c]
*** RIVER *** [3h 6d 8c 3c] [Qc]
9a211a26: shows [Ac] (a pair of Threes)
*** SHOWDOWN ***
f07c9651 collected 54,236 from pot
*** SUMMARY ***
Total pot 54,236 | Rake 0 | Jackpot 0 | Bingo 0 | Fortune 0 | Tax 0
Board [3h 6d 8c 3c Qc]
Seat 1: f07c9651 (small blind) showed [As Ks] and won (54,236) with a pair of Threes
Seat 2: Hero (big blind) showed [Jd Ah] and lost with a pair of Threes
Seat 3: d73c4ae5 folded before Flop
Seat 4: 1ead2fc6 folded before Flop
Seat 5: 25a1cc65 folded before Flop
Seat 6: 295896cb folded before Flop
Seat 7: db3ffb6 folded before Flop
Seat 8: 9a211a26 (button) folded before Flop


Poker Hand #TM5586994300: Tournament #263411267, Bounty Hunters Deepstack Turbo $10.80 Hold'em No Limit - Level11(400/800(120)) - 2026/02/14 23:48:24
Table '41' 8-max Seat #7 is the button
Seat 1: f07c9651 (27,598 in chips)
Seat 2: Hero (52,387 in chips)
Seat 3: d73c4ae5 (38,036 in chips)
Seat 4: 1ead2fc6 (86,726 in chips)
Seat 5: 25a1cc65 (14,467 in chips)
Seat 6: 295896cb (50,582 in chips)
Seat 7: db3ffb6 (67,911 in chips)
Seat 8: 9a211a26 (54,572 in chips)
f07c9651: posts the ante 120
9a211a26: posts the ante 120
db3ffb6: posts the ante 120
d73c4ae5: posts the ante 120
Hero: posts the ante 120
25a1cc65: posts the ante 120
295896cb: posts the ante 120
1ead2fc6: posts the ante 120
9a211a26: posts small blind 400
f07c9651: posts big blind 800
*** HOLE CARDS ***
Dealt to f07c9651 
Dealt to Hero [Ah Qs]
Dealt to d73c4ae5 
Dealt to 1ead2fc6 
Dealt to 25a1cc65 
Dealt to 295896cb 
Dealt to db3ffb6 
Dealt to 9a211a26 
Hero: raises 800 to 1,600
d73c4ae5: folds
1ead2fc6: folds
25a1cc65: folds
295896cb: folds
db3ffb6: folds
9a211a26: calls 1,200
f07c9651: calls 800
*** FLOP *** [5s Ac Kc]
9a211a26: checks
f07c9651: checks
Hero: bets 1,901
9a211a26: calls 1,901
f07c9651: folds
*** TURN *** [5s Ac Kc] [8s]
9a211a26: checks
Hero: bets 6,372
9a211a26: calls 6,372
*** RIVER *** [5s Ac Kc 8s] [7c]
9a211a26: checks
Hero: checks
9a211a26: shows [As Qd] (a pair of Aces)
Hero: shows [Ah Qs] (a pair of Aces)
*** SHOWDOWN ***
Hero collected 11,153 from pot
9a211a26 collected 11,153 from pot
*** SUMMARY ***
Total pot 22,306 | Rake 0 | Jackpot 0 | Bingo 0 | Fortune 0 | Tax 0
Board [5s Ac Kc 8s 7c]
Seat 1: f07c9651 (big blind) folded on the Flop
Seat 2: Hero showed [Ah Qs] and won (11,153) with a pair of Aces
Seat 3: d73c4ae5 folded before Flop
Seat 4: 1ead2fc6 folded before Flop
Seat 5: 25a1cc65 folded before Flop
Seat 6: 295896cb folded before Flop
Seat 7: db3ffb6 (button) folded before Flop
Seat 8: 9a211a26 (small blind) showed [As Qd] and won (11,153) with a pair of Aces


Poker Hand #TM5586994289: Tournament #263411267, Bounty Hunters Deepstack Turbo $10.80 Hold'em No Limit - Level11(400/800(120)) - 2026/02/14 23:47:57
Table '41' 8-max Seat #6 is the button
Seat 1: f07c9651 (27,718 in chips)
Seat 2: Hero (52,507 in chips)
Seat 3: d73c4ae5 (38,156 in chips)
Seat 4: 1ead2fc6 (84,686 in chips)
Seat 5: 25a1cc65 (14,587 in chips)
Seat 6: 295896cb (50,702 in chips)
Seat 7: db3ffb6 (68,431 in chips)
Seat 8: 9a211a26 (55,492 in chips)
f07c9651: posts the ante 120
9a211a26: posts the ante 120
db3ffb6: posts the ante 120
d73c4ae5: posts the ante 120
Hero: posts the ante 120
25a1cc65: posts the ante 120
295896cb: posts the ante 120
1ead2fc6: posts the ante 120
db3ffb6: posts small blind 400
9a211a26: posts big blind 800
*** HOLE CARDS ***
Dealt to f07c9651 
Dealt to Hero [5c Ad]
Dealt to d73c4ae5 
Dealt to 1ead2fc6 
Dealt to 25a1cc65 
Dealt to 295896cb 
Dealt to db3ffb6 
Dealt to 9a211a26 
f07c9651: folds
Hero: folds
d73c4ae5: folds
1ead2fc6: raises 960 to 1,760
25a1cc65: folds
295896cb: folds
db3ffb6: folds
9a211a26: folds
Uncalled bet (960) returned to 1ead2fc6
*** SHOWDOWN ***
1ead2fc6 collected 2,960 from pot
*** SUMMARY ***
Total pot 2,960 | Rake 0 | Jackpot 0 | Bingo 0 | Fortune 0 | Tax 0
Seat 1: f07c9651 folded before Flop
Seat 2: Hero folded before Flop
Seat 3: d73c4ae5 folded before Flop
Seat 4: 1ead2fc6 collected (2,960)
Seat 5: 25a1cc65 folded before Flop
Seat 6: 295896cb (button) folded before Flop
Seat 7: db3ffb6 (small blind) folded before Flop
Seat 8: 9a211a26 (big blind) folded before Flop


Poker Hand #TM5586994271: Tournament #263411267, Bounty Hunters Deepstack Turbo $10.80 Hold'em No Limit - Level11(400/800(120)) - 2026/02/14 23:47:09
Table '41' 8-max Seat #5 is the button
Seat 1: f07c9651 (27,838 in chips)
Seat 2: Hero (52,627 in chips)
Seat 3: d73c4ae5 (38,276 in chips)
Seat 4: 1ead2fc6 (84,806 in chips)
Seat 5: 25a1cc65 (14,707 in chips)
Seat 6: 295896cb (51,622 in chips)
Seat 7: db3ffb6 (66,791 in chips)
Seat 8: 9a211a26 (55,612 in chips)
f07c9651: posts the ante 120
9a211a26: posts the ante 120
db3ffb6: posts the ante 120
d73c4ae5: posts the ante 120
Hero: posts the ante 120
25a1cc65: posts the ante 120
295896cb: posts the ante 120
1ead2fc6: posts the ante 120
295896cb: posts small blind 400
db3ffb6: posts big blind 800
*** HOLE CARDS ***
Dealt to f07c9651 
Dealt to Hero [8d 7c]
Dealt to d73c4ae5 
Dealt to 1ead2fc6 
Dealt to 25a1cc65 
Dealt to 295896cb 
Dealt to db3ffb6 
Dealt to 9a211a26 
9a211a26: folds
f07c9651: folds
Hero: folds
d73c4ae5: folds
1ead2fc6: folds
25a1cc65: folds
295896cb: calls 400
db3ffb6: raises 2,400 to 3,200
295896cb: folds
Uncalled bet (2,400) returned to db3ffb6
*** SHOWDOWN ***
db3ffb6 collected 2,560 from pot
*** SUMMARY ***
Total pot 2,560 | Rake 0 | Jackpot 0 | Bingo 0 | Fortune 0 | Tax 0
Seat 1: f07c9651 folded before Flop
Seat 2: Hero folded before Flop
Seat 3: d73c4ae5 folded before Flop
Seat 4: 1ead2fc6 folded before Flop
Seat 5: 25a1cc65 (button) folded before Flop
Seat 6: 295896cb (small blind) folded before Flop
Seat 7: db3ffb6 (big blind) collected (2,560)
Seat 8: 9a211a26 folded before Flop


Poker Hand #TM5586994252: Tournament #263411267, Bounty Hunters Deepstack Turbo $10.80 Hold'em No Limit - Level11(400/800(120)) - 2026/02/14 23:46:12
Table '41' 8-max Seat #4 is the button
Seat 1: f07c9651 (18,160 in chips)
Seat 2: Hero (52,747 in chips)
Seat 3: d73c4ae5 (38,396 in chips)
Seat 4: 1ead2fc6 (84,926 in chips)
Seat 5: 25a1cc65 (15,227 in chips)
Seat 6: 295896cb (60,180 in chips)
Seat 7: db3ffb6 (66,911 in chips)
Seat 8: 9a211a26 (55,732 in chips)
f07c9651: posts the ante 120
9a211a26: posts the ante 120
db3ffb6: posts the ante 120
d73c4ae5: posts the ante 120
Hero: posts the ante 120
25a1cc65: posts the ante 120
295896cb: posts the ante 120
1ead2fc6: posts the ante 120
25a1cc65: posts small blind 400
295896cb: posts big blind 800
*** HOLE CARDS ***
Dealt to f07c9651 
Dealt to Hero [9c 8d]
Dealt to d73c4ae5 
Dealt to 1ead2fc6 
Dealt to 25a1cc65 
Dealt to 295896cb 
Dealt to db3ffb6 
Dealt to 9a211a26 
db3ffb6: folds
9a211a26: folds
f07c9651: raises 800 to 1,600
Hero: folds
d73c4ae5: folds
1ead2fc6: folds
25a1cc65: folds
295896cb: calls 800
*** FLOP *** [3d 9h 7d]
295896cb: checks
f07c9651: checks
*** TURN *** [3d 9h 7d] [6h]
295896cb: bets 1,551
f07c9651: calls 1,551
*** RIVER *** [3d 9h 7d 6h] [6d]
295896cb: bets 5,287
f07c9651: calls 5,287
295896cb: shows [Qc Td] (a pair of Sixes)
f07c9651: shows [5c 6c] (three of a kind, Sixes)
*** SHOWDOWN ***
f07c9651 collected 18,236 from pot
*** SUMMARY ***
Total pot 18,236 | Rake 0 | Jackpot 0 | Bingo 0 | Fortune 0 | Tax 0
Board [3d 9h 7d 6h 6d]
Seat 1: f07c9651 showed [5c 6c] and won (18,236) with three of a kind, Sixes
Seat 2: Hero folded before Flop
Seat 3: d73c4ae5 folded before Flop
Seat 4: 1ead2fc6 (button) folded before Flop
Seat 5: 25a1cc65 (small blind) folded before Flop
Seat 6: 295896cb (big blind) showed [Qc Td] and lost with a pair of Sixes
Seat 7: db3ffb6 folded before Flop
Seat 8: 9a211a26 folded before Flop


Poker Hand #TM5586526999: Tournament #263411267, Bounty Hunters Deepstack Turbo $10.80 Hold'em No Limit - Level11(400/800(120)) - 2026/02/14 23:44:22
Table '108' 8-max Seat #3 is the button
Seat 1: 7b937db4 (109,378 in chips)
Seat 3: 34766e2c (19,321 in chips)
Seat 4: 30c1b41 (7,230 in chips)
Seat 5: Hero (53,667 in chips)
Seat 6: e87a159c (27,419 in chips)
Seat 7: c2891c23 (86,420 in chips)
Seat 8: eb16603d (64,344 in chips)
Hero: posts the ante 120
c2891c23: posts the ante 120
e87a159c: posts the ante 120
30c1b41: posts the ante 120
eb16603d: posts the ante 120
34766e2c: posts the ante 120
7b937db4: posts the ante 120
30c1b41: posts small blind 400
Hero: posts big blind 800
*** HOLE CARDS ***
Dealt to 7b937db4 
Dealt to 34766e2c 
Dealt to 30c1b41 
Dealt to Hero [2d 2c]
Dealt to e87a159c 
Dealt to c2891c23 
Dealt to eb16603d 
e87a159c: raises 800 to 1,600
c2891c23: folds
eb16603d: folds
7b937db4: calls 1,600
34766e2c: folds
30c1b41: raises 5,510 to 7,110 and is all-in
Hero: folds
e87a159c: raises 20,189 to 27,299 and is all-in
7b937db4: calls 25,699
e87a159c: shows [6d 6s]
7b937db4: shows [8c 8h]
30c1b41: shows [Kh Jd]
*** FLOP *** [Jc 4c 5c]
*** TURN *** [Jc 4c 5c] [Ad]
*** RIVER *** [Jc 4c 5c Ad] [3s]
*** SHOWDOWN ***
30c1b41 collected 22,970 from pot
7b937db4 collected 40,378 from pot
*** SUMMARY ***
Total pot 63,348 | Rake 0 | Jackpot 0 | Bingo 0 | Fortune 0 | Tax 0
Board [Jc 4c 5c Ad 3s]
Seat 1: 7b937db4 showed [8c 8h] and won (40,378) with a pair of Eights
Seat 3: 34766e2c (button) folded before Flop
Seat 4: 30c1b41 (small blind) showed [Kh Jd] and won (22,970) with a pair of Jacks
Seat 5: Hero (big blind) folded before Flop
Seat 6: e87a159c showed [6d 6s] and lost with a pair of Sixes
Seat 7: c2891c23 folded before Flop
Seat 8: eb16603d folded before Flop


Poker Hand #TM5586526981: Tournament #263411267, Bounty Hunters Deepstack Turbo $10.80 Hold'em No Limit - Level11(400/800(120)) - 2026/02/14 23:43:24
Table '108' 8-max Seat #1 is the button
Seat 1: 7b937db4 (109,498 in chips)
Seat 2: 22518c51 (16,560 in chips)
Seat 3: 34766e2c (20,241 in chips)
Seat 4: 30c1b41 (9,750 in chips)
Seat 5: Hero (33,187 in chips)
Seat 6: e87a159c (27,539 in chips)
Seat 7: c2891c23 (86,540 in chips)
Seat 8: eb16603d (64,464 in chips)
Hero: posts the ante 120
c2891c23: posts the ante 120
e87a159c: posts the ante 120
22518c51: posts the ante 120
30c1b41: posts the ante 120
eb16603d: posts the ante 120
7b937db4: posts the ante 120
34766e2c: posts the ante 120
22518c51: posts small blind 400
34766e2c: posts big blind 800
*** HOLE CARDS ***
Dealt to 7b937db4 
Dealt to 22518c51 
Dealt to 34766e2c 
Dealt to 30c1b41 
Dealt to Hero [Kh Kd]
Dealt to e87a159c 
Dealt to c2891c23 
Dealt to eb16603d 
30c1b41: calls 800
Hero: raises 1,600 to 2,400
e87a159c: folds
c2891c23: folds
eb16603d: folds
7b937db4: folds
22518c51: calls 2,000
34766e2c: folds
30c1b41: calls 1,600
*** FLOP *** [Ts Kc 8c]
22518c51: bets 14,040 and is all-in
30c1b41: folds
Hero: calls 14,040
22518c51: shows [Ac Tc] (a pair of Tens)
Hero: shows [Kh Kd] (three of a kind, Kings)
*** TURN *** [Ts Kc 8c] [9c]
*** RIVER *** [Ts Kc 8c 9c] [Th]
*** SHOWDOWN ***
Hero collected 37,040 from pot
*** SUMMARY ***
Total pot 37,040 | Rake 0 | Jackpot 0 | Bingo 0 | Fortune 0 | Tax 0
Board [Ts Kc 8c 9c Th]
Seat 1: 7b937db4 (button) folded before Flop
Seat 2: 22518c51 (small blind) showed [Ac Tc] and lost with a flush Ace high
Seat 3: 34766e2c (big blind) folded before Flop
Seat 4: 30c1b41 folded on the Flop
Seat 5: Hero showed [Kh Kd] and won (37,040) with a full house, Kings full of Tens
Seat 6: e87a159c folded before Flop
Seat 7: c2891c23 folded before Flop
Seat 8: eb16603d folded before Flop


Poker Hand #TM5586526948: Tournament #263411267, Bounty Hunters Deepstack Turbo $10.80 Hold'em No Limit - Level10(350/700(100)) - 2026/02/14 23:41:29
Table '108' 8-max Seat #8 is the button
Seat 1: 7b937db4 (92,252 in chips)
Seat 2: 22518c51 (18,060 in chips)
Seat 3: 34766e2c (20,341 in chips)
Seat 4: 30c1b41 (9,850 in chips)
Seat 5: Hero (33,287 in chips)
Seat 6: e87a159c (27,639 in chips)
Seat 7: c2891c23 (101,786 in chips)
Seat 8: eb16603d (64,564 in chips)
Hero: posts the ante 100
c2891c23: posts the ante 100
e87a159c: posts the ante 100
22518c51: posts the ante 100
30c1b41: posts the ante 100
eb16603d: posts the ante 100
34766e2c: posts the ante 100
7b937db4: posts the ante 100
7b937db4: posts small blind 350
22518c51: posts big blind 700
*** HOLE CARDS ***
Dealt to 7b937db4 
Dealt to 22518c51 
Dealt to 34766e2c 
Dealt to 30c1b41 
Dealt to Hero [4d 3s]
Dealt to e87a159c 
Dealt to c2891c23 
Dealt to eb16603d 
34766e2c: folds
30c1b41: folds
Hero: folds
e87a159c: folds
c2891c23: raises 700 to 1,400
eb16603d: folds
7b937db4: calls 1,050
22518c51: calls 700
*** FLOP *** [8c 7d 8d]
7b937db4: checks
22518c51: checks
c2891c23: bets 1,550
7b937db4: raises 4,050 to 5,600
22518c51: folds
c2891c23: calls 4,050
*** TURN *** [8c 7d 8d] [Ac]
7b937db4: bets 5,346
c2891c23: calls 5,346
*** RIVER *** [8c 7d 8d Ac] [2s]
7b937db4: bets 2,800
c2891c23: calls 2,800
7b937db4: shows [Ah 8s] (a full house, Eights full of Aces)
c2891c23: shows [Ts 7s] (two pair, Eights and Sevens)
*** SHOWDOWN ***
7b937db4 collected 32,492 from pot
*** SUMMARY ***
Total pot 32,492 | Rake 0 | Jackpot 0 | Bingo 0 | Fortune 0 | Tax 0
Board [8c 7d 8d Ac 2s]
Seat 1: 7b937db4 (small blind) showed [Ah 8s] and won (32,492) with a full house, Eights full of Aces
Seat 2: 22518c51 (big blind) folded on the Flop
Seat 3: 34766e2c folded before Flop
Seat 4: 30c1b41 folded before Flop
Seat 5: Hero folded before Flop
Seat 6: e87a159c folded before Flop
Seat 7: c2891c23 showed [Ts 7s] and lost with two pair, Eights and Sevens
Seat 8: eb16603d (button) folded before Flop


Poker Hand #TM5586526926: Tournament #263411267, Bounty Hunters Deepstack Turbo $10.80 Hold'em No Limit - Level10(350/700(100)) - 2026/02/14 23:40:11
Table '108' 8-max Seat #7 is the button
Seat 1: 7b937db4 (85,727 in chips)
Seat 2: 22518c51 (18,160 in chips)
Seat 3: 34766e2c (20,441 in chips)
Seat 4: 30c1b41 (9,950 in chips)
Seat 5: Hero (33,387 in chips)
Seat 6: e87a159c (33,214 in chips)
Seat 7: c2891c23 (101,886 in chips)
Seat 8: eb16603d (65,014 in chips)
Hero: posts the ante 100
c2891c23: posts the ante 100
e87a159c: posts the ante 100
22518c51: posts the ante 100
30c1b41: posts the ante 100
eb16603d: posts the ante 100
34766e2c: posts the ante 100
7b937db4: posts the ante 100
eb16603d: posts small blind 350
7b937db4: posts big blind 700
*** HOLE CARDS ***
Dealt to 7b937db4 
Dealt to 22518c51 
Dealt to 34766e2c 
Dealt to 30c1b41 
Dealt to Hero [Th 2c]
Dealt to e87a159c 
Dealt to c2891c23 
Dealt to eb16603d 
22518c51: folds
34766e2c: folds
30c1b41: folds
Hero: folds
e87a159c: raises 700 to 1,400
c2891c23: folds
eb16603d: folds
7b937db4: calls 700
*** FLOP *** [2s 9d 6d]
7b937db4: checks
e87a159c: bets 1,975
7b937db4: calls 1,975
*** TURN *** [2s 9d 6d] [4d]
7b937db4: bets 2,100
e87a159c: calls 2,100
*** RIVER *** [2s 9d 6d 4d] [4c]
7b937db4: checks
e87a159c: checks
7b937db4: shows [Jd 5d] (a flush Jack high)
e87a159c: shows [Kd 8h] (a pair of Fours)
*** SHOWDOWN ***
7b937db4 collected 12,100 from pot
*** SUMMARY ***
Total pot 12,100 | Rake 0 | Jackpot 0 | Bingo 0 | Fortune 0 | Tax 0
Board [2s 9d 6d 4d 4c]
Seat 1: 7b937db4 (big blind) showed [Jd 5d] and won (12,100) with a flush Jack high
Seat 2: 22518c51 folded before Flop
Seat 3: 34766e2c folded before Flop
Seat 4: 30c1b41 folded before Flop
Seat 5: Hero folded before Flop
Seat 6: e87a159c showed [Kd 8h] and lost with a pair of Fours
Seat 7: c2891c23 (button) folded before Flop
Seat 8: eb16603d (small blind) folded before Flop


Poker Hand #TM5586526906: Tournament #263411267, Bounty Hunters Deepstack Turbo $10.80 Hold'em No Limit - Level10(350/700(100)) - 2026/02/14 23:39:09
Table '108' 8-max Seat #6 is the button
Seat 1: 7b937db4 (85,827 in chips)
Seat 2: 22518c51 (18,260 in chips)
Seat 3: 34766e2c (20,541 in chips)
Seat 4: 30c1b41 (16,600 in chips)
Seat 5: Hero (33,487 in chips)
Seat 6: e87a159c (35,064 in chips)
Seat 7: c2891c23 (102,336 in chips)
Seat 8: eb16603d (55,664 in chips)
Hero: posts the ante 100
e87a159c: posts the ante 100
c2891c23: posts the ante 100
22518c51: posts the ante 100
30c1b41: posts the ante 100
eb16603d: posts the ante 100
34766e2c: posts the ante 100
7b937db4: posts the ante 100
c2891c23: posts small blind 350
eb16603d: posts big blind 700
*** HOLE CARDS ***
Dealt to 7b937db4 
Dealt to 22518c51 
Dealt to 34766e2c 
Dealt to 30c1b41 
Dealt to Hero [Qd 3d]
Dealt to e87a159c 
Dealt to c2891c23 
Dealt to eb16603d 
7b937db4: folds
22518c51: folds
34766e2c: folds
30c1b41: raises 1,050 to 1,750
Hero: folds
e87a159c: calls 1,750
c2891c23: folds
eb16603d: raises 4,800 to 6,550
30c1b41: calls 4,800
e87a159c: folds
*** FLOP *** [8s 6s 5d]
eb16603d: bets 10,800
30c1b41: folds
Uncalled bet (10,800) returned to eb16603d
*** SHOWDOWN ***
eb16603d collected 16,000 from pot
*** SUMMARY ***
Total pot 16,000 | Rake 0 | Jackpot 0 | Bingo 0 | Fortune 0 | Tax 0
Board [8s 6s 5d]
Seat 1: 7b937db4 folded before Flop
Seat 2: 22518c51 folded before Flop
Seat 3: 34766e2c folded before Flop
Seat 4: 30c1b41 folded on the Flop
Seat 5: Hero folded before Flop
Seat 6: e87a159c (button) folded before Flop
Seat 7: c2891c23 (small blind) folded before Flop
Seat 8: eb16603d (big blind) won (16,000)


Poker Hand #TM5586526898: Tournament #263411267, Bounty Hunters Deepstack Turbo $10.80 Hold'em No Limit - Level10(350/700(100)) - 2026/02/14 23:38:38
Table '108' 8-max Seat #5 is the button
Seat 1: 7b937db4 (84,077 in chips)
Seat 2: 22518c51 (18,360 in chips)
Seat 3: 34766e2c (20,641 in chips)
Seat 4: 30c1b41 (16,700 in chips)
Seat 5: Hero (33,587 in chips)
Seat 6: e87a159c (35,514 in chips)
Seat 7: c2891c23 (103,136 in chips)
Seat 8: eb16603d (55,764 in chips)
Hero: posts the ante 100
c2891c23: posts the ante 100
e87a159c: posts the ante 100
22518c51: posts the ante 100
30c1b41: posts the ante 100
eb16603d: posts the ante 100
34766e2c: posts the ante 100
7b937db4: posts the ante 100
e87a159c: posts small blind 350
c2891c23: posts big blind 700
*** HOLE CARDS ***
Dealt to 7b937db4 
Dealt to 22518c51 
Dealt to 34766e2c 
Dealt to 30c1b41 
Dealt to Hero [5c 6h]
Dealt to e87a159c 
Dealt to c2891c23 
Dealt to eb16603d 
eb16603d: folds
7b937db4: raises 700 to 1,400
22518c51: folds
34766e2c: folds
30c1b41: folds
Hero: folds
e87a159c: folds
c2891c23: folds
Uncalled bet (700) returned to 7b937db4
*** SHOWDOWN ***
7b937db4 collected 2,550 from pot
*** SUMMARY ***
Total pot 2,550 | Rake 0 | Jackpot 0 | Bingo 0 | Fortune 0 | Tax 0
Seat 1: 7b937db4 collected (2,550)
Seat 2: 22518c51 folded before Flop
Seat 3: 34766e2c folded before Flop
Seat 4: 30c1b41 folded before Flop
Seat 5: Hero (button) folded before Flop
Seat 6: e87a159c (small blind) folded before Flop
Seat 7: c2891c23 (big blind) folded before Flop
Seat 8: eb16603d folded before Flop


Poker Hand #TM5586526882: Tournament #263411267, Bounty Hunters Deepstack Turbo $10.80 Hold'em No Limit - Level10(350/700(100)) - 2026/02/14 23:37:43
Table '108' 8-max Seat #4 is the button
Seat 1: 7b937db4 (78,827 in chips)
Seat 2: 22518c51 (18,460 in chips)
Seat 3: 34766e2c (20,741 in chips)
Seat 4: 30c1b41 (18,200 in chips)
Seat 5: Hero (34,037 in chips)
Seat 6: e87a159c (38,414 in chips)
Seat 7: c2891c23 (103,236 in chips)
Seat 8: eb16603d (55,864 in chips)
Hero: posts the ante 100
c2891c23: posts the ante 100
e87a159c: posts the ante 100
22518c51: posts the ante 100
30c1b41: posts the ante 100
eb16603d: posts the ante 100
34766e2c: posts the ante 100
7b937db4: posts the ante 100
Hero: posts small blind 350
e87a159c: posts big blind 700
*** HOLE CARDS ***
Dealt to 7b937db4 
Dealt to 22518c51 
Dealt to 34766e2c 
Dealt to 30c1b41 
Dealt to Hero [Ks 2h]
Dealt to e87a159c 
Dealt to c2891c23 
Dealt to eb16603d 
c2891c23: folds
eb16603d: folds
7b937db4: raises 700 to 1,400
22518c51: folds
34766e2c: folds
30c1b41: calls 1,400
Hero: folds
e87a159c: calls 700
*** FLOP *** [2c 5h 6c]
e87a159c: checks
7b937db4: checks
30c1b41: checks
*** TURN *** [2c 5h 6c] [2s]
e87a159c: bets 1,400
7b937db4: raises 4,075 to 5,475
30c1b41: folds
e87a159c: folds
Uncalled bet (4,075) returned to 7b937db4
*** SHOWDOWN ***
7b937db4 collected 8,150 from pot
*** SUMMARY ***
Total pot 8,150 | Rake 0 | Jackpot 0 | Bingo 0 | Fortune 0 | Tax 0
Board [2c 5h 6c 2s]
Seat 1: 7b937db4 won (8,150)
Seat 2: 22518c51 folded before Flop
Seat 3: 34766e2c folded before Flop
Seat 4: 30c1b41 (button) folded on the Turn
Seat 5: Hero (small blind) folded before Flop
Seat 6: e87a159c (big blind) folded on the Turn
Seat 7: c2891c23 folded before Flop
Seat 8: eb16603d folded before Flop


Poker Hand #TM5586526878: Tournament #263411267, Bounty Hunters Deepstack Turbo $10.80 Hold'em No Limit - Level10(350/700(100)) - 2026/02/14 23:37:16
Table '108' 8-max Seat #3 is the button
Seat 1: 7b937db4 (78,927 in chips)
Seat 2: 22518c51 (18,560 in chips)
Seat 3: 34766e2c (20,841 in chips)
Seat 4: 30c1b41 (19,000 in chips)
Seat 5: Hero (32,637 in chips)
Seat 6: e87a159c (38,514 in chips)
Seat 7: c2891c23 (103,336 in chips)
Seat 8: eb16603d (55,964 in chips)
Hero: posts the ante 100
c2891c23: posts the ante 100
e87a159c: posts the ante 100
22518c51: posts the ante 100
30c1b41: posts the ante 100
eb16603d: posts the ante 100
34766e2c: posts the ante 100
7b937db4: posts the ante 100
30c1b41: posts small blind 350
Hero: posts big blind 700
*** HOLE CARDS ***
Dealt to 7b937db4 
Dealt to 22518c51 
Dealt to 34766e2c 
Dealt to 30c1b41 
Dealt to Hero [Qs Ah]
Dealt to e87a159c 
Dealt to c2891c23 
Dealt to eb16603d 
e87a159c: folds
c2891c23: folds
eb16603d: folds
7b937db4: folds
22518c51: folds
34766e2c: folds
30c1b41: calls 350
Hero: raises 31,837 to 32,537 and is all-in
30c1b41: folds
Uncalled bet (31,837) returned to Hero
*** SHOWDOWN ***
Hero collected 2,200 from pot
*** SUMMARY ***
Total pot 2,200 | Rake 0 | Jackpot 0 | Bingo 0 | Fortune 0 | Tax 0
Seat 1: 7b937db4 folded before Flop
Seat 2: 22518c51 folded before Flop
Seat 3: 34766e2c (button) folded before Flop
Seat 4: 30c1b41 (small blind) folded before Flop
Seat 5: Hero (big blind) collected (2,200)
Seat 6: e87a159c folded before Flop
Seat 7: c2891c23 folded before Flop
Seat 8: eb16603d folded before Flop


Poker Hand #TM5586526865: Tournament #263411267, Bounty Hunters Deepstack Turbo $10.80 Hold'em No Limit - Level10(350/700(100)) - 2026/02/14 23:36:36
Table '108' 8-max Seat #2 is the button
Seat 1: 7b937db4 (79,027 in chips)
Seat 2: 22518c51 (18,660 in chips)
Seat 3: 34766e2c (21,291 in chips)
Seat 4: 30c1b41 (19,800 in chips)
Seat 5: Hero (30,887 in chips)
Seat 6: e87a159c (38,614 in chips)
Seat 7: c2891c23 (103,436 in chips)
Seat 8: eb16603d (56,064 in chips)
Hero: posts the ante 100
c2891c23: posts the ante 100
e87a159c: posts the ante 100
22518c51: posts the ante 100
30c1b41: posts the ante 100
eb16603d: posts the ante 100
7b937db4: posts the ante 100
34766e2c: posts the ante 100
34766e2c: posts small blind 350
30c1b41: posts big blind 700
*** HOLE CARDS ***
Dealt to 7b937db4 
Dealt to 22518c51 
Dealt to 34766e2c 
Dealt to 30c1b41 
Dealt to Hero [8h 9h]
Dealt to e87a159c 
Dealt to c2891c23 
Dealt to eb16603d 
Hero: raises 700 to 1,400
e87a159c: folds
c2891c23: folds
eb16603d: folds
7b937db4: folds
22518c51: folds
34766e2c: folds
30c1b41: folds
Uncalled bet (700) returned to Hero
*** SHOWDOWN ***
Hero collected 2,550 from pot
*** SUMMARY ***
Total pot 2,550 | Rake 0 | Jackpot 0 | Bingo 0 | Fortune 0 | Tax 0
Seat 1: 7b937db4 folded before Flop
Seat 2: 22518c51 (button) folded before Flop
Seat 3: 34766e2c (small blind) folded before Flop
Seat 4: 30c1b41 (big blind) folded before Flop
Seat 5: Hero collected (2,550)
Seat 6: e87a159c folded before Flop
Seat 7: c2891c23 folded before Flop
Seat 8: eb16603d folded before Flop


Poker Hand #TM5586526832: Tournament #263411267, Bounty Hunters Deepstack Turbo $10.80 Hold'em No Limit - Level10(350/700(100)) - 2026/02/14 23:34:49
Table '108' 8-max Seat #1 is the button
Seat 1: 7b937db4 (80,527 in chips)
Seat 2: 22518c51 (19,110 in chips)
Seat 3: 34766e2c (22,791 in chips)
Seat 4: 30c1b41 (19,900 in chips)
Seat 5: Hero (30,987 in chips)
Seat 6: e87a159c (40,114 in chips)
Seat 7: c2891c23 (103,536 in chips)
Seat 8: eb16603d (50,814 in chips)
Hero: posts the ante 100
c2891c23: posts the ante 100
e87a159c: posts the ante 100
22518c51: posts the ante 100
30c1b41: posts the ante 100
eb16603d: posts the ante 100
7b937db4: posts the ante 100
34766e2c: posts the ante 100
22518c51: posts small blind 350
34766e2c: posts big blind 700
*** HOLE CARDS ***
Dealt to 7b937db4 
Dealt to 22518c51 
Dealt to 34766e2c 
Dealt to 30c1b41 
Dealt to Hero [Kd 2c]
Dealt to e87a159c 
Dealt to c2891c23 
Dealt to eb16603d 
30c1b41: folds
Hero: folds
e87a159c: raises 700 to 1,400
c2891c23: folds
eb16603d: calls 1,400
7b937db4: calls 1,400
22518c51: folds
34766e2c: calls 700
*** FLOP *** [Js 8h 9h]
34766e2c: checks
e87a159c: checks
eb16603d: checks
7b937db4: checks
*** TURN *** [Js 8h 9h] [8c]
34766e2c: checks
e87a159c: checks
eb16603d: checks
7b937db4: checks
*** RIVER *** [Js 8h 9h 8c] [5s]
34766e2c: checks
e87a159c: checks
eb16603d: bets 1,400
7b937db4: folds
34766e2c: folds
e87a159c: folds
Uncalled bet (1,400) returned to eb16603d
*** SHOWDOWN ***
eb16603d collected 6,750 from pot
*** SUMMARY ***
Total pot 6,750 | Rake 0 | Jackpot 0 | Bingo 0 | Fortune 0 | Tax 0
Board [Js 8h 9h 8c 5s]
Seat 1: 7b937db4 (button) folded on the River
Seat 2: 22518c51 (small blind) folded before Flop
Seat 3: 34766e2c (big blind) folded on the River
Seat 4: 30c1b41 folded before Flop
Seat 5: Hero folded before Flop
Seat 6: e87a159c folded on the River
Seat 7: c2891c23 folded before Flop
Seat 8: eb16603d won (6,750)


Poker Hand #TM5586526820: Tournament #263411267, Bounty Hunters Deepstack Turbo $10.80 Hold'em No Limit - Level10(350/700(100)) - 2026/02/14 23:34:08
Table '108' 8-max Seat #8 is the button
Seat 1: 7b937db4 (82,027 in chips)
Seat 2: 22518c51 (19,910 in chips)
Seat 3: 34766e2c (22,891 in chips)
Seat 4: 30c1b41 (20,000 in chips)
Seat 5: Hero (26,787 in chips)
Seat 6: e87a159c (40,214 in chips)
Seat 7: c2891c23 (103,636 in chips)
Seat 8: eb16603d (52,314 in chips)
Hero: posts the ante 100
c2891c23: posts the ante 100
e87a159c: posts the ante 100
22518c51: posts the ante 100
30c1b41: posts the ante 100
eb16603d: posts the ante 100
34766e2c: posts the ante 100
7b937db4: posts the ante 100
7b937db4: posts small blind 350
22518c51: posts big blind 700
*** HOLE CARDS ***
Dealt to 7b937db4 
Dealt to 22518c51 
Dealt to 34766e2c 
Dealt to 30c1b41 
Dealt to Hero [Td As]
Dealt to e87a159c 
Dealt to c2891c23 
Dealt to eb16603d 
34766e2c: folds
30c1b41: folds
Hero: raises 700 to 1,400
e87a159c: folds
c2891c23: folds
eb16603d: calls 1,400
7b937db4: calls 1,050
22518c51: folds
*** FLOP *** [9c Ah 6s]
7b937db4: checks
Hero: bets 1,881
eb16603d: folds
7b937db4: folds
Uncalled bet (1,881) returned to Hero
*** SHOWDOWN ***
Hero collected 5,700 from pot
*** SUMMARY ***
Total pot 5,700 | Rake 0 | Jackpot 0 | Bingo 0 | Fortune 0 | Tax 0
Board [9c Ah 6s]
Seat 1: 7b937db4 (small blind) folded on the Flop
Seat 2: 22518c51 (big blind) folded before Flop
Seat 3: 34766e2c folded before Flop
Seat 4: 30c1b41 folded before Flop
Seat 5: Hero won (5,700)
Seat 6: e87a159c folded before Flop
Seat 7: c2891c23 folded before Flop
Seat 8: eb16603d (button) folded on the Flop


Poker Hand #TM5586526796: Tournament #263411267, Bounty Hunters Deepstack Turbo $10.80 Hold'em No Limit - Level9(300/600(90)) - 2026/02/14 23:32:44
Table '108' 8-max Seat #7 is the button
Seat 1: 7b937db4 (76,522 in chips)
Seat 2: 22518c51 (20,000 in chips)
Seat 3: 34766e2c (22,981 in chips)
Seat 5: Hero (26,877 in chips)
Seat 6: e87a159c (40,304 in chips)
Seat 7: c2891c23 (108,391 in chips)
Seat 8: eb16603d (52,704 in chips)
Hero: posts the ante 90
c2891c23: posts the ante 90
e87a159c: posts the ante 90
22518c51: posts the ante 90
eb16603d: posts the ante 90
34766e2c: posts the ante 90
7b937db4: posts the ante 90
eb16603d: posts small blind 300
7b937db4: posts big blind 600
*** HOLE CARDS ***
Dealt to 7b937db4 
Dealt to 22518c51 
Dealt to 34766e2c 
Dealt to Hero [9c As]
Dealt to e87a159c 
Dealt to c2891c23 
Dealt to eb16603d 
22518c51: folds
34766e2c: folds
Hero: folds
e87a159c: folds
c2891c23: raises 600 to 1,200
eb16603d: folds
7b937db4: calls 600
*** FLOP *** [Jh Jc 3h]
7b937db4: checks
c2891c23: bets 900
7b937db4: calls 900
*** TURN *** [Jh Jc 3h] [5d]
7b937db4: checks
c2891c23: bets 2,565
7b937db4: calls 2,565
*** RIVER *** [Jh Jc 3h 5d] [3d]
7b937db4: checks
c2891c23: checks
7b937db4: shows [Kd Ad] (two pair, Jacks and Threes)
c2891c23: shows [Kc 4s] (two pair, Jacks and Threes)
*** SHOWDOWN ***
7b937db4 collected 10,260 from pot
*** SUMMARY ***
Total pot 10,260 | Rake 0 | Jackpot 0 | Bingo 0 | Fortune 0 | Tax 0
Board [Jh Jc 3h 5d 3d]
Seat 1: 7b937db4 (big blind) showed [Kd Ad] and won (10,260) with two pair, Jacks and Threes
Seat 2: 22518c51 folded before Flop
Seat 3: 34766e2c folded before Flop
Seat 5: Hero folded before Flop
Seat 6: e87a159c folded before Flop
Seat 7: c2891c23 (button) showed [Kc 4s] and lost with two pair, Jacks and Threes
Seat 8: eb16603d (small blind) folded before Flop


Poker Hand #TM5586526780: Tournament #263411267, Bounty Hunters Deepstack Turbo $10.80 Hold'em No Limit - Level9(300/600(90)) - 2026/02/14 23:31:46
Table '108' 8-max Seat #6 is the button
Seat 1: 7b937db4 (76,612 in chips)
Seat 3: 34766e2c (23,071 in chips)
Seat 4: 3fa3ad67 (17,480 in chips)
Seat 5: Hero (26,967 in chips)
Seat 6: e87a159c (21,474 in chips)
Seat 7: c2891c23 (108,781 in chips)
Seat 8: eb16603d (53,394 in chips)
Hero: posts the ante 90
e87a159c: posts the ante 90
c2891c23: posts the ante 90
3fa3ad67: posts the ante 90
eb16603d: posts the ante 90
34766e2c: posts the ante 90
7b937db4: posts the ante 90
c2891c23: posts small blind 300
eb16603d: posts big blind 600
*** HOLE CARDS ***
Dealt to 7b937db4 
Dealt to 34766e2c 
Dealt to 3fa3ad67 
Dealt to Hero [6c 8d]
Dealt to e87a159c 
Dealt to c2891c23 
Dealt to eb16603d 
7b937db4: folds
34766e2c: folds
3fa3ad67: raises 780 to 1,380
Hero: folds
e87a159c: raises 3,420 to 4,800
c2891c23: folds
eb16603d: folds
3fa3ad67: raises 12,590 to 17,390 and is all-in
e87a159c: calls 12,590
3fa3ad67: shows [Ad Kd]
e87a159c: shows [Ah Qs]
*** FLOP *** [Td Qh 3d]
*** TURN *** [Td Qh 3d] [Qc]
*** RIVER *** [Td Qh 3d Qc] [Ks]
*** SHOWDOWN ***
e87a159c collected 36,310 from pot
*** SUMMARY ***
Total pot 36,310 | Rake 0 | Jackpot 0 | Bingo 0 | Fortune 0 | Tax 0
Board [Td Qh 3d Qc Ks]
Seat 1: 7b937db4 folded before Flop
Seat 3: 34766e2c folded before Flop
Seat 4: 3fa3ad67 showed [Ad Kd] and lost with two pair, Kings and Queens
Seat 5: Hero folded before Flop
Seat 6: e87a159c (button) showed [Ah Qs] and won (36,310) with three of a kind, Queens
Seat 7: c2891c23 (small blind) folded before Flop
Seat 8: eb16603d (big blind) folded before Flop


Poker Hand #TM5586526751: Tournament #263411267, Bounty Hunters Deepstack Turbo $10.80 Hold'em No Limit - Level9(300/600(90)) - 2026/02/14 23:30:03
Table '108' 8-max Seat #5 is the button
Seat 1: 7b937db4 (76,702 in chips)
Seat 2: 4cdf1049 (21,337 in chips)
Seat 3: 34766e2c (23,161 in chips)
Seat 4: 3fa3ad67 (17,570 in chips)
Seat 5: Hero (27,057 in chips)
Seat 6: e87a159c (24,564 in chips)
Seat 7: c2891c23 (83,904 in chips)
Seat 8: eb16603d (53,484 in chips)
Hero: posts the ante 90
c2891c23: posts the ante 90
e87a159c: posts the ante 90
3fa3ad67: posts the ante 90
eb16603d: posts the ante 90
34766e2c: posts the ante 90
4cdf1049: posts the ante 90
7b937db4: posts the ante 90
e87a159c: posts small blind 300
c2891c23: posts big blind 600
*** HOLE CARDS ***
Dealt to 7b937db4 
Dealt to 4cdf1049 
Dealt to 34766e2c 
Dealt to 3fa3ad67 
Dealt to Hero [Ts Kd]
Dealt to e87a159c 
Dealt to c2891c23 
Dealt to eb16603d 
eb16603d: folds
7b937db4: folds
4cdf1049: raises 600 to 1,200
34766e2c: folds
3fa3ad67: folds
Hero: folds
e87a159c: calls 900
c2891c23: calls 600
*** FLOP *** [6c 8s 3h]
e87a159c: checks
c2891c23: checks
4cdf1049: checks
*** TURN *** [6c 8s 3h] [Qs]
e87a159c: bets 1,800
c2891c23: raises 6,000 to 7,800
4cdf1049: calls 7,800
e87a159c: folds
*** RIVER *** [6c 8s 3h Qs] [Jc]
c2891c23: bets 16,290
4cdf1049: calls 12,247 and is all-in
Uncalled bet (4,043) returned to c2891c23
c2891c23: shows [8h 6h] (two pair, Eights and Sixes)
4cdf1049: shows [Js Ks] (a pair of Jacks)
*** SHOWDOWN ***
c2891c23 collected 46,214 from pot
*** SUMMARY ***
Total pot 46,214 | Rake 0 | Jackpot 0 | Bingo 0 | Fortune 0 | Tax 0
Board [6c 8s 3h Qs Jc]
Seat 1: 7b937db4 folded before Flop
Seat 2: 4cdf1049 showed [Js Ks] and lost with a pair of Jacks
Seat 3: 34766e2c folded before Flop
Seat 4: 3fa3ad67 folded before Flop
Seat 5: Hero (button) folded before Flop
Seat 6: e87a159c (small blind) folded on the Turn
Seat 7: c2891c23 (big blind) showed [8h 6h] and won (46,214) with two pair, Eights and Sixes
Seat 8: eb16603d folded before Flop


Poker Hand #TM5586526738: Tournament #263411267, Bounty Hunters Deepstack Turbo $10.80 Hold'em No Limit - Level9(300/600(90)) - 2026/02/14 23:29:18
Table '108' 8-max Seat #4 is the button
Seat 1: 7b937db4 (76,792 in chips)
Seat 2: 4cdf1049 (21,427 in chips)
Seat 3: 34766e2c (23,251 in chips)
Seat 4: 3fa3ad67 (17,660 in chips)
Seat 5: Hero (25,827 in chips)
Seat 6: e87a159c (25,254 in chips)
Seat 7: c2891c23 (83,994 in chips)
Seat 8: eb16603d (53,574 in chips)
Hero: posts the ante 90
c2891c23: posts the ante 90
e87a159c: posts the ante 90
3fa3ad67: posts the ante 90
eb16603d: posts the ante 90
34766e2c: posts the ante 90
4cdf1049: posts the ante 90
7b937db4: posts the ante 90
Hero: posts small blind 300
e87a159c: posts big blind 600
*** HOLE CARDS ***
Dealt to 7b937db4 
Dealt to 4cdf1049 
Dealt to 34766e2c 
Dealt to 3fa3ad67 
Dealt to Hero [Ah 9h]
Dealt to e87a159c 
Dealt to c2891c23 
Dealt to eb16603d 
c2891c23: folds
eb16603d: folds
7b937db4: folds
4cdf1049: folds
34766e2c: folds
3fa3ad67: folds
Hero: raises 1,200 to 1,800
e87a159c: folds
Uncalled bet (1,200) returned to Hero
*** SHOWDOWN ***
Hero collected 1,920 from pot
*** SUMMARY ***
Total pot 1,920 | Rake 0 | Jackpot 0 | Bingo 0 | Fortune 0 | Tax 0
Seat 1: 7b937db4 folded before Flop
Seat 2: 4cdf1049 folded before Flop
Seat 3: 34766e2c folded before Flop
Seat 4: 3fa3ad67 (button) folded before Flop
Seat 5: Hero (small blind) collected (1,920)
Seat 6: e87a159c (big blind) folded before Flop
Seat 7: c2891c23 folded before Flop
Seat 8: eb16603d folded before Flop


Poker Hand #TM5586526726: Tournament #263411267, Bounty Hunters Deepstack Turbo $10.80 Hold'em No Limit - Level9(300/600(90)) - 2026/02/14 23:28:40
Table '108' 8-max Seat #3 is the button
Seat 1: 7b937db4 (76,882 in chips)
Seat 2: 4cdf1049 (21,517 in chips)
Seat 3: 34766e2c (24,541 in chips)
Seat 4: 3fa3ad67 (18,950 in chips)
Seat 5: Hero (21,597 in chips)
Seat 6: e87a159c (25,344 in chips)
Seat 7: c2891c23 (85,284 in chips)
Seat 8: eb16603d (53,664 in chips)
Hero: posts the ante 90
c2891c23: posts the ante 90
e87a159c: posts the ante 90
3fa3ad67: posts the ante 90
eb16603d: posts the ante 90
34766e2c: posts the ante 90
4cdf1049: posts the ante 90
7b937db4: posts the ante 90
3fa3ad67: posts small blind 300
Hero: posts big blind 600
*** HOLE CARDS ***
Dealt to 7b937db4 
Dealt to 4cdf1049 
Dealt to 34766e2c 
Dealt to 3fa3ad67 
Dealt to Hero [Ac Kc]
Dealt to e87a159c 
Dealt to c2891c23 
Dealt to eb16603d 
e87a159c: folds
c2891c23: raises 600 to 1,200
eb16603d: folds
7b937db4: folds
4cdf1049: folds
34766e2c: calls 1,200
3fa3ad67: calls 900
Hero: raises 20,307 to 21,507 and is all-in
c2891c23: folds
34766e2c: folds
3fa3ad67: folds
Uncalled bet (20,307) returned to Hero
*** SHOWDOWN ***
Hero collected 5,520 from pot
*** SUMMARY ***
Total pot 5,520 | Rake 0 | Jackpot 0 | Bingo 0 | Fortune 0 | Tax 0
Seat 1: 7b937db4 folded before Flop
Seat 2: 4cdf1049 folded before Flop
Seat 3: 34766e2c (button) folded before Flop
Seat 4: 3fa3ad67 (small blind) folded before Flop
Seat 5: Hero (big blind) collected (5,520)
Seat 6: e87a159c folded before Flop
Seat 7: c2891c23 folded before Flop
Seat 8: eb16603d folded before Flop


Poker Hand #TM5586526714: Tournament #263411267, Bounty Hunters Deepstack Turbo $10.80 Hold'em No Limit - Level9(300/600(90)) - 2026/02/14 23:27:49
Table '108' 8-max Seat #2 is the button
Seat 1: 7b937db4 (78,172 in chips)
Seat 2: 4cdf1049 (21,607 in chips)
Seat 3: 34766e2c (20,911 in chips)
Seat 4: 3fa3ad67 (19,640 in chips)
Seat 5: Hero (21,687 in chips)
Seat 6: e87a159c (26,634 in chips)
Seat 7: c2891c23 (85,374 in chips)
Seat 8: eb16603d (53,754 in chips)
Hero: posts the ante 90
c2891c23: posts the ante 90
e87a159c: posts the ante 90
3fa3ad67: posts the ante 90
eb16603d: posts the ante 90
4cdf1049: posts the ante 90
7b937db4: posts the ante 90
34766e2c: posts the ante 90
34766e2c: posts small blind 300
3fa3ad67: posts big blind 600
*** HOLE CARDS ***
Dealt to 7b937db4 
Dealt to 4cdf1049 
Dealt to 34766e2c 
Dealt to 3fa3ad67 
Dealt to Hero [Ah 9d]
Dealt to e87a159c 
Dealt to c2891c23 
Dealt to eb16603d 
Hero: folds
e87a159c: raises 600 to 1,200
c2891c23: folds
eb16603d: folds
7b937db4: calls 1,200
4cdf1049: folds
34766e2c: raises 5,100 to 6,300
3fa3ad67: folds
e87a159c: folds
7b937db4: folds
Uncalled bet (5,100) returned to 34766e2c
*** SHOWDOWN ***
34766e2c collected 4,920 from pot
*** SUMMARY ***
Total pot 4,920 | Rake 0 | Jackpot 0 | Bingo 0 | Fortune 0 | Tax 0
Seat 1: 7b937db4 folded before Flop
Seat 2: 4cdf1049 (button) folded before Flop
Seat 3: 34766e2c (small blind) collected (4,920)
Seat 4: 3fa3ad67 (big blind) folded before Flop
Seat 5: Hero folded before Flop
Seat 6: e87a159c folded before Flop
Seat 7: c2891c23 folded before Flop
Seat 8: eb16603d folded before Flop


Poker Hand #TM5586526709: Tournament #263411267, Bounty Hunters Deepstack Turbo $10.80 Hold'em No Limit - Level9(300/600(90)) - 2026/02/14 23:27:25
Table '108' 8-max Seat #1 is the button
Seat 1: 7b937db4 (78,262 in chips)
Seat 2: 4cdf1049 (18,877 in chips)
Seat 3: 34766e2c (21,601 in chips)
Seat 4: 3fa3ad67 (19,730 in chips)
Seat 5: Hero (21,777 in chips)
Seat 6: e87a159c (26,724 in chips)
Seat 7: c2891c23 (85,464 in chips)
Seat 8: eb16603d (55,344 in chips)
Hero: posts the ante 90
c2891c23: posts the ante 90
e87a159c: posts the ante 90
3fa3ad67: posts the ante 90
eb16603d: posts the ante 90
7b937db4: posts the ante 90
34766e2c: posts the ante 90
4cdf1049: posts the ante 90
4cdf1049: posts small blind 300
34766e2c: posts big blind 600
*** HOLE CARDS ***
Dealt to 7b937db4 
Dealt to 4cdf1049 
Dealt to 34766e2c 
Dealt to 3fa3ad67 
Dealt to Hero [Qh Tc]
Dealt to e87a159c 
Dealt to c2891c23 
Dealt to eb16603d 
3fa3ad67: folds
Hero: folds
e87a159c: folds
c2891c23: folds
eb16603d: raises 900 to 1,500
7b937db4: folds
4cdf1049: raises 17,287 to 18,787 and is all-in
34766e2c: folds
eb16603d: folds
Uncalled bet (17,287) returned to 4cdf1049
*** SHOWDOWN ***
4cdf1049 collected 4,320 from pot
*** SUMMARY ***
Total pot 4,320 | Rake 0 | Jackpot 0 | Bingo 0 | Fortune 0 | Tax 0
Seat 1: 7b937db4 (button) folded before Flop
Seat 2: 4cdf1049 (small blind) collected (4,320)
Seat 3: 34766e2c (big blind) folded before Flop
Seat 4: 3fa3ad67 folded before Flop
Seat 5: Hero folded before Flop
Seat 6: e87a159c folded before Flop
Seat 7: c2891c23 folded before Flop
Seat 8: eb16603d folded before Flop


Poker Hand #TM5586526699: Tournament #263411267, Bounty Hunters Deepstack Turbo $10.80 Hold'em No Limit - Level9(300/600(90)) - 2026/02/14 23:26:58
Table '108' 8-max Seat #8 is the button
Seat 1: 7b937db4 (78,952 in chips)
Seat 2: 4cdf1049 (17,647 in chips)
Seat 3: 34766e2c (21,691 in chips)
Seat 4: 3fa3ad67 (19,820 in chips)
Seat 5: Hero (21,867 in chips)
Seat 6: e87a159c (26,814 in chips)
Seat 7: c2891c23 (85,554 in chips)
Seat 8: eb16603d (55,434 in chips)
Hero: posts the ante 90
c2891c23: posts the ante 90
e87a159c: posts the ante 90
3fa3ad67: posts the ante 90
eb16603d: posts the ante 90
34766e2c: posts the ante 90
4cdf1049: posts the ante 90
7b937db4: posts the ante 90
7b937db4: posts small blind 300
4cdf1049: posts big blind 600
*** HOLE CARDS ***
Dealt to 7b937db4 
Dealt to 4cdf1049 
Dealt to 34766e2c 
Dealt to 3fa3ad67 
Dealt to Hero [8c Td]
Dealt to e87a159c 
Dealt to c2891c23 
Dealt to eb16603d 
34766e2c: folds
3fa3ad67: folds
Hero: folds
e87a159c: folds
c2891c23: folds
eb16603d: folds
7b937db4: calls 300
4cdf1049: raises 1,500 to 2,100
7b937db4: folds
Uncalled bet (1,500) returned to 4cdf1049
*** SHOWDOWN ***
4cdf1049 collected 1,920 from pot
*** SUMMARY ***
Total pot 1,920 | Rake 0 | Jackpot 0 | Bingo 0 | Fortune 0 | Tax 0
Seat 1: 7b937db4 (small blind) folded before Flop
Seat 2: 4cdf1049 (big blind) collected (1,920)
Seat 3: 34766e2c folded before Flop
Seat 4: 3fa3ad67 folded before Flop
Seat 5: Hero folded before Flop
Seat 6: e87a159c folded before Flop
Seat 7: c2891c23 folded before Flop
Seat 8: eb16603d (button) folded before Flop


Poker Hand #TM5586526690: Tournament #263411267, Bounty Hunters Deepstack Turbo $10.80 Hold'em No Limit - Level9(300/600(90)) - 2026/02/14 23:26:22
Table '108' 8-max Seat #7 is the button
Seat 1: 7b937db4 (75,761 in chips)
Seat 2: 4cdf1049 (17,737 in chips)
Seat 3: 34766e2c (21,781 in chips)
Seat 4: 3fa3ad67 (19,910 in chips)
Seat 5: Hero (21,957 in chips)
Seat 6: e87a159c (26,904 in chips)
Seat 7: c2891c23 (87,905 in chips)
Seat 8: eb16603d (55,824 in chips)
Hero: posts the ante 90
c2891c23: posts the ante 90
e87a159c: posts the ante 90
3fa3ad67: posts the ante 90
eb16603d: posts the ante 90
34766e2c: posts the ante 90
4cdf1049: posts the ante 90
7b937db4: posts the ante 90
eb16603d: posts small blind 300
7b937db4: posts big blind 600
*** HOLE CARDS ***
Dealt to 7b937db4 
Dealt to 4cdf1049 
Dealt to 34766e2c 
Dealt to 3fa3ad67 
Dealt to Hero [6c 2d]
Dealt to e87a159c 
Dealt to c2891c23 
Dealt to eb16603d 
4cdf1049: folds
34766e2c: folds
3fa3ad67: folds
Hero: folds
e87a159c: folds
c2891c23: raises 600 to 1,200
eb16603d: folds
7b937db4: calls 600
*** FLOP *** [9d 6s Kd]
7b937db4: checks
c2891c23: bets 1,061
7b937db4: raises 2,771 to 3,832
c2891c23: folds
Uncalled bet (2,771) returned to 7b937db4
*** SHOWDOWN ***
7b937db4 collected 5,542 from pot
*** SUMMARY ***
Total pot 5,542 | Rake 0 | Jackpot 0 | Bingo 0 | Fortune 0 | Tax 0
Board [9d 6s Kd]
Seat 1: 7b937db4 (big blind) won (5,542)
Seat 2: 4cdf1049 folded before Flop
Seat 3: 34766e2c folded before Flop
Seat 4: 3fa3ad67 folded before Flop
Seat 5: Hero folded before Flop
Seat 6: e87a159c folded before Flop
Seat 7: c2891c23 (button) folded on the Flop
Seat 8: eb16603d (small blind) folded before Flop


Poker Hand #TM5586526682: Tournament #263411267, Bounty Hunters Deepstack Turbo $10.80 Hold'em No Limit - Level9(300/600(90)) - 2026/02/14 23:25:48
Table '108' 8-max Seat #6 is the button
Seat 1: 7b937db4 (74,231 in chips)
Seat 2: 4cdf1049 (17,827 in chips)
Seat 3: 34766e2c (21,871 in chips)
Seat 4: 3fa3ad67 (20,000 in chips)
Seat 5: Hero (22,047 in chips)
Seat 6: e87a159c (26,994 in chips)
Seat 7: c2891c23 (88,295 in chips)
Seat 8: eb16603d (56,514 in chips)
Hero: posts the ante 90
e87a159c: posts the ante 90
c2891c23: posts the ante 90
3fa3ad67: posts the ante 90
eb16603d: posts the ante 90
34766e2c: posts the ante 90
4cdf1049: posts the ante 90
7b937db4: posts the ante 90
c2891c23: posts small blind 300
eb16603d: posts big blind 600
*** HOLE CARDS ***
Dealt to 7b937db4 
Dealt to 4cdf1049 
Dealt to 34766e2c 
Dealt to 3fa3ad67 
Dealt to Hero [Td 4h]
Dealt to e87a159c 
Dealt to c2891c23 
Dealt to eb16603d 
7b937db4: raises 600 to 1,200
4cdf1049: folds
34766e2c: folds
3fa3ad67: folds
Hero: folds
e87a159c: folds
c2891c23: folds
eb16603d: folds
Uncalled bet (600) returned to 7b937db4
*** SHOWDOWN ***
7b937db4 collected 2,220 from pot
*** SUMMARY ***
Total pot 2,220 | Rake 0 | Jackpot 0 | Bingo 0 | Fortune 0 | Tax 0
Seat 1: 7b937db4 collected (2,220)
Seat 2: 4cdf1049 folded before Flop
Seat 3: 34766e2c folded before Flop
Seat 4: 3fa3ad67 folded before Flop
Seat 5: Hero folded before Flop
Seat 6: e87a159c (button) folded before Flop
Seat 7: c2891c23 (small blind) folded before Flop
Seat 8: eb16603d (big blind) folded before Flop


Poker Hand #TM5586526670: Tournament #263411267, Bounty Hunters Deepstack Turbo $10.80 Hold'em No Limit - Level8(250/500(75)) - 2026/02/14 23:25:11
Table '108' 8-max Seat #5 is the button
Seat 1: 7b937db4 (74,306 in chips)
Seat 2: 4cdf1049 (17,902 in chips)
Seat 3: 34766e2c (20,671 in chips)
Seat 5: Hero (22,122 in chips)
Seat 6: e87a159c (27,319 in chips)
Seat 7: c2891c23 (88,870 in chips)
Seat 8: eb16603d (56,589 in chips)
Hero: posts the ante 75
c2891c23: posts the ante 75
e87a159c: posts the ante 75
eb16603d: posts the ante 75
34766e2c: posts the ante 75
4cdf1049: posts the ante 75
7b937db4: posts the ante 75
e87a159c: posts small blind 250
c2891c23: posts big blind 500
*** HOLE CARDS ***
Dealt to 7b937db4 
Dealt to 4cdf1049 
Dealt to 34766e2c 
Dealt to Hero [5c Js]
Dealt to e87a159c 
Dealt to c2891c23 
Dealt to eb16603d 
eb16603d: folds
7b937db4: folds
4cdf1049: folds
34766e2c: raises 550 to 1,050
Hero: folds
e87a159c: folds
c2891c23: folds
Uncalled bet (550) returned to 34766e2c
*** SHOWDOWN ***
34766e2c collected 1,775 from pot
*** SUMMARY ***
Total pot 1,775 | Rake 0 | Jackpot 0 | Bingo 0 | Fortune 0 | Tax 0
Seat 1: 7b937db4 folded before Flop
Seat 2: 4cdf1049 folded before Flop
Seat 3: 34766e2c collected (1,775)
Seat 5: Hero (button) folded before Flop
Seat 6: e87a159c (small blind) folded before Flop
Seat 7: c2891c23 (big blind) folded before Flop
Seat 8: eb16603d folded before Flop


Poker Hand #TM5586526661: Tournament #263411267, Bounty Hunters Deepstack Turbo $10.80 Hold'em No Limit - Level8(250/500(75)) - 2026/02/14 23:24:29
Table '108' 8-max Seat #3 is the button
Seat 1: 7b937db4 (74,381 in chips)
Seat 2: 4cdf1049 (19,810 in chips)
Seat 3: 34766e2c (20,746 in chips)
Seat 5: Hero (22,447 in chips)
Seat 6: e87a159c (24,786 in chips)
Seat 7: c2891c23 (88,945 in chips)
Seat 8: eb16603d (56,664 in chips)
Hero: posts the ante 75
c2891c23: posts the ante 75
e87a159c: posts the ante 75
eb16603d: posts the ante 75
34766e2c: posts the ante 75
4cdf1049: posts the ante 75
7b937db4: posts the ante 75
Hero: posts small blind 250
e87a159c: posts big blind 500
*** HOLE CARDS ***
Dealt to 7b937db4 
Dealt to 4cdf1049 
Dealt to 34766e2c 
Dealt to Hero [9d Kh]
Dealt to e87a159c 
Dealt to c2891c23 
Dealt to eb16603d 
c2891c23: folds
eb16603d: folds
7b937db4: folds
4cdf1049: raises 500 to 1,000
34766e2c: folds
Hero: folds
e87a159c: calls 500
*** FLOP *** [Ts 3d 9c]
e87a159c: checks
4cdf1049: bets 833
e87a159c: calls 833
*** TURN *** [Ts 3d 9c] [Qd]
e87a159c: checks
4cdf1049: checks
*** RIVER *** [Ts 3d 9c Qd] [Th]
e87a159c: bets 1,250
4cdf1049: folds
Uncalled bet (1,250) returned to e87a159c
*** SHOWDOWN ***
e87a159c collected 4,441 from pot
*** SUMMARY ***
Total pot 4,441 | Rake 0 | Jackpot 0 | Bingo 0 | Fortune 0 | Tax 0
Board [Ts 3d 9c Qd Th]
Seat 1: 7b937db4 folded before Flop
Seat 2: 4cdf1049 folded on the River
Seat 3: 34766e2c (button) folded before Flop
Seat 5: Hero (small blind) folded before Flop
Seat 6: e87a159c (big blind) won (4,441)
Seat 7: c2891c23 folded before Flop
Seat 8: eb16603d folded before Flop


Poker Hand #TM5586526652: Tournament #263411267, Bounty Hunters Deepstack Turbo $10.80 Hold'em No Limit - Level8(250/500(75)) - 2026/02/14 23:23:52
Table '108' 8-max Seat #2 is the button
Seat 1: 7b937db4 (72,681 in chips)
Seat 2: 4cdf1049 (19,885 in chips)
Seat 3: 34766e2c (21,071 in chips)
Seat 5: Hero (23,522 in chips)
Seat 6: e87a159c (24,861 in chips)
Seat 7: c2891c23 (89,020 in chips)
Seat 8: eb16603d (56,739 in chips)
Hero: posts the ante 75
c2891c23: posts the ante 75
e87a159c: posts the ante 75
eb16603d: posts the ante 75
4cdf1049: posts the ante 75
7b937db4: posts the ante 75
34766e2c: posts the ante 75
34766e2c: posts small blind 250
Hero: posts big blind 500
*** HOLE CARDS ***
Dealt to 7b937db4 
Dealt to 4cdf1049 
Dealt to 34766e2c 
Dealt to Hero [2d Jd]
Dealt to e87a159c 
Dealt to c2891c23 
Dealt to eb16603d 
e87a159c: folds
c2891c23: folds
eb16603d: folds
7b937db4: raises 500 to 1,000
4cdf1049: folds
34766e2c: folds
Hero: calls 500
*** FLOP *** [Ks Qd Kc]
Hero: checks
7b937db4: bets 916
Hero: folds
Uncalled bet (916) returned to 7b937db4
*** SHOWDOWN ***
7b937db4 collected 2,775 from pot
*** SUMMARY ***
Total pot 2,775 | Rake 0 | Jackpot 0 | Bingo 0 | Fortune 0 | Tax 0
Board [Ks Qd Kc]
Seat 1: 7b937db4 won (2,775)
Seat 2: 4cdf1049 (button) folded before Flop
Seat 3: 34766e2c (small blind) folded before Flop
Seat 5: Hero (big blind) folded on the Flop
Seat 6: e87a159c folded before Flop
Seat 7: c2891c23 folded before Flop
Seat 8: eb16603d folded before Flop


Poker Hand #TM5586526629: Tournament #263411267, Bounty Hunters Deepstack Turbo $10.80 Hold'em No Limit - Level8(250/500(75)) - 2026/02/14 23:22:30
Table '108' 8-max Seat #1 is the button
Seat 1: 7b937db4 (63,483 in chips)
Seat 2: 4cdf1049 (20,960 in chips)
Seat 3: 34766e2c (21,646 in chips)
Seat 5: Hero (23,597 in chips)
Seat 6: e87a159c (24,936 in chips)
Seat 7: c2891c23 (96,343 in chips)
Seat 8: eb16603d (56,814 in chips)
Hero: posts the ante 75
c2891c23: posts the ante 75
e87a159c: posts the ante 75
eb16603d: posts the ante 75
7b937db4: posts the ante 75
34766e2c: posts the ante 75
4cdf1049: posts the ante 75
4cdf1049: posts small blind 250
34766e2c: posts big blind 500
*** HOLE CARDS ***
Dealt to 7b937db4 
Dealt to 4cdf1049 
Dealt to 34766e2c 
Dealt to Hero [9c Kd]
Dealt to e87a159c 
Dealt to c2891c23 
Dealt to eb16603d 
Hero: folds
e87a159c: folds
c2891c23: raises 500 to 1,000
eb16603d: folds
7b937db4: calls 1,000
4cdf1049: calls 750
34766e2c: folds
*** FLOP *** [3s 7c 2d]
4cdf1049: checks
c2891c23: bets 1,248
7b937db4: calls 1,248
4cdf1049: folds
*** TURN *** [3s 7c 2d] [Qd]
c2891c23: bets 5,000
7b937db4: calls 5,000
*** RIVER *** [3s 7c 2d Qd] [2c]
c2891c23: checks
7b937db4: bets 1,500
c2891c23: folds
Uncalled bet (1,500) returned to 7b937db4
*** SHOWDOWN ***
7b937db4 collected 16,521 from pot
*** SUMMARY ***
Total pot 16,521 | Rake 0 | Jackpot 0 | Bingo 0 | Fortune 0 | Tax 0
Board [3s 7c 2d Qd 2c]
Seat 1: 7b937db4 (button) won (16,521)
Seat 2: 4cdf1049 (small blind) folded on the Flop
Seat 3: 34766e2c (big blind) folded before Flop
Seat 5: Hero folded before Flop
Seat 6: e87a159c folded before Flop
Seat 7: c2891c23 folded on the River
Seat 8: eb16603d folded before Flop


Poker Hand #TM5586526622: Tournament #263411267, Bounty Hunters Deepstack Turbo $10.80 Hold'em No Limit - Level8(250/500(75)) - 2026/02/14 23:22:03
Table '108' 8-max Seat #8 is the button
Seat 1: 7b937db4 (63,808 in chips)
Seat 2: 4cdf1049 (21,535 in chips)
Seat 3: 34766e2c (21,721 in chips)
Seat 5: Hero (24,672 in chips)
Seat 6: e87a159c (22,736 in chips)
Seat 7: c2891c23 (96,418 in chips)
Seat 8: eb16603d (56,889 in chips)
Hero: posts the ante 75
c2891c23: posts the ante 75
e87a159c: posts the ante 75
eb16603d: posts the ante 75
34766e2c: posts the ante 75
4cdf1049: posts the ante 75
7b937db4: posts the ante 75
7b937db4: posts small blind 250
4cdf1049: posts big blind 500
*** HOLE CARDS ***
Dealt to 7b937db4 
Dealt to 4cdf1049 
Dealt to 34766e2c 
Dealt to Hero [2h 2c]
Dealt to e87a159c 
Dealt to c2891c23 
Dealt to eb16603d 
34766e2c: folds
Hero: raises 500 to 1,000
e87a159c: raises 2,500 to 3,500
c2891c23: folds
eb16603d: folds
7b937db4: folds
4cdf1049: folds
Hero: folds
Uncalled bet (2,500) returned to e87a159c
*** SHOWDOWN ***
e87a159c collected 3,275 from pot
*** SUMMARY ***
Total pot 3,275 | Rake 0 | Jackpot 0 | Bingo 0 | Fortune 0 | Tax 0
Seat 1: 7b937db4 (small blind) folded before Flop
Seat 2: 4cdf1049 (big blind) folded before Flop
Seat 3: 34766e2c folded before Flop
Seat 5: Hero folded before Flop
Seat 6: e87a159c collected (3,275)
Seat 7: c2891c23 folded before Flop
Seat 8: eb16603d (button) folded before Flop


Poker Hand #TM5586526604: Tournament #263411267, Bounty Hunters Deepstack Turbo $10.80 Hold'em No Limit - Level8(250/500(75)) - 2026/02/14 23:21:04
Table '108' 8-max Seat #7 is the button
Seat 1: 7b937db4 (64,383 in chips)
Seat 2: 4cdf1049 (21,610 in chips)
Seat 3: 34766e2c (21,796 in chips)
Seat 4: da9cb647 (19,850 in chips)
Seat 5: Hero (24,747 in chips)
Seat 6: e87a159c (22,811 in chips)
Seat 7: c2891c23 (75,368 in chips)
Seat 8: eb16603d (57,214 in chips)
Hero: posts the ante 75
da9cb647: posts the ante 75
c2891c23: posts the ante 75
e87a159c: posts the ante 75
eb16603d: posts the ante 75
34766e2c: posts the ante 75
4cdf1049: posts the ante 75
7b937db4: posts the ante 75
eb16603d: posts small blind 250
7b937db4: posts big blind 500
*** HOLE CARDS ***
Dealt to 7b937db4 
Dealt to 4cdf1049 
Dealt to 34766e2c 
Dealt to da9cb647 
Dealt to Hero [2h 6h]
Dealt to e87a159c 
Dealt to c2891c23 
Dealt to eb16603d 
4cdf1049: folds
34766e2c: folds
da9cb647: raises 500 to 1,000
Hero: folds
e87a159c: folds
c2891c23: raises 2,000 to 3,000
eb16603d: folds
7b937db4: folds
da9cb647: raises 15,250 to 18,250
c2891c23: raises 57,043 to 75,293 and is all-in
da9cb647: calls 1,525 and is all-in
Uncalled bet (55,518) returned to c2891c23
c2891c23: shows [Js Jd]
da9cb647: shows [Qs Qd]
*** FLOP *** [Jh 8h 8d]
*** TURN *** [Jh 8h 8d] [Ts]
*** RIVER *** [Jh 8h 8d Ts] [Ah]
*** SHOWDOWN ***
c2891c23 collected 40,900 from pot
*** SUMMARY ***
Total pot 40,900 | Rake 0 | Jackpot 0 | Bingo 0 | Fortune 0 | Tax 0
Board [Jh 8h 8d Ts Ah]
Seat 1: 7b937db4 (big blind) folded before Flop
Seat 2: 4cdf1049 folded before Flop
Seat 3: 34766e2c folded before Flop
Seat 4: da9cb647 showed [Qs Qd] and lost with two pair, Queens and Eights
Seat 5: Hero folded before Flop
Seat 6: e87a159c folded before Flop
Seat 7: c2891c23 (button) showed [Js Jd] and won (40,900) with a full house, Jacks full of Eights
Seat 8: eb16603d (small blind) folded before Flop


Poker Hand #TM5586526584: Tournament #263411267, Bounty Hunters Deepstack Turbo $10.80 Hold'em No Limit - Level8(250/500(75)) - 2026/02/14 23:19:57
Table '108' 8-max Seat #6 is the button
Seat 1: 7b937db4 (64,458 in chips)
Seat 2: 4cdf1049 (21,685 in chips)
Seat 3: 34766e2c (21,871 in chips)
Seat 4: da9cb647 (19,925 in chips)
Seat 5: Hero (19,666 in chips)
Seat 6: e87a159c (22,886 in chips)
Seat 7: c2891c23 (75,693 in chips)
Seat 8: eb16603d (61,595 in chips)
Hero: posts the ante 75
da9cb647: posts the ante 75
e87a159c: posts the ante 75
c2891c23: posts the ante 75
eb16603d: posts the ante 75
34766e2c: posts the ante 75
4cdf1049: posts the ante 75
7b937db4: posts the ante 75
c2891c23: posts small blind 250
eb16603d: posts big blind 500
*** HOLE CARDS ***
Dealt to 7b937db4 
Dealt to 4cdf1049 
Dealt to 34766e2c 
Dealt to da9cb647 
Dealt to Hero [Jc Js]
Dealt to e87a159c 
Dealt to c2891c23 
Dealt to eb16603d 
7b937db4: folds
4cdf1049: folds
34766e2c: folds
da9cb647: folds
Hero: raises 500 to 1,000
e87a159c: folds
c2891c23: folds
eb16603d: calls 500
*** FLOP *** [8h 3d Kd]
eb16603d: checks
Hero: checks
*** TURN *** [8h 3d Kd] [4h]
eb16603d: bets 1,425
Hero: calls 1,425
*** RIVER *** [8h 3d Kd 4h] [2c]
eb16603d: checks
Hero: bets 1,881
eb16603d: calls 1,881
Hero: shows [Jc Js] (a pair of Jacks)
eb16603d: shows [9c 8c] (a pair of Eights)
*** SHOWDOWN ***
Hero collected 9,462 from pot
*** SUMMARY ***
Total pot 9,462 | Rake 0 | Jackpot 0 | Bingo 0 | Fortune 0 | Tax 0
Board [8h 3d Kd 4h 2c]
Seat 1: 7b937db4 folded before Flop
Seat 2: 4cdf1049 folded before Flop
Seat 3: 34766e2c folded before Flop
Seat 4: da9cb647 folded before Flop
Seat 5: Hero showed [Jc Js] and won (9,462) with a pair of Jacks
Seat 6: e87a159c (button) folded before Flop
Seat 7: c2891c23 (small blind) folded before Flop
Seat 8: eb16603d (big blind) showed [9c 8c] and lost with a pair of Eights


Poker Hand #TM5586526573: Tournament #263411267, Bounty Hunters Deepstack Turbo $10.80 Hold'em No Limit - Level8(250/500(75)) - 2026/02/14 23:19:11
Table '108' 8-max Seat #5 is the button
Seat 1: 7b937db4 (65,033 in chips)
Seat 2: 4cdf1049 (21,760 in chips)
Seat 3: 34766e2c (23,696 in chips)
Seat 4: da9cb647 (20,000 in chips)
Seat 5: Hero (8,233 in chips)
Seat 6: e87a159c (31,119 in chips)
Seat 7: c2891c23 (76,268 in chips)
Seat 8: eb16603d (61,670 in chips)
Hero: posts the ante 75
da9cb647: posts the ante 75
c2891c23: posts the ante 75
e87a159c: posts the ante 75
eb16603d: posts the ante 75
34766e2c: posts the ante 75
4cdf1049: posts the ante 75
7b937db4: posts the ante 75
e87a159c: posts small blind 250
c2891c23: posts big blind 500
*** HOLE CARDS ***
Dealt to 7b937db4 
Dealt to 4cdf1049 
Dealt to 34766e2c 
Dealt to da9cb647 
Dealt to Hero [Jd Js]
Dealt to e87a159c 
Dealt to c2891c23 
Dealt to eb16603d 
eb16603d: folds
7b937db4: calls 500
4cdf1049: folds
34766e2c: raises 1,250 to 1,750
da9cb647: folds
Hero: raises 6,408 to 8,158 and is all-in
e87a159c: raises 22,886 to 31,044 and is all-in
c2891c23: folds
7b937db4: folds
34766e2c: folds
Uncalled bet (22,886) returned to e87a159c
e87a159c: shows [7d 7c]
Hero: shows [Jd Js]
*** FLOP *** [Ac Qs 9d]
*** TURN *** [Ac Qs 9d] [Kh]
*** RIVER *** [Ac Qs 9d Kh] [6c]
*** SHOWDOWN ***
Hero collected 19,666 from pot
*** SUMMARY ***
Total pot 19,666 | Rake 0 | Jackpot 0 | Bingo 0 | Fortune 0 | Tax 0
Board [Ac Qs 9d Kh 6c]
Seat 1: 7b937db4 folded before Flop
Seat 2: 4cdf1049 folded before Flop
Seat 3: 34766e2c folded before Flop
Seat 4: da9cb647 folded before Flop
Seat 5: Hero (button) showed [Jd Js] and won (19,666) with a pair of Jacks
Seat 6: e87a159c (small blind) showed [7d 7c] and lost with a pair of Sevens
Seat 7: c2891c23 (big blind) folded before Flop
Seat 8: eb16603d folded before Flop


Poker Hand #TM5586526558: Tournament #263411267, Bounty Hunters Deepstack Turbo $10.80 Hold'em No Limit - Level8(250/500(75)) - 2026/02/14 23:18:19
Table '108' 8-max Seat #3 is the button
Seat 1: 7b937db4 (66,708 in chips)
Seat 2: 4cdf1049 (21,835 in chips)
Seat 3: 34766e2c (23,771 in chips)
Seat 5: Hero (8,558 in chips)
Seat 6: e87a159c (28,819 in chips)
Seat 7: c2891c23 (76,343 in chips)
Seat 8: eb16603d (61,745 in chips)
Hero: posts the ante 75
c2891c23: posts the ante 75
e87a159c: posts the ante 75
eb16603d: posts the ante 75
34766e2c: posts the ante 75
4cdf1049: posts the ante 75
7b937db4: posts the ante 75
Hero: posts small blind 250
e87a159c: posts big blind 500
*** HOLE CARDS ***
Dealt to 7b937db4 
Dealt to 4cdf1049 
Dealt to 34766e2c 
Dealt to Hero [7s 5h]
Dealt to e87a159c 
Dealt to c2891c23 
Dealt to eb16603d 
c2891c23: folds
eb16603d: folds
7b937db4: raises 600 to 1,100
4cdf1049: folds
34766e2c: folds
Hero: folds
e87a159c: calls 600
*** FLOP *** [9h 6s 8s]
e87a159c: checks
7b937db4: bets 500
e87a159c: calls 500
*** TURN *** [9h 6s 8s] [6h]
e87a159c: bets 3,000
7b937db4: folds
Uncalled bet (3,000) returned to e87a159c
*** SHOWDOWN ***
e87a159c collected 3,975 from pot
*** SUMMARY ***
Total pot 3,975 | Rake 0 | Jackpot 0 | Bingo 0 | Fortune 0 | Tax 0
Board [9h 6s 8s 6h]
Seat 1: 7b937db4 folded on the Turn
Seat 2: 4cdf1049 folded before Flop
Seat 3: 34766e2c (button) folded before Flop
Seat 5: Hero (small blind) folded before Flop
Seat 6: e87a159c (big blind) won (3,975)
Seat 7: c2891c23 folded before Flop
Seat 8: eb16603d folded before Flop


Poker Hand #TM5586526533: Tournament #263411267, Bounty Hunters Deepstack Turbo $10.80 Hold'em No Limit - Level7(200/400(60)) - 2026/02/14 23:17:04
Table '108' 8-max Seat #2 is the button
Seat 1: 7b937db4 (48,143 in chips)
Seat 2: 4cdf1049 (21,895 in chips)
Seat 3: 34766e2c (24,031 in chips)
Seat 4: 77dcea08 (18,005 in chips)
Seat 5: Hero (8,618 in chips)
Seat 6: e87a159c (28,879 in chips)
Seat 7: c2891c23 (76,403 in chips)
Seat 8: eb16603d (61,805 in chips)
Hero: posts the ante 60
c2891c23: posts the ante 60
e87a159c: posts the ante 60
eb16603d: posts the ante 60
4cdf1049: posts the ante 60
7b937db4: posts the ante 60
77dcea08: posts the ante 60
34766e2c: posts the ante 60
34766e2c: posts small blind 200
77dcea08: posts big blind 400
*** HOLE CARDS ***
Dealt to 7b937db4 
Dealt to 4cdf1049 
Dealt to 34766e2c 
Dealt to 77dcea08 
Dealt to Hero [7s Jd]
Dealt to e87a159c 
Dealt to c2891c23 
Dealt to eb16603d 
Hero: folds
e87a159c: folds
c2891c23: folds
eb16603d: folds
7b937db4: raises 480 to 880
4cdf1049: folds
34766e2c: folds
77dcea08: calls 480
*** FLOP *** [7h Qd 6c]
77dcea08: checks
7b937db4: bets 806
77dcea08: calls 806
*** TURN *** [7h Qd 6c] [Ks]
77dcea08: checks
7b937db4: bets 1,338
77dcea08: raises 5,046 to 6,384
7b937db4: calls 5,046
*** RIVER *** [7h Qd 6c Ks] [6s]
77dcea08: bets 9,875 and is all-in
7b937db4: calls 9,875
77dcea08: shows [Kh 9d] (two pair, Kings and Sixes)
7b937db4: shows [Ac Ad] (two pair, Aces and Sixes)
*** SHOWDOWN ***
7b937db4 collected 36,570 from pot
*** SUMMARY ***
Total pot 36,570 | Rake 0 | Jackpot 0 | Bingo 0 | Fortune 0 | Tax 0
Board [7h Qd 6c Ks 6s]
Seat 1: 7b937db4 showed [Ac Ad] and won (36,570) with two pair, Aces and Sixes
Seat 2: 4cdf1049 (button) folded before Flop
Seat 3: 34766e2c (small blind) folded before Flop
Seat 4: 77dcea08 (big blind) showed [Kh 9d] and lost with two pair, Kings and Sixes
Seat 5: Hero folded before Flop
Seat 6: e87a159c folded before Flop
Seat 7: c2891c23 folded before Flop
Seat 8: eb16603d folded before Flop


Poker Hand #TM5586526520: Tournament #263411267, Bounty Hunters Deepstack Turbo $10.80 Hold'em No Limit - Level7(200/400(60)) - 2026/02/14 23:16:25
Table '108' 8-max Seat #8 is the button
Seat 2: 4cdf1049 (21,135 in chips)
Seat 3: 34766e2c (24,491 in chips)
Seat 4: 77dcea08 (18,065 in chips)
Seat 5: Hero (8,678 in chips)
Seat 6: e87a159c (28,939 in chips)
Seat 7: c2891c23 (76,463 in chips)
Seat 8: eb16603d (61,865 in chips)
Hero: posts the ante 60
c2891c23: posts the ante 60
e87a159c: posts the ante 60
eb16603d: posts the ante 60
77dcea08: posts the ante 60
34766e2c: posts the ante 60
4cdf1049: posts the ante 60
4cdf1049: posts small blind 200
34766e2c: posts big blind 400
*** HOLE CARDS ***
Dealt to 4cdf1049 
Dealt to 34766e2c 
Dealt to 77dcea08 
Dealt to Hero [Tc 4c]
Dealt to e87a159c 
Dealt to c2891c23 
Dealt to eb16603d 
77dcea08: folds
Hero: folds
e87a159c: folds
c2891c23: folds
eb16603d: folds
4cdf1049: calls 200
34766e2c: checks
*** FLOP *** [5d Kd 9h]
4cdf1049: checks
34766e2c: checks
*** TURN *** [5d Kd 9h] [7d]
4cdf1049: checks
34766e2c: checks
*** RIVER *** [5d Kd 9h 7d] [2h]
4cdf1049: bets 1,208
34766e2c: folds
Uncalled bet (1,208) returned to 4cdf1049
*** SHOWDOWN ***
4cdf1049 collected 1,220 from pot
*** SUMMARY ***
Total pot 1,220 | Rake 0 | Jackpot 0 | Bingo 0 | Fortune 0 | Tax 0
Board [5d Kd 9h 7d 2h]
Seat 2: 4cdf1049 (small blind) won (1,220)
Seat 3: 34766e2c (big blind) folded on the River
Seat 4: 77dcea08 folded before Flop
Seat 5: Hero folded before Flop
Seat 6: e87a159c folded before Flop
Seat 7: c2891c23 folded before Flop
Seat 8: eb16603d (button) folded before Flop


Poker Hand #TM5586526495: Tournament #263411267, Bounty Hunters Deepstack Turbo $10.80 Hold'em No Limit - Level7(200/400(60)) - 2026/02/14 23:15:08
Table '108' 8-max Seat #7 is the button
Seat 2: 4cdf1049 (22,684 in chips)
Seat 3: 34766e2c (24,551 in chips)
Seat 4: 77dcea08 (18,125 in chips)
Seat 5: Hero (8,738 in chips)
Seat 6: e87a159c (28,999 in chips)
Seat 7: c2891c23 (74,414 in chips)
Seat 8: eb16603d (62,125 in chips)
Hero: posts the ante 60
c2891c23: posts the ante 60
e87a159c: posts the ante 60
eb16603d: posts the ante 60
77dcea08: posts the ante 60
34766e2c: posts the ante 60
4cdf1049: posts the ante 60
eb16603d: posts small blind 200
4cdf1049: posts big blind 400
*** HOLE CARDS ***
Dealt to 4cdf1049 
Dealt to 34766e2c 
Dealt to 77dcea08 
Dealt to Hero [8c Kh]
Dealt to e87a159c 
Dealt to c2891c23 
Dealt to eb16603d 
34766e2c: folds
77dcea08: folds
Hero: folds
e87a159c: folds
c2891c23: raises 400 to 800
eb16603d: folds
4cdf1049: calls 400
*** FLOP *** [6c 3c Js]
4cdf1049: checks
c2891c23: bets 689
4cdf1049: calls 689
*** TURN *** [6c 3c Js] [2h]
4cdf1049: checks
c2891c23: bets 4,600
4cdf1049: folds
Uncalled bet (4,600) returned to c2891c23
*** SHOWDOWN ***
c2891c23 collected 3,598 from pot
*** SUMMARY ***
Total pot 3,598 | Rake 0 | Jackpot 0 | Bingo 0 | Fortune 0 | Tax 0
Board [6c 3c Js 2h]
Seat 2: 4cdf1049 (big blind) folded on the Turn
Seat 3: 34766e2c folded before Flop
Seat 4: 77dcea08 folded before Flop
Seat 5: Hero folded before Flop
Seat 6: e87a159c folded before Flop
Seat 7: c2891c23 (button) won (3,598)
Seat 8: eb16603d (small blind) folded before Flop


Poker Hand #TM5586526482: Tournament #263411267, Bounty Hunters Deepstack Turbo $10.80 Hold'em No Limit - Level7(200/400(60)) - 2026/02/14 23:14:31
Table '108' 8-max Seat #6 is the button
Seat 1: 37a2ae99 (20,700 in chips)
Seat 2: 4cdf1049 (22,744 in chips)
Seat 3: 34766e2c (24,611 in chips)
Seat 4: 77dcea08 (18,185 in chips)
Seat 5: Hero (8,798 in chips)
Seat 6: e87a159c (29,059 in chips)
Seat 7: c2891c23 (74,674 in chips)
Seat 8: eb16603d (62,585 in chips)
37a2ae99: posts the ante 60
Hero: posts the ante 60
e87a159c: posts the ante 60
c2891c23: posts the ante 60
eb16603d: posts the ante 60
77dcea08: posts the ante 60
34766e2c: posts the ante 60
4cdf1049: posts the ante 60
c2891c23: posts small blind 200
eb16603d: posts big blind 400
*** HOLE CARDS ***
Dealt to 37a2ae99 
Dealt to 4cdf1049 
Dealt to 34766e2c 
Dealt to 77dcea08 
Dealt to Hero [Jc 7h]
Dealt to e87a159c 
Dealt to c2891c23 
Dealt to eb16603d 
37a2ae99: raises 400 to 800
4cdf1049: folds
34766e2c: folds
77dcea08: folds
Hero: folds
e87a159c: folds
c2891c23: folds
eb16603d: folds
Uncalled bet (400) returned to 37a2ae99
*** SHOWDOWN ***
37a2ae99 collected 1,480 from pot
*** SUMMARY ***
Total pot 1,480 | Rake 0 | Jackpot 0 | Bingo 0 | Fortune 0 | Tax 0
Seat 1: 37a2ae99 collected (1,480)
Seat 2: 4cdf1049 folded before Flop
Seat 3: 34766e2c folded before Flop
Seat 4: 77dcea08 folded before Flop
Seat 5: Hero folded before Flop
Seat 6: e87a159c (button) folded before Flop
Seat 7: c2891c23 (small blind) folded before Flop
Seat 8: eb16603d (big blind) folded before Flop


Poker Hand #TM5586526457: Tournament #263411267, Bounty Hunters Deepstack Turbo $10.80 Hold'em No Limit - Level7(200/400(60)) - 2026/02/14 23:13:21
Table '108' 8-max Seat #5 is the button
Seat 1: 37a2ae99 (20,760 in chips)
Seat 2: 4cdf1049 (22,804 in chips)
Seat 3: 34766e2c (24,231 in chips)
Seat 4: 77dcea08 (18,245 in chips)
Seat 5: Hero (8,858 in chips)
Seat 6: e87a159c (28,679 in chips)
Seat 7: c2891c23 (75,134 in chips)
Seat 8: eb16603d (62,645 in chips)
37a2ae99: posts the ante 60
Hero: posts the ante 60
c2891c23: posts the ante 60
e87a159c: posts the ante 60
eb16603d: posts the ante 60
77dcea08: posts the ante 60
34766e2c: posts the ante 60
4cdf1049: posts the ante 60
e87a159c: posts small blind 200
c2891c23: posts big blind 400
*** HOLE CARDS ***
Dealt to 37a2ae99 
Dealt to 4cdf1049 
Dealt to 34766e2c 
Dealt to 77dcea08 
Dealt to Hero [9h 6d]
Dealt to e87a159c 
Dealt to c2891c23 
Dealt to eb16603d 
eb16603d: folds
37a2ae99: folds
4cdf1049: folds
34766e2c: raises 440 to 840
77dcea08: folds
Hero: folds
e87a159c: raises 2,360 to 3,200
c2891c23: folds
34766e2c: calls 2,360
*** FLOP *** [5h 7d 7h]
e87a159c: checks
34766e2c: checks
*** TURN *** [5h 7d 7h] [Th]
e87a159c: checks
34766e2c: checks
*** RIVER *** [5h 7d 7h Th] [3d]
e87a159c: checks
34766e2c: checks
e87a159c: shows [Qd Ad] (a pair of Sevens)
34766e2c: shows [Ac Qh] (a pair of Sevens)
*** SHOWDOWN ***
34766e2c collected 3,640 from pot
e87a159c collected 3,640 from pot
*** SUMMARY ***
Total pot 7,280 | Rake 0 | Jackpot 0 | Bingo 0 | Fortune 0 | Tax 0
Board [5h 7d 7h Th 3d]
Seat 1: 37a2ae99 folded before Flop
Seat 2: 4cdf1049 folded before Flop
Seat 3: 34766e2c showed [Ac Qh] and won (3,640) with a pair of Sevens
Seat 4: 77dcea08 folded before Flop
Seat 5: Hero (button) folded before Flop
Seat 6: e87a159c (small blind) showed [Qd Ad] and won (3,640) with a pair of Sevens
Seat 7: c2891c23 (big blind) folded before Flop
Seat 8: eb16603d folded before Flop


Poker Hand #TM5586526452: Tournament #263411267, Bounty Hunters Deepstack Turbo $10.80 Hold'em No Limit - Level7(200/400(60)) - 2026/02/14 23:12:58
Table '108' 8-max Seat #4 is the button
Seat 1: 37a2ae99 (20,820 in chips)
Seat 2: 4cdf1049 (22,864 in chips)
Seat 3: 34766e2c (23,211 in chips)
Seat 4: 77dcea08 (18,305 in chips)
Seat 5: Hero (9,118 in chips)
Seat 6: e87a159c (29,139 in chips)
Seat 7: c2891c23 (75,194 in chips)
Seat 8: eb16603d (62,705 in chips)
37a2ae99: posts the ante 60
Hero: posts the ante 60
c2891c23: posts the ante 60
e87a159c: posts the ante 60
eb16603d: posts the ante 60
77dcea08: posts the ante 60
34766e2c: posts the ante 60
4cdf1049: posts the ante 60
Hero: posts small blind 200
e87a159c: posts big blind 400
*** HOLE CARDS ***
Dealt to 37a2ae99 
Dealt to 4cdf1049 
Dealt to 34766e2c 
Dealt to 77dcea08 
Dealt to Hero [6h 5s]
Dealt to e87a159c 
Dealt to c2891c23 
Dealt to eb16603d 
c2891c23: folds
eb16603d: folds
37a2ae99: folds
4cdf1049: folds
34766e2c: raises 440 to 840
77dcea08: folds
Hero: folds
e87a159c: folds
Uncalled bet (440) returned to 34766e2c
*** SHOWDOWN ***
34766e2c collected 1,480 from pot
*** SUMMARY ***
Total pot 1,480 | Rake 0 | Jackpot 0 | Bingo 0 | Fortune 0 | Tax 0
Seat 1: 37a2ae99 folded before Flop
Seat 2: 4cdf1049 folded before Flop
Seat 3: 34766e2c collected (1,480)
Seat 4: 77dcea08 (button) folded before Flop
Seat 5: Hero (small blind) folded before Flop
Seat 6: e87a159c (big blind) folded before Flop
Seat 7: c2891c23 folded before Flop
Seat 8: eb16603d folded before Flop


Poker Hand #TM5586526441: Tournament #263411267, Bounty Hunters Deepstack Turbo $10.80 Hold'em No Limit - Level7(200/400(60)) - 2026/02/14 23:12:14
Table '108' 8-max Seat #3 is the button
Seat 1: 37a2ae99 (20,880 in chips)
Seat 2: 4cdf1049 (23,724 in chips)
Seat 3: 34766e2c (21,391 in chips)
Seat 4: 77dcea08 (18,565 in chips)
Seat 5: Hero (9,578 in chips)
Seat 6: e87a159c (29,199 in chips)
Seat 7: c2891c23 (75,254 in chips)
Seat 8: eb16603d (62,765 in chips)
37a2ae99: posts the ante 60
Hero: posts the ante 60
c2891c23: posts the ante 60
e87a159c: posts the ante 60
eb16603d: posts the ante 60
34766e2c: posts the ante 60
4cdf1049: posts the ante 60
77dcea08: posts the ante 60
77dcea08: posts small blind 200
Hero: posts big blind 400
*** HOLE CARDS ***
Dealt to 37a2ae99 
Dealt to 4cdf1049 
Dealt to 34766e2c 
Dealt to 77dcea08 
Dealt to Hero [Qh 2s]
Dealt to e87a159c 
Dealt to c2891c23 
Dealt to eb16603d 
e87a159c: folds
c2891c23: folds
eb16603d: folds
37a2ae99: folds
4cdf1049: raises 400 to 800
34766e2c: raises 1,680 to 2,480
77dcea08: folds
Hero: folds
4cdf1049: folds
Uncalled bet (1,680) returned to 34766e2c
*** SHOWDOWN ***
34766e2c collected 2,680 from pot
*** SUMMARY ***
Total pot 2,680 | Rake 0 | Jackpot 0 | Bingo 0 | Fortune 0 | Tax 0
Seat 1: 37a2ae99 folded before Flop
Seat 2: 4cdf1049 folded before Flop
Seat 3: 34766e2c (button) collected (2,680)
Seat 4: 77dcea08 (small blind) folded before Flop
Seat 5: Hero (big blind) folded before Flop
Seat 6: e87a159c folded before Flop
Seat 7: c2891c23 folded before Flop
Seat 8: eb16603d folded before Flop


Poker Hand #TM5586526430: Tournament #263411267, Bounty Hunters Deepstack Turbo $10.80 Hold'em No Limit - Level7(200/400(60)) - 2026/02/14 23:11:41
Table '108' 8-max Seat #2 is the button
Seat 1: 37a2ae99 (20,940 in chips)
Seat 2: 4cdf1049 (21,704 in chips)
Seat 3: 34766e2c (21,651 in chips)
Seat 4: 77dcea08 (19,025 in chips)
Seat 5: Hero (9,638 in chips)
Seat 6: e87a159c (29,259 in chips)
Seat 7: c2891c23 (75,314 in chips)
Seat 8: eb16603d (63,825 in chips)
37a2ae99: posts the ante 60
Hero: posts the ante 60
c2891c23: posts the ante 60
e87a159c: posts the ante 60
eb16603d: posts the ante 60
4cdf1049: posts the ante 60
77dcea08: posts the ante 60
34766e2c: posts the ante 60
34766e2c: posts small blind 200
77dcea08: posts big blind 400
*** HOLE CARDS ***
Dealt to 37a2ae99 
Dealt to 4cdf1049 
Dealt to 34766e2c 
Dealt to 77dcea08 
Dealt to Hero [6h Ad]
Dealt to e87a159c 
Dealt to c2891c23 
Dealt to eb16603d 
Hero: folds
e87a159c: folds
c2891c23: folds
eb16603d: raises 600 to 1,000
37a2ae99: folds
4cdf1049: raises 1,800 to 2,800
34766e2c: folds
77dcea08: folds
eb16603d: folds
Uncalled bet (1,800) returned to 4cdf1049
*** SHOWDOWN ***
4cdf1049 collected 3,080 from pot
*** SUMMARY ***
Total pot 3,080 | Rake 0 | Jackpot 0 | Bingo 0 | Fortune 0 | Tax 0
Seat 1: 37a2ae99 folded before Flop
Seat 2: 4cdf1049 (button) collected (3,080)
Seat 3: 34766e2c (small blind) folded before Flop
Seat 4: 77dcea08 (big blind) folded before Flop
Seat 5: Hero folded before Flop
Seat 6: e87a159c folded before Flop
Seat 7: c2891c23 folded before Flop
Seat 8: eb16603d folded before Flop


Poker Hand #TM5586526410: Tournament #263411267, Bounty Hunters Deepstack Turbo $10.80 Hold'em No Limit - Level7(200/400(60)) - 2026/02/14 23:10:26
Table '108' 8-max Seat #1 is the button
Seat 1: 37a2ae99 (21,000 in chips)
Seat 2: 4cdf1049 (19,315 in chips)
Seat 3: 34766e2c (22,111 in chips)
Seat 4: 77dcea08 (19,085 in chips)
Seat 5: Hero (9,698 in chips)
Seat 6: e87a159c (29,319 in chips)
Seat 7: c2891c23 (76,943 in chips)
Seat 8: eb16603d (63,885 in chips)
37a2ae99: posts the ante 60
Hero: posts the ante 60
c2891c23: posts the ante 60
e87a159c: posts the ante 60
eb16603d: posts the ante 60
77dcea08: posts the ante 60
34766e2c: posts the ante 60
4cdf1049: posts the ante 60
4cdf1049: posts small blind 200
34766e2c: posts big blind 400
*** HOLE CARDS ***
Dealt to 37a2ae99 
Dealt to 4cdf1049 
Dealt to 34766e2c 
Dealt to 77dcea08 
Dealt to Hero [9s Th]
Dealt to e87a159c 
Dealt to c2891c23 
Dealt to eb16603d 
77dcea08: folds
Hero: folds
e87a159c: folds
c2891c23: raises 400 to 800
eb16603d: folds
37a2ae99: folds
4cdf1049: calls 600
34766e2c: folds
*** FLOP *** [2d Ks 6s]
4cdf1049: checks
c2891c23: bets 769
4cdf1049: calls 769
*** TURN *** [2d Ks 6s] [Kc]
4cdf1049: checks
c2891c23: checks
*** RIVER *** [2d Ks 6s Kc] [As]
4cdf1049: bets 2,934
c2891c23: folds
Uncalled bet (2,934) returned to 4cdf1049
*** SHOWDOWN ***
4cdf1049 collected 4,018 from pot
*** SUMMARY ***
Total pot 4,018 | Rake 0 | Jackpot 0 | Bingo 0 | Fortune 0 | Tax 0
Board [2d Ks 6s Kc As]
Seat 1: 37a2ae99 (button) folded before Flop
Seat 2: 4cdf1049 (small blind) won (4,018)
Seat 3: 34766e2c (big blind) folded before Flop
Seat 4: 77dcea08 folded before Flop
Seat 5: Hero folded before Flop
Seat 6: e87a159c folded before Flop
Seat 7: c2891c23 folded on the River
Seat 8: eb16603d folded before Flop


Poker Hand #TM5586526400: Tournament #263411267, Bounty Hunters Deepstack Turbo $10.80 Hold'em No Limit - Level7(200/400(60)) - 2026/02/14 23:09:58
Table '108' 8-max Seat #8 is the button
Seat 1: 37a2ae99 (21,260 in chips)
Seat 2: 4cdf1049 (19,775 in chips)
Seat 3: 34766e2c (22,171 in chips)
Seat 4: 77dcea08 (19,145 in chips)
Seat 5: Hero (9,758 in chips)
Seat 6: e87a159c (29,379 in chips)
Seat 7: c2891c23 (77,003 in chips)
Seat 8: eb16603d (62,865 in chips)
37a2ae99: posts the ante 60
Hero: posts the ante 60
c2891c23: posts the ante 60
e87a159c: posts the ante 60
eb16603d: posts the ante 60
77dcea08: posts the ante 60
34766e2c: posts the ante 60
4cdf1049: posts the ante 60
37a2ae99: posts small blind 200
4cdf1049: posts big blind 400
*** HOLE CARDS ***
Dealt to 37a2ae99 
Dealt to 4cdf1049 
Dealt to 34766e2c 
Dealt to 77dcea08 
Dealt to Hero [4d 6s]
Dealt to e87a159c 
Dealt to c2891c23 
Dealt to eb16603d 
34766e2c: folds
77dcea08: folds
Hero: folds
e87a159c: folds
c2891c23: folds
eb16603d: raises 600 to 1,000
37a2ae99: folds
4cdf1049: folds
Uncalled bet (600) returned to eb16603d
*** SHOWDOWN ***
eb16603d collected 1,480 from pot
*** SUMMARY ***
Total pot 1,480 | Rake 0 | Jackpot 0 | Bingo 0 | Fortune 0 | Tax 0
Seat 1: 37a2ae99 (small blind) folded before Flop
Seat 2: 4cdf1049 (big blind) folded before Flop
Seat 3: 34766e2c folded before Flop
Seat 4: 77dcea08 folded before Flop
Seat 5: Hero folded before Flop
Seat 6: e87a159c folded before Flop
Seat 7: c2891c23 folded before Flop
Seat 8: eb16603d (button) collected (1,480)


Poker Hand #TM5586526388: Tournament #263411267, Bounty Hunters Deepstack Turbo $10.80 Hold'em No Limit - Level6(150/300(45)) - 2026/02/14 23:09:24
Table '108' 8-max Seat #7 is the button
Seat 1: 37a2ae99 (21,605 in chips)
Seat 2: 4cdf1049 (19,820 in chips)
Seat 3: 34766e2c (22,216 in chips)
Seat 4: 77dcea08 (19,190 in chips)
Seat 5: Hero (9,803 in chips)
Seat 6: e87a159c (29,424 in chips)
Seat 7: c2891c23 (76,238 in chips)
Seat 8: eb16603d (63,060 in chips)
37a2ae99: posts the ante 45
Hero: posts the ante 45
c2891c23: posts the ante 45
e87a159c: posts the ante 45
eb16603d: posts the ante 45
77dcea08: posts the ante 45
34766e2c: posts the ante 45
4cdf1049: posts the ante 45
eb16603d: posts small blind 150
37a2ae99: posts big blind 300
*** HOLE CARDS ***
Dealt to 37a2ae99 
Dealt to 4cdf1049 
Dealt to 34766e2c 
Dealt to 77dcea08 
Dealt to Hero [Th 6h]
Dealt to e87a159c 
Dealt to c2891c23 
Dealt to eb16603d 
4cdf1049: folds
34766e2c: folds
77dcea08: folds
Hero: folds
e87a159c: folds
c2891c23: raises 300 to 600
eb16603d: folds
37a2ae99: folds
Uncalled bet (300) returned to c2891c23
*** SHOWDOWN ***
c2891c23 collected 1,110 from pot
*** SUMMARY ***
Total pot 1,110 | Rake 0 | Jackpot 0 | Bingo 0 | Fortune 0 | Tax 0
Seat 1: 37a2ae99 (big blind) folded before Flop
Seat 2: 4cdf1049 folded before Flop
Seat 3: 34766e2c folded before Flop
Seat 4: 77dcea08 folded before Flop
Seat 5: Hero folded before Flop
Seat 6: e87a159c folded before Flop
Seat 7: c2891c23 (button) collected (1,110)
Seat 8: eb16603d (small blind) folded before Flop


Poker Hand #TM5586526368: Tournament #263411267, Bounty Hunters Deepstack Turbo $10.80 Hold'em No Limit - Level6(150/300(45)) - 2026/02/14 23:08:37
Table '108' 8-max Seat #6 is the button
Seat 1: 37a2ae99 (21,650 in chips)
Seat 2: 4cdf1049 (19,865 in chips)
Seat 3: 34766e2c (22,261 in chips)
Seat 4: 77dcea08 (19,235 in chips)
Seat 5: Hero (9,848 in chips)
Seat 6: e87a159c (29,469 in chips)
Seat 7: c2891c23 (78,096 in chips)
Seat 8: eb16603d (60,932 in chips)
37a2ae99: posts the ante 45
Hero: posts the ante 45
e87a159c: posts the ante 45
c2891c23: posts the ante 45
eb16603d: posts the ante 45
77dcea08: posts the ante 45
34766e2c: posts the ante 45
4cdf1049: posts the ante 45
c2891c23: posts small blind 150
eb16603d: posts big blind 300
*** HOLE CARDS ***
Dealt to 37a2ae99 
Dealt to 4cdf1049 
Dealt to 34766e2c 
Dealt to 77dcea08 
Dealt to Hero [4d 3d]
Dealt to e87a159c 
Dealt to c2891c23 
Dealt to eb16603d 
37a2ae99: folds
4cdf1049: folds
34766e2c: folds
77dcea08: folds
Hero: folds
e87a159c: folds
c2891c23: raises 750 to 1,050
eb16603d: calls 750
*** FLOP *** [7s Jc 9h]
c2891c23: bets 763
eb16603d: calls 763
*** TURN *** [7s Jc 9h] [Ks]
c2891c23: checks
eb16603d: bets 1,500
c2891c23: folds
Uncalled bet (1,500) returned to eb16603d
*** SHOWDOWN ***
eb16603d collected 3,986 from pot
*** SUMMARY ***
Total pot 3,986 | Rake 0 | Jackpot 0 | Bingo 0 | Fortune 0 | Tax 0
Board [7s Jc 9h Ks]
Seat 1: 37a2ae99 folded before Flop
Seat 2: 4cdf1049 folded before Flop
Seat 3: 34766e2c folded before Flop
Seat 4: 77dcea08 folded before Flop
Seat 5: Hero folded before Flop
Seat 6: e87a159c (button) folded before Flop
Seat 7: c2891c23 (small blind) folded on the Turn
Seat 8: eb16603d (big blind) won (3,986)


Poker Hand #TM5586526332: Tournament #263411267, Bounty Hunters Deepstack Turbo $10.80 Hold'em No Limit - Level6(150/300(45)) - 2026/02/14 23:06:40
Table '108' 8-max Seat #5 is the button
Seat 1: 37a2ae99 (22,595 in chips)
Seat 2: 4cdf1049 (19,910 in chips)
Seat 3: 34766e2c (22,306 in chips)
Seat 4: 77dcea08 (19,280 in chips)
Seat 5: Hero (21,998 in chips)
Seat 6: e87a159c (29,664 in chips)
Seat 7: c2891c23 (64,626 in chips)
Seat 8: eb16603d (60,977 in chips)
37a2ae99: posts the ante 45
Hero: posts the ante 45
c2891c23: posts the ante 45
e87a159c: posts the ante 45
eb16603d: posts the ante 45
77dcea08: posts the ante 45
34766e2c: posts the ante 45
4cdf1049: posts the ante 45
e87a159c: posts small blind 150
c2891c23: posts big blind 300
*** HOLE CARDS ***
Dealt to 37a2ae99 
Dealt to 4cdf1049 
Dealt to 34766e2c 
Dealt to 77dcea08 
Dealt to Hero [7d 6d]
Dealt to e87a159c 
Dealt to c2891c23 
Dealt to eb16603d 
eb16603d: folds
37a2ae99: calls 300
4cdf1049: folds
34766e2c: folds
77dcea08: folds
Hero: raises 600 to 900
e87a159c: folds
c2891c23: calls 600
37a2ae99: calls 600
*** FLOP *** [8s 5s 3d]
c2891c23: checks
37a2ae99: checks
Hero: bets 1,605
c2891c23: calls 1,605
37a2ae99: folds
*** TURN *** [8s 5s 3d] [Qh]
c2891c23: checks
Hero: bets 3,810
c2891c23: raises 5,790 to 9,600
Hero: calls 5,790
*** RIVER *** [8s 5s 3d Qh] [Ah]
c2891c23: checks
Hero: checks
c2891c23: shows [Qs 9s] (a pair of Queens)
Hero: shows [7d 6d] (Ace high)
*** SHOWDOWN ***
c2891c23 collected 25,620 from pot
*** SUMMARY ***
Total pot 25,620 | Rake 0 | Jackpot 0 | Bingo 0 | Fortune 0 | Tax 0
Board [8s 5s 3d Qh Ah]
Seat 1: 37a2ae99 folded on the Flop
Seat 2: 4cdf1049 folded before Flop
Seat 3: 34766e2c folded before Flop
Seat 4: 77dcea08 folded before Flop
Seat 5: Hero (button) showed [7d 6d] and lost with Ace high
Seat 6: e87a159c (small blind) folded before Flop
Seat 7: c2891c23 (big blind) showed [Qs 9s] and won (25,620) with a pair of Queens
Seat 8: eb16603d folded before Flop


Poker Hand #TM5586526319: Tournament #263411267, Bounty Hunters Deepstack Turbo $10.80 Hold'em No Limit - Level6(150/300(45)) - 2026/02/14 23:06:03
Table '108' 8-max Seat #4 is the button
Seat 1: 37a2ae99 (22,640 in chips)
Seat 2: 4cdf1049 (19,955 in chips)
Seat 3: 34766e2c (22,351 in chips)
Seat 4: 77dcea08 (19,325 in chips)
Seat 5: Hero (22,193 in chips)
Seat 6: e87a159c (30,309 in chips)
Seat 7: c2891c23 (63,561 in chips)
Seat 8: eb16603d (61,022 in chips)
37a2ae99: posts the ante 45
Hero: posts the ante 45
c2891c23: posts the ante 45
e87a159c: posts the ante 45
eb16603d: posts the ante 45
77dcea08: posts the ante 45
34766e2c: posts the ante 45
4cdf1049: posts the ante 45
Hero: posts small blind 150
e87a159c: posts big blind 300
*** HOLE CARDS ***
Dealt to 37a2ae99 
Dealt to 4cdf1049 
Dealt to 34766e2c 
Dealt to 77dcea08 
Dealt to Hero [Jd 5h]
Dealt to e87a159c 
Dealt to c2891c23 
Dealt to eb16603d 
c2891c23: raises 300 to 600
eb16603d: folds
37a2ae99: folds
4cdf1049: folds
34766e2c: folds
77dcea08: folds
Hero: folds
e87a159c: calls 300
*** FLOP *** [2d 2c 6c]
e87a159c: checks
c2891c23: bets 450
e87a159c: folds
Uncalled bet (450) returned to c2891c23
*** SHOWDOWN ***
c2891c23 collected 1,710 from pot
*** SUMMARY ***
Total pot 1,710 | Rake 0 | Jackpot 0 | Bingo 0 | Fortune 0 | Tax 0
Board [2d 2c 6c]
Seat 1: 37a2ae99 folded before Flop
Seat 2: 4cdf1049 folded before Flop
Seat 3: 34766e2c folded before Flop
Seat 4: 77dcea08 (button) folded before Flop
Seat 5: Hero (small blind) folded before Flop
Seat 6: e87a159c (big blind) folded on the Flop
Seat 7: c2891c23 won (1,710)
Seat 8: eb16603d folded before Flop


Poker Hand #TM5586526302: Tournament #263411267, Bounty Hunters Deepstack Turbo $10.80 Hold'em No Limit - Level6(150/300(45)) - 2026/02/14 23:05:21
Table '108' 8-max Seat #3 is the button
Seat 1: 37a2ae99 (22,685 in chips)
Seat 2: 4cdf1049 (20,000 in chips)
Seat 3: 34766e2c (20,768 in chips)
Seat 4: 77dcea08 (19,520 in chips)
Seat 5: Hero (23,356 in chips)
Seat 6: e87a159c (30,354 in chips)
Seat 7: c2891c23 (63,606 in chips)
Seat 8: eb16603d (61,067 in chips)
37a2ae99: posts the ante 45
Hero: posts the ante 45
c2891c23: posts the ante 45
e87a159c: posts the ante 45
eb16603d: posts the ante 45
34766e2c: posts the ante 45
4cdf1049: posts the ante 45
77dcea08: posts the ante 45
77dcea08: posts small blind 150
Hero: posts big blind 300
*** HOLE CARDS ***
Dealt to 37a2ae99 
Dealt to 4cdf1049 
Dealt to 34766e2c 
Dealt to 77dcea08 
Dealt to Hero [6s 8d]
Dealt to e87a159c 
Dealt to c2891c23 
Dealt to eb16603d 
e87a159c: folds
c2891c23: folds
eb16603d: folds
37a2ae99: folds
4cdf1049: folds
34766e2c: raises 360 to 660
77dcea08: folds
Hero: calls 360
*** FLOP *** [Kd 2c 6h]
Hero: checks
34766e2c: bets 458
Hero: calls 458
*** TURN *** [Kd 2c 6h] [9s]
Hero: checks
34766e2c: checks
*** RIVER *** [Kd 2c 6h 9s] [Qc]
Hero: checks
34766e2c: checks
Hero: shows [6s 8d] (a pair of Sixes)
34766e2c: shows [Jh Jc] (a pair of Jacks)
*** SHOWDOWN ***
34766e2c collected 2,746 from pot
*** SUMMARY ***
Total pot 2,746 | Rake 0 | Jackpot 0 | Bingo 0 | Fortune 0 | Tax 0
Board [Kd 2c 6h 9s Qc]
Seat 1: 37a2ae99 folded before Flop
Seat 2: 4cdf1049 folded before Flop
Seat 3: 34766e2c (button) showed [Jh Jc] and won (2,746) with a pair of Jacks
Seat 4: 77dcea08 (small blind) folded before Flop
Seat 5: Hero (big blind) showed [6s 8d] and lost with a pair of Sixes
Seat 6: e87a159c folded before Flop
Seat 7: c2891c23 folded before Flop
Seat 8: eb16603d folded before Flop


Poker Hand #TM5586526294: Tournament #263411267, Bounty Hunters Deepstack Turbo $10.80 Hold'em No Limit - Level6(150/300(45)) - 2026/02/14 23:04:52
Table '108' 8-max Seat #1 is the button
Seat 1: 37a2ae99 (22,730 in chips)
Seat 3: 34766e2c (20,963 in chips)
Seat 4: 77dcea08 (19,865 in chips)
Seat 5: Hero (23,401 in chips)
Seat 6: e87a159c (30,399 in chips)
Seat 7: c2891c23 (63,651 in chips)
Seat 8: eb16603d (60,347 in chips)
37a2ae99: posts the ante 45
Hero: posts the ante 45
c2891c23: posts the ante 45
e87a159c: posts the ante 45
eb16603d: posts the ante 45
77dcea08: posts the ante 45
34766e2c: posts the ante 45
34766e2c: posts small blind 150
77dcea08: posts big blind 300
*** HOLE CARDS ***
Dealt to 37a2ae99 
Dealt to 34766e2c 
Dealt to 77dcea08 
Dealt to Hero [Ts 5d]
Dealt to e87a159c 
Dealt to c2891c23 
Dealt to eb16603d 
Hero: folds
e87a159c: folds
c2891c23: folds
eb16603d: raises 450 to 750
37a2ae99: folds
34766e2c: folds
77dcea08: folds
Uncalled bet (450) returned to eb16603d
*** SHOWDOWN ***
eb16603d collected 1,065 from pot
*** SUMMARY ***
Total pot 1,065 | Rake 0 | Jackpot 0 | Bingo 0 | Fortune 0 | Tax 0
Seat 1: 37a2ae99 (button) folded before Flop
Seat 3: 34766e2c (small blind) folded before Flop
Seat 4: 77dcea08 (big blind) folded before Flop
Seat 5: Hero folded before Flop
Seat 6: e87a159c folded before Flop
Seat 7: c2891c23 folded before Flop
Seat 8: eb16603d collected (1,065)


Poker Hand #TM5586526276: Tournament #263411267, Bounty Hunters Deepstack Turbo $10.80 Hold'em No Limit - Level6(150/300(45)) - 2026/02/14 23:03:49
Table '108' 8-max Seat #8 is the button
Seat 1: 37a2ae99 (22,925 in chips)
Seat 2: 6b223095 (3,326 in chips)
Seat 3: 34766e2c (21,008 in chips)
Seat 4: 77dcea08 (19,910 in chips)
Seat 5: Hero (30,144 in chips)
Seat 6: e87a159c (19,955 in chips)
Seat 7: c2891c23 (63,696 in chips)
Seat 8: eb16603d (60,392 in chips)
37a2ae99: posts the ante 45
Hero: posts the ante 45
c2891c23: posts the ante 45
e87a159c: posts the ante 45
6b223095: posts the ante 45
eb16603d: posts the ante 45
77dcea08: posts the ante 45
34766e2c: posts the ante 45
37a2ae99: posts small blind 150
6b223095: posts big blind 300
*** HOLE CARDS ***
Dealt to 37a2ae99 
Dealt to 6b223095 
Dealt to 34766e2c 
Dealt to 77dcea08 
Dealt to Hero [Jd Td]
Dealt to e87a159c 
Dealt to c2891c23 
Dealt to eb16603d 
34766e2c: folds
77dcea08: folds
Hero: raises 300 to 600
e87a159c: raises 1,800 to 2,400
c2891c23: folds
eb16603d: folds
37a2ae99: folds
6b223095: raises 881 to 3,281 and is all-in
Hero: calls 2,681
e87a159c: calls 881
*** FLOP *** [2h 8s As]
Hero: bets 3,417
e87a159c: calls 3,417
*** TURN *** [2h 8s As] [Kc]
Hero: checks
e87a159c: checks
*** RIVER *** [2h 8s As Kc] [3c]
Hero: checks
e87a159c: checks
6b223095: shows [6d 6h] (a pair of Sixes)
Hero: shows [Jd Td] (Ace high)
e87a159c: shows [Qd Qc] (a pair of Queens)
*** SHOWDOWN ***
e87a159c collected 10,353 from pot
e87a159c collected 6,834 from pot
*** SUMMARY ***
Total pot 17,187 | Rake 0 | Jackpot 0 | Bingo 0 | Fortune 0 | Tax 0
Board [2h 8s As Kc 3c]
Seat 1: 37a2ae99 (small blind) folded before Flop
Seat 2: 6b223095 (big blind) showed [6d 6h] and lost with a pair of Sixes
Seat 3: 34766e2c folded before Flop
Seat 4: 77dcea08 folded before Flop
Seat 5: Hero showed [Jd Td] and lost with Ace high
Seat 6: e87a159c showed [Qd Qc] and won (17,187) with a pair of Queens
Seat 7: c2891c23 folded before Flop
Seat 8: eb16603d (button) folded before Flop


Poker Hand #TM5586526249: Tournament #263411267, Bounty Hunters Deepstack Turbo $10.80 Hold'em No Limit - Level6(150/300(45)) - 2026/02/14 23:02:09
Table '108' 8-max Seat #7 is the button
Seat 1: 37a2ae99 (20,000 in chips)
Seat 2: 6b223095 (3,371 in chips)
Seat 3: 34766e2c (21,683 in chips)
Seat 4: 77dcea08 (19,955 in chips)
Seat 5: Hero (30,189 in chips)
Seat 6: e87a159c (20,000 in chips)
Seat 7: c2891c23 (65,571 in chips)
Seat 8: eb16603d (60,587 in chips)
37a2ae99: posts the ante 45
Hero: posts the ante 45
c2891c23: posts the ante 45
e87a159c: posts the ante 45
6b223095: posts the ante 45
eb16603d: posts the ante 45
77dcea08: posts the ante 45
34766e2c: posts the ante 45
eb16603d: posts small blind 150
37a2ae99: posts big blind 300
*** HOLE CARDS ***
Dealt to 37a2ae99 
Dealt to 6b223095 
Dealt to 34766e2c 
Dealt to 77dcea08 
Dealt to Hero [Qs 8d]
Dealt to e87a159c 
Dealt to c2891c23 
Dealt to eb16603d 
6b223095: folds
34766e2c: raises 330 to 630
77dcea08: folds
Hero: folds
e87a159c: folds
c2891c23: calls 630
eb16603d: folds
37a2ae99: calls 330
*** FLOP *** [Kh 3h 2h]
37a2ae99: checks
34766e2c: checks
c2891c23: bets 1,200
37a2ae99: calls 1,200
34766e2c: folds
*** TURN *** [Kh 3h 2h] [Ts]
37a2ae99: checks
c2891c23: checks
*** RIVER *** [Kh 3h 2h Ts] [9c]
37a2ae99: bets 3,300
c2891c23: folds
Uncalled bet (3,300) returned to 37a2ae99
*** SHOWDOWN ***
37a2ae99 collected 4,800 from pot
*** SUMMARY ***
Total pot 4,800 | Rake 0 | Jackpot 0 | Bingo 0 | Fortune 0 | Tax 0
Board [Kh 3h 2h Ts 9c]
Seat 1: 37a2ae99 (big blind) won (4,800)
Seat 2: 6b223095 folded before Flop
Seat 3: 34766e2c folded on the Flop
Seat 4: 77dcea08 folded before Flop
Seat 5: Hero folded before Flop
Seat 6: e87a159c folded before Flop
Seat 7: c2891c23 (button) folded on the River
Seat 8: eb16603d (small blind) folded before Flop


Poker Hand #TM5586526240: Tournament #263411267, Bounty Hunters Deepstack Turbo $10.80 Hold'em No Limit - Level6(150/300(45)) - 2026/02/14 23:01:44
Table '108' 8-max Seat #5 is the button
Seat 1: a7b74e51 (23,608 in chips)
Seat 2: 6b223095 (3,416 in chips)
Seat 3: 34766e2c (20,963 in chips)
Seat 4: 77dcea08 (20,000 in chips)
Seat 5: Hero (30,234 in chips)
Seat 7: c2891c23 (65,766 in chips)
Seat 8: eb16603d (60,932 in chips)
Hero: posts the ante 45
a7b74e51: posts the ante 45
c2891c23: posts the ante 45
6b223095: posts the ante 45
eb16603d: posts the ante 45
77dcea08: posts the ante 45
34766e2c: posts the ante 45
c2891c23: posts small blind 150
eb16603d: posts big blind 300
*** HOLE CARDS ***
Dealt to a7b74e51 
Dealt to 6b223095 
Dealt to 34766e2c 
Dealt to 77dcea08 
Dealt to Hero [4s 9c]
Dealt to c2891c23 
Dealt to eb16603d 
a7b74e51: folds
6b223095: folds
34766e2c: raises 330 to 630
77dcea08: folds
Hero: folds
c2891c23: folds
eb16603d: folds
Uncalled bet (330) returned to 34766e2c
*** SHOWDOWN ***
34766e2c collected 1,065 from pot
*** SUMMARY ***
Total pot 1,065 | Rake 0 | Jackpot 0 | Bingo 0 | Fortune 0 | Tax 0
Seat 1: a7b74e51 folded before Flop
Seat 2: 6b223095 folded before Flop
Seat 3: 34766e2c collected (1,065)
Seat 4: 77dcea08 folded before Flop
Seat 5: Hero (button) folded before Flop
Seat 7: c2891c23 (small blind) folded before Flop
Seat 8: eb16603d (big blind) folded before Flop


Poker Hand #TM5586526222: Tournament #263411267, Bounty Hunters Deepstack Turbo $10.80 Hold'em No Limit - Level5(125/250(35)) - 2026/02/14 22:54:33
Table '108' 8-max Seat #3 is the button
Seat 1: a7b74e51 (25,643 in chips)
Seat 2: 6b223095 (25,751 in chips)
Seat 3: 34766e2c (20,998 in chips)
Seat 5: Hero (30,394 in chips)
Seat 6: c0b2c2c9 (13,997 in chips)
Seat 7: c2891c23 (65,801 in chips)
Seat 8: eb16603d (22,335 in chips)
c0b2c2c9: posts the ante 35
Hero: posts the ante 35
a7b74e51: posts the ante 35
c2891c23: posts the ante 35
6b223095: posts the ante 35
eb16603d: posts the ante 35
34766e2c: posts the ante 35
Hero: posts small blind 125
c0b2c2c9: posts big blind 250
*** HOLE CARDS ***
Dealt to a7b74e51 
Dealt to 6b223095 
Dealt to 34766e2c 
Dealt to Hero [Td 5d]
Dealt to c0b2c2c9 
Dealt to c2891c23 
Dealt to eb16603d 
c2891c23: folds
eb16603d: raises 375 to 625
a7b74e51: raises 1,375 to 2,000
6b223095: calls 2,000
34766e2c: folds
Hero: folds
c0b2c2c9: raises 11,962 to 13,962 and is all-in
eb16603d: raises 8,338 to 22,300 and is all-in
a7b74e51: folds
6b223095: calls 20,300
eb16603d: shows [As Kd]
6b223095: shows [8d Ad]
c0b2c2c9: shows [Jc Js]
*** FLOP *** [Qd Qh 5c]
*** TURN *** [Qd Qh 5c] [Kc]
*** RIVER *** [Qd Qh 5c Kc] [5h]
*** SHOWDOWN ***
eb16603d collected 44,256 from pot
eb16603d collected 16,676 from pot
*** SUMMARY ***
Total pot 60,932 | Rake 0 | Jackpot 0 | Bingo 0 | Fortune 0 | Tax 0
Board [Qd Qh 5c Kc 5h]
Seat 1: a7b74e51 folded before Flop
Seat 2: 6b223095 showed [8d Ad] and lost with two pair, Queens and Fives
Seat 3: 34766e2c (button) folded before Flop
Seat 5: Hero (small blind) folded before Flop
Seat 6: c0b2c2c9 (big blind) showed [Jc Js] and lost with two pair, Queens and Jacks
Seat 7: c2891c23 folded before Flop
Seat 8: eb16603d showed [As Kd] and won (60,932) with two pair, Kings and Queens


Poker Hand #TM5586526202: Tournament #263411267, Bounty Hunters Deepstack Turbo $10.80 Hold'em No Limit - Level5(125/250(35)) - 2026/02/14 22:53:38
Table '108' 8-max Seat #2 is the button
Seat 1: a7b74e51 (25,678 in chips)
Seat 2: 6b223095 (25,786 in chips)
Seat 3: 34766e2c (21,158 in chips)
Seat 5: Hero (30,979 in chips)
Seat 6: c0b2c2c9 (13,112 in chips)
Seat 7: c2891c23 (65,836 in chips)
Seat 8: eb16603d (22,370 in chips)
c0b2c2c9: posts the ante 35
Hero: posts the ante 35
a7b74e51: posts the ante 35
c2891c23: posts the ante 35
6b223095: posts the ante 35
eb16603d: posts the ante 35
34766e2c: posts the ante 35
34766e2c: posts small blind 125
Hero: posts big blind 250
*** HOLE CARDS ***
Dealt to a7b74e51 
Dealt to 6b223095 
Dealt to 34766e2c 
Dealt to Hero [8c 9s]
Dealt to c0b2c2c9 
Dealt to c2891c23 
Dealt to eb16603d 
c0b2c2c9: raises 300 to 550
c2891c23: folds
eb16603d: folds
a7b74e51: folds
6b223095: folds
34766e2c: folds
Hero: calls 300
*** FLOP *** [Ts Qh Kd]
Hero: checks
c0b2c2c9: bets 486
Hero: folds
Uncalled bet (486) returned to c0b2c2c9
*** SHOWDOWN ***
c0b2c2c9 collected 1,470 from pot
*** SUMMARY ***
Total pot 1,470 | Rake 0 | Jackpot 0 | Bingo 0 | Fortune 0 | Tax 0
Board [Ts Qh Kd]
Seat 1: a7b74e51 folded before Flop
Seat 2: 6b223095 (button) folded before Flop
Seat 3: 34766e2c (small blind) folded before Flop
Seat 5: Hero (big blind) folded on the Flop
Seat 6: c0b2c2c9 won (1,470)
Seat 7: c2891c23 folded before Flop
Seat 8: eb16603d folded before Flop


Poker Hand #TM5586526184: Tournament #263411267, Bounty Hunters Deepstack Turbo $10.80 Hold'em No Limit - Level5(125/250(35)) - 2026/02/14 22:52:37
Table '108' 8-max Seat #1 is the button
Seat 1: a7b74e51 (25,713 in chips)
Seat 2: 6b223095 (28,121 in chips)
Seat 3: 34766e2c (21,443 in chips)
Seat 4: d3289ae2 (15,237 in chips)
Seat 5: Hero (31,014 in chips)
Seat 6: c0b2c2c9 (10,317 in chips)
Seat 7: c2891c23 (65,871 in chips)
Seat 8: eb16603d (22,405 in chips)
c0b2c2c9: posts the ante 35
Hero: posts the ante 35
d3289ae2: posts the ante 35
a7b74e51: posts the ante 35
c2891c23: posts the ante 35
6b223095: posts the ante 35
eb16603d: posts the ante 35
34766e2c: posts the ante 35
6b223095: posts small blind 125
34766e2c: posts big blind 250
*** HOLE CARDS ***
Dealt to a7b74e51 
Dealt to 6b223095 
Dealt to 34766e2c 
Dealt to d3289ae2 
Dealt to Hero [4d 9h]
Dealt to c0b2c2c9 
Dealt to c2891c23 
Dealt to eb16603d 
d3289ae2: folds
Hero: folds
c0b2c2c9: raises 300 to 550
c2891c23: folds
eb16603d: folds
a7b74e51: folds
6b223095: calls 425
34766e2c: folds
*** FLOP *** [3h Jc Kc]
6b223095: bets 750
c0b2c2c9: calls 750
*** TURN *** [3h Jc Kc] [8c]
6b223095: checks
c0b2c2c9: checks
*** RIVER *** [3h Jc Kc 8c] [2c]
6b223095: bets 1,000
c0b2c2c9: raises 5,250 to 6,250
6b223095: folds
Uncalled bet (5,250) returned to c0b2c2c9
*** SHOWDOWN ***
c0b2c2c9 collected 5,130 from pot
*** SUMMARY ***
Total pot 5,130 | Rake 0 | Jackpot 0 | Bingo 0 | Fortune 0 | Tax 0
Board [3h Jc Kc 8c 2c]
Seat 1: a7b74e51 (button) folded before Flop
Seat 2: 6b223095 (small blind) folded on the River
Seat 3: 34766e2c (big blind) folded before Flop
Seat 4: d3289ae2 folded before Flop
Seat 5: Hero folded before Flop
Seat 6: c0b2c2c9 won (5,130)
Seat 7: c2891c23 folded before Flop
Seat 8: eb16603d folded before Flop


Poker Hand #TM5586526163: Tournament #263411267, Bounty Hunters Deepstack Turbo $10.80 Hold'em No Limit - Level5(125/250(35)) - 2026/02/14 22:51:27
Table '108' 8-max Seat #8 is the button
Seat 1: a7b74e51 (25,873 in chips)
Seat 2: 6b223095 (29,784 in chips)
Seat 3: 34766e2c (23,106 in chips)
Seat 4: d3289ae2 (15,272 in chips)
Seat 5: Hero (25,760 in chips)
Seat 6: c0b2c2c9 (11,980 in chips)
Seat 7: c2891c23 (65,906 in chips)
Seat 8: eb16603d (22,440 in chips)
c0b2c2c9: posts the ante 35
Hero: posts the ante 35
d3289ae2: posts the ante 35
c2891c23: posts the ante 35
a7b74e51: posts the ante 35
6b223095: posts the ante 35
eb16603d: posts the ante 35
34766e2c: posts the ante 35
a7b74e51: posts small blind 125
6b223095: posts big blind 250
*** HOLE CARDS ***
Dealt to a7b74e51 
Dealt to 6b223095 
Dealt to 34766e2c 
Dealt to d3289ae2 
Dealt to Hero [Jd Ah]
Dealt to c0b2c2c9 
Dealt to c2891c23 
Dealt to eb16603d 
34766e2c: raises 275 to 525
d3289ae2: folds
Hero: raises 1,103 to 1,628
c0b2c2c9: calls 1,628
c2891c23: folds
eb16603d: folds
a7b74e51: folds
6b223095: calls 1,378
34766e2c: calls 1,103
*** FLOP *** [Tc 6d 6c]
6b223095: checks
34766e2c: checks
Hero: bets 3,709
c0b2c2c9: folds
6b223095: folds
34766e2c: folds
Uncalled bet (3,709) returned to Hero
*** SHOWDOWN ***
Hero collected 6,917 from pot
*** SUMMARY ***
Total pot 6,917 | Rake 0 | Jackpot 0 | Bingo 0 | Fortune 0 | Tax 0
Board [Tc 6d 6c]
Seat 1: a7b74e51 (small blind) folded before Flop
Seat 2: 6b223095 (big blind) folded on the Flop
Seat 3: 34766e2c folded on the Flop
Seat 4: d3289ae2 folded before Flop
Seat 5: Hero won (6,917)
Seat 6: c0b2c2c9 folded on the Flop
Seat 7: c2891c23 folded before Flop
Seat 8: eb16603d (button) folded before Flop


Poker Hand #TM5586526150: Tournament #263411267, Bounty Hunters Deepstack Turbo $10.80 Hold'em No Limit - Level5(125/250(35)) - 2026/02/14 22:50:50
Table '108' 8-max Seat #7 is the button
Seat 1: a7b74e51 (26,158 in chips)
Seat 2: 6b223095 (29,819 in chips)
Seat 3: 34766e2c (24,093 in chips)
Seat 4: d3289ae2 (13,700 in chips)
Seat 5: Hero (25,795 in chips)
Seat 6: c0b2c2c9 (12,015 in chips)
Seat 7: c2891c23 (65,941 in chips)
Seat 8: eb16603d (22,600 in chips)
c0b2c2c9: posts the ante 35
Hero: posts the ante 35
d3289ae2: posts the ante 35
c2891c23: posts the ante 35
a7b74e51: posts the ante 35
6b223095: posts the ante 35
eb16603d: posts the ante 35
34766e2c: posts the ante 35
eb16603d: posts small blind 125
a7b74e51: posts big blind 250
*** HOLE CARDS ***
Dealt to a7b74e51 
Dealt to 6b223095 
Dealt to 34766e2c 
Dealt to d3289ae2 
Dealt to Hero [3c 5h]
Dealt to c0b2c2c9 
Dealt to c2891c23 
Dealt to eb16603d 
6b223095: folds
34766e2c: raises 275 to 525
d3289ae2: calls 525
Hero: folds
c0b2c2c9: folds
c2891c23: folds
eb16603d: folds
a7b74e51: folds
*** FLOP *** [Jh Qs 9h]
34766e2c: bets 427
d3289ae2: calls 427
*** TURN *** [Jh Qs 9h] [7h]
34766e2c: checks
d3289ae2: bets 1,280
34766e2c: folds
Uncalled bet (1,280) returned to d3289ae2
*** SHOWDOWN ***
d3289ae2 collected 2,559 from pot
*** SUMMARY ***
Total pot 2,559 | Rake 0 | Jackpot 0 | Bingo 0 | Fortune 0 | Tax 0
Board [Jh Qs 9h 7h]
Seat 1: a7b74e51 (big blind) folded before Flop
Seat 2: 6b223095 folded before Flop
Seat 3: 34766e2c folded on the Turn
Seat 4: d3289ae2 won (2,559)
Seat 5: Hero folded before Flop
Seat 6: c0b2c2c9 folded before Flop
Seat 7: c2891c23 (button) folded before Flop
Seat 8: eb16603d (small blind) folded before Flop


Poker Hand #TM5586526133: Tournament #263411267, Bounty Hunters Deepstack Turbo $10.80 Hold'em No Limit - Level5(125/250(35)) - 2026/02/14 22:49:58
Table '108' 8-max Seat #6 is the button
Seat 1: a7b74e51 (23,627 in chips)
Seat 2: 6b223095 (31,765 in chips)
Seat 3: 34766e2c (24,128 in chips)
Seat 4: d3289ae2 (13,735 in chips)
Seat 5: Hero (25,830 in chips)
Seat 6: c0b2c2c9 (12,050 in chips)
Seat 7: c2891c23 (66,101 in chips)
Seat 8: eb16603d (22,885 in chips)
c0b2c2c9: posts the ante 35
Hero: posts the ante 35
d3289ae2: posts the ante 35
a7b74e51: posts the ante 35
c2891c23: posts the ante 35
6b223095: posts the ante 35
eb16603d: posts the ante 35
34766e2c: posts the ante 35
c2891c23: posts small blind 125
eb16603d: posts big blind 250
*** HOLE CARDS ***
Dealt to a7b74e51 
Dealt to 6b223095 
Dealt to 34766e2c 
Dealt to d3289ae2 
Dealt to Hero [3h 2c]
Dealt to c0b2c2c9 
Dealt to c2891c23 
Dealt to eb16603d 
a7b74e51: raises 325 to 575
6b223095: calls 575
34766e2c: folds
d3289ae2: folds
Hero: folds
c0b2c2c9: folds
c2891c23: folds
eb16603d: folds
*** FLOP *** [9h Kh 4h]
a7b74e51: checks
6b223095: checks
*** TURN *** [9h Kh 4h] [As]
a7b74e51: bets 1,336
6b223095: calls 1,336
*** RIVER *** [9h Kh 4h As] [8d]
a7b74e51: checks
6b223095: checks
a7b74e51: shows [5h 5c] (a pair of Fives)
6b223095: shows [2s 4s] (a pair of Fours)
*** SHOWDOWN ***
a7b74e51 collected 4,477 from pot
*** SUMMARY ***
Total pot 4,477 | Rake 0 | Jackpot 0 | Bingo 0 | Fortune 0 | Tax 0
Board [9h Kh 4h As 8d]
Seat 1: a7b74e51 showed [5h 5c] and won (4,477) with a pair of Fives
Seat 2: 6b223095 showed [2s 4s] and lost with a pair of Fours
Seat 3: 34766e2c folded before Flop
Seat 4: d3289ae2 folded before Flop
Seat 5: Hero folded before Flop
Seat 6: c0b2c2c9 (button) folded before Flop
Seat 7: c2891c23 (small blind) folded before Flop
Seat 8: eb16603d (big blind) folded before Flop


Poker Hand #TM5586526103: Tournament #263411267, Bounty Hunters Deepstack Turbo $10.80 Hold'em No Limit - Level5(125/250(35)) - 2026/02/14 22:48:16
Table '108' 8-max Seat #5 is the button
Seat 1: a7b74e51 (28,855 in chips)
Seat 2: 6b223095 (23,577 in chips)
Seat 3: 34766e2c (26,538 in chips)
Seat 4: d3289ae2 (13,770 in chips)
Seat 5: Hero (25,865 in chips)
Seat 6: c0b2c2c9 (12,210 in chips)
Seat 7: c2891c23 (66,386 in chips)
Seat 8: eb16603d (22,920 in chips)
c0b2c2c9: posts the ante 35
Hero: posts the ante 35
d3289ae2: posts the ante 35
a7b74e51: posts the ante 35
c2891c23: posts the ante 35
6b223095: posts the ante 35
eb16603d: posts the ante 35
34766e2c: posts the ante 35
c0b2c2c9: posts small blind 125
c2891c23: posts big blind 250
*** HOLE CARDS ***
Dealt to a7b74e51 
Dealt to 6b223095 
Dealt to 34766e2c 
Dealt to d3289ae2 
Dealt to Hero [Jc 9h]
Dealt to c0b2c2c9 
Dealt to c2891c23 
Dealt to eb16603d 
eb16603d: folds
a7b74e51: raises 325 to 575
6b223095: calls 575
34766e2c: raises 1,800 to 2,375
d3289ae2: folds
Hero: folds
c0b2c2c9: folds
c2891c23: folds
a7b74e51: calls 1,800
6b223095: calls 1,800
*** FLOP *** [Ks 3s Kc]
a7b74e51: checks
6b223095: bets 2,818
34766e2c: folds
a7b74e51: calls 2,818
*** TURN *** [Ks 3s Kc] [5d]
a7b74e51: checks
6b223095: bets 6,458
a7b74e51: folds
Uncalled bet (6,458) returned to 6b223095
*** SHOWDOWN ***
6b223095 collected 13,416 from pot
*** SUMMARY ***
Total pot 13,416 | Rake 0 | Jackpot 0 | Bingo 0 | Fortune 0 | Tax 0
Board [Ks 3s Kc 5d]
Seat 1: a7b74e51 folded on the Turn
Seat 2: 6b223095 won (13,416)
Seat 3: 34766e2c folded on the Flop
Seat 4: d3289ae2 folded before Flop
Seat 5: Hero (button) folded before Flop
Seat 6: c0b2c2c9 (small blind) folded before Flop
Seat 7: c2891c23 (big blind) folded before Flop
Seat 8: eb16603d folded before Flop


Poker Hand #TM5586526089: Tournament #263411267, Bounty Hunters Deepstack Turbo $10.80 Hold'em No Limit - Level5(125/250(35)) - 2026/02/14 22:47:33
Table '108' 8-max Seat #4 is the button
Seat 1: a7b74e51 (28,890 in chips)
Seat 2: 6b223095 (23,612 in chips)
Seat 3: 34766e2c (27,493 in chips)
Seat 4: d3289ae2 (13,805 in chips)
Seat 5: Hero (24,450 in chips)
Seat 6: c0b2c2c9 (12,495 in chips)
Seat 7: c2891c23 (66,421 in chips)
Seat 8: eb16603d (22,955 in chips)
c0b2c2c9: posts the ante 35
Hero: posts the ante 35
d3289ae2: posts the ante 35
a7b74e51: posts the ante 35
c2891c23: posts the ante 35
6b223095: posts the ante 35
eb16603d: posts the ante 35
34766e2c: posts the ante 35
Hero: posts small blind 125
c0b2c2c9: posts big blind 250
*** HOLE CARDS ***
Dealt to a7b74e51 
Dealt to 6b223095 
Dealt to 34766e2c 
Dealt to d3289ae2 
Dealt to Hero [4s 4d]
Dealt to c0b2c2c9 
Dealt to c2891c23 
Dealt to eb16603d 
c2891c23: folds
eb16603d: folds
a7b74e51: folds
6b223095: folds
34766e2c: raises 275 to 525
d3289ae2: folds
Hero: calls 400
c0b2c2c9: folds
*** FLOP *** [8h 7s Qs]
Hero: checks
34766e2c: bets 395
Hero: calls 395
*** TURN *** [8h 7s Qs] [5h]
Hero: checks
34766e2c: checks
*** RIVER *** [8h 7s Qs 5h] [9h]
Hero: checks
34766e2c: checks
Hero: shows [4s 4d] (a pair of Fours)
34766e2c: shows [Ah Jd] (Ace high)
*** SHOWDOWN ***
Hero collected 2,370 from pot
*** SUMMARY ***
Total pot 2,370 | Rake 0 | Jackpot 0 | Bingo 0 | Fortune 0 | Tax 0
Board [8h 7s Qs 5h 9h]
Seat 1: a7b74e51 folded before Flop
Seat 2: 6b223095 folded before Flop
Seat 3: 34766e2c showed [Ah Jd] and lost with Ace high
Seat 4: d3289ae2 (button) folded before Flop
Seat 5: Hero (small blind) showed [4s 4d] and won (2,370) with a pair of Fours
Seat 6: c0b2c2c9 (big blind) folded before Flop
Seat 7: c2891c23 folded before Flop
Seat 8: eb16603d folded before Flop


Poker Hand #TM5586526075: Tournament #263411267, Bounty Hunters Deepstack Turbo $10.80 Hold'em No Limit - Level4(100/200(30)) - 2026/02/14 22:46:55
Table '108' 8-max Seat #3 is the button
Seat 1: a7b74e51 (28,920 in chips)
Seat 2: 6b223095 (24,142 in chips)
Seat 3: 34766e2c (27,523 in chips)
Seat 4: d3289ae2 (13,935 in chips)
Seat 5: Hero (24,980 in chips)
Seat 6: c0b2c2c9 (12,525 in chips)
Seat 7: c2891c23 (66,451 in chips)
Seat 8: eb16603d (21,645 in chips)
c0b2c2c9: posts the ante 30
Hero: posts the ante 30
d3289ae2: posts the ante 30
a7b74e51: posts the ante 30
c2891c23: posts the ante 30
6b223095: posts the ante 30
eb16603d: posts the ante 30
34766e2c: posts the ante 30
d3289ae2: posts small blind 100
Hero: posts big blind 200
*** HOLE CARDS ***
Dealt to a7b74e51 
Dealt to 6b223095 
Dealt to 34766e2c 
Dealt to d3289ae2 
Dealt to Hero [7d 6s]
Dealt to c0b2c2c9 
Dealt to c2891c23 
Dealt to eb16603d 
c0b2c2c9: folds
c2891c23: folds
eb16603d: raises 300 to 500
a7b74e51: folds
6b223095: calls 500
34766e2c: folds
d3289ae2: folds
Hero: calls 300
*** FLOP *** [Qd 7s Kd]
Hero: checks
eb16603d: bets 1,380
6b223095: folds
Hero: folds
Uncalled bet (1,380) returned to eb16603d
*** SHOWDOWN ***
eb16603d collected 1,840 from pot
*** SUMMARY ***
Total pot 1,840 | Rake 0 | Jackpot 0 | Bingo 0 | Fortune 0 | Tax 0
Board [Qd 7s Kd]
Seat 1: a7b74e51 folded before Flop
Seat 2: 6b223095 folded on the Flop
Seat 3: 34766e2c (button) folded before Flop
Seat 4: d3289ae2 (small blind) folded before Flop
Seat 5: Hero (big blind) folded on the Flop
Seat 6: c0b2c2c9 folded before Flop
Seat 7: c2891c23 folded before Flop
Seat 8: eb16603d won (1,840)


Poker Hand #TM5586526055: Tournament #263411267, Bounty Hunters Deepstack Turbo $10.80 Hold'em No Limit - Level4(100/200(30)) - 2026/02/14 22:45:50
Table '108' 8-max Seat #2 is the button
Seat 1: a7b74e51 (28,950 in chips)
Seat 2: 6b223095 (18,904 in chips)
Seat 3: 34766e2c (28,053 in chips)
Seat 4: d3289ae2 (17,993 in chips)
Seat 5: Hero (25,010 in chips)
Seat 6: c0b2c2c9 (12,555 in chips)
Seat 7: c2891c23 (66,481 in chips)
Seat 8: eb16603d (22,175 in chips)
c0b2c2c9: posts the ante 30
Hero: posts the ante 30
d3289ae2: posts the ante 30
a7b74e51: posts the ante 30
c2891c23: posts the ante 30
6b223095: posts the ante 30
eb16603d: posts the ante 30
34766e2c: posts the ante 30
34766e2c: posts small blind 100
d3289ae2: posts big blind 200
*** HOLE CARDS ***
Dealt to a7b74e51 
Dealt to 6b223095 
Dealt to 34766e2c 
Dealt to d3289ae2 
Dealt to Hero [Jh 6d]
Dealt to c0b2c2c9 
Dealt to c2891c23 
Dealt to eb16603d 
Hero: folds
c0b2c2c9: folds
c2891c23: folds
eb16603d: raises 300 to 500
a7b74e51: folds
6b223095: calls 500
34766e2c: calls 400
d3289ae2: raises 1,680 to 2,180
eb16603d: folds
6b223095: calls 1,680
34766e2c: folds
*** FLOP *** [Ac 6s 7s]
d3289ae2: bets 1,848
6b223095: raises 2,448 to 4,296
d3289ae2: folds
Uncalled bet (2,448) returned to 6b223095
*** SHOWDOWN ***
6b223095 collected 9,296 from pot
*** SUMMARY ***
Total pot 9,296 | Rake 0 | Jackpot 0 | Bingo 0 | Fortune 0 | Tax 0
Board [Ac 6s 7s]
Seat 1: a7b74e51 folded before Flop
Seat 2: 6b223095 (button) won (9,296)
Seat 3: 34766e2c (small blind) folded before Flop
Seat 4: d3289ae2 (big blind) folded on the Flop
Seat 5: Hero folded before Flop
Seat 6: c0b2c2c9 folded before Flop
Seat 7: c2891c23 folded before Flop
Seat 8: eb16603d folded before Flop


Poker Hand #TM5586526032: Tournament #263411267, Bounty Hunters Deepstack Turbo $10.80 Hold'em No Limit - Level4(100/200(30)) - 2026/02/14 22:44:32
Table '108' 8-max Seat #1 is the button
Seat 1: a7b74e51 (21,672 in chips)
Seat 2: 6b223095 (19,034 in chips)
Seat 3: 34766e2c (28,283 in chips)
Seat 4: d3289ae2 (18,023 in chips)
Seat 5: Hero (25,040 in chips)
Seat 6: c0b2c2c9 (19,353 in chips)
Seat 7: c2891c23 (66,511 in chips)
Seat 8: eb16603d (22,205 in chips)
c0b2c2c9: posts the ante 30
Hero: posts the ante 30
d3289ae2: posts the ante 30
a7b74e51: posts the ante 30
c2891c23: posts the ante 30
6b223095: posts the ante 30
eb16603d: posts the ante 30
34766e2c: posts the ante 30
6b223095: posts small blind 100
34766e2c: posts big blind 200
*** HOLE CARDS ***
Dealt to a7b74e51 
Dealt to 6b223095 
Dealt to 34766e2c 
Dealt to d3289ae2 
Dealt to Hero [3c Qs]
Dealt to c0b2c2c9 
Dealt to c2891c23 
Dealt to eb16603d 
d3289ae2: folds
Hero: folds
c0b2c2c9: raises 240 to 440
c2891c23: folds
eb16603d: folds
a7b74e51: calls 440
6b223095: folds
34766e2c: folds
*** FLOP *** [9c 4s 5s]
c0b2c2c9: checks
a7b74e51: bets 455
c0b2c2c9: calls 455
*** TURN *** [9c 4s 5s] [Kh]
c0b2c2c9: checks
a7b74e51: bets 1,189
c0b2c2c9: calls 1,189
*** RIVER *** [9c 4s 5s Kh] [5d]
c0b2c2c9: checks
a7b74e51: bets 4,684
c0b2c2c9: calls 4,684
a7b74e51: shows [4c 5c] (a full house, Fives full of Fours)
c0b2c2c9: shows [9h 7h] (two pair, Nines and Fives)
*** SHOWDOWN ***
a7b74e51 collected 14,076 from pot
*** SUMMARY ***
Total pot 14,076 | Rake 0 | Jackpot 0 | Bingo 0 | Fortune 0 | Tax 0
Board [9c 4s 5s Kh 5d]
Seat 1: a7b74e51 (button) showed [4c 5c] and won (14,076) with a full house, Fives full of Fours
Seat 2: 6b223095 (small blind) folded before Flop
Seat 3: 34766e2c (big blind) folded before Flop
Seat 4: d3289ae2 folded before Flop
Seat 5: Hero folded before Flop
Seat 6: c0b2c2c9 showed [9h 7h] and lost with two pair, Nines and Fives
Seat 7: c2891c23 folded before Flop
Seat 8: eb16603d folded before Flop


Poker Hand #TM5586526005: Tournament #263411267, Bounty Hunters Deepstack Turbo $10.80 Hold'em No Limit - Level4(100/200(30)) - 2026/02/14 22:43:22
Table '108' 8-max Seat #8 is the button
Seat 1: a7b74e51 (19,710 in chips)
Seat 2: 6b223095 (19,940 in chips)
Seat 3: 34766e2c (28,313 in chips)
Seat 4: d3289ae2 (18,053 in chips)
Seat 5: Hero (25,946 in chips)
Seat 6: c0b2c2c9 (19,383 in chips)
Seat 7: c2891c23 (66,541 in chips)
Seat 8: eb16603d (22,235 in chips)
c0b2c2c9: posts the ante 30
Hero: posts the ante 30
d3289ae2: posts the ante 30
c2891c23: posts the ante 30
a7b74e51: posts the ante 30
6b223095: posts the ante 30
eb16603d: posts the ante 30
34766e2c: posts the ante 30
a7b74e51: posts small blind 100
6b223095: posts big blind 200
*** HOLE CARDS ***
Dealt to a7b74e51 
Dealt to 6b223095 
Dealt to 34766e2c 
Dealt to d3289ae2 
Dealt to Hero [5c 7c]
Dealt to c0b2c2c9 
Dealt to c2891c23 
Dealt to eb16603d 
34766e2c: folds
d3289ae2: folds
Hero: raises 200 to 400
c0b2c2c9: folds
c2891c23: folds
eb16603d: folds
a7b74e51: calls 300
6b223095: calls 200
*** FLOP *** [Ts 4s Kc]
a7b74e51: checks
6b223095: checks
Hero: bets 476
a7b74e51: calls 476
6b223095: calls 476
*** TURN *** [Ts 4s Kc] [9h]
a7b74e51: checks
6b223095: checks
Hero: checks
*** RIVER *** [Ts 4s Kc 9h] [3s]
a7b74e51: bets 2,123
6b223095: folds
Hero: folds
Uncalled bet (2,123) returned to a7b74e51
*** SHOWDOWN ***
a7b74e51 collected 2,868 from pot
*** SUMMARY ***
Total pot 2,868 | Rake 0 | Jackpot 0 | Bingo 0 | Fortune 0 | Tax 0
Board [Ts 4s Kc 9h 3s]
Seat 1: a7b74e51 (small blind) won (2,868)
Seat 2: 6b223095 (big blind) folded on the River
Seat 3: 34766e2c folded before Flop
Seat 4: d3289ae2 folded before Flop
Seat 5: Hero folded on the River
Seat 6: c0b2c2c9 folded before Flop
Seat 7: c2891c23 folded before Flop
Seat 8: eb16603d (button) folded before Flop


Poker Hand #TM5586525989: Tournament #263411267, Bounty Hunters Deepstack Turbo $10.80 Hold'em No Limit - Level4(100/200(30)) - 2026/02/14 22:42:15
Table '108' 8-max Seat #7 is the button
Seat 1: a7b74e51 (19,940 in chips)
Seat 2: 6b223095 (19,970 in chips)
Seat 3: 34766e2c (26,413 in chips)
Seat 4: d3289ae2 (19,053 in chips)
Seat 5: Hero (25,976 in chips)
Seat 6: c0b2c2c9 (19,413 in chips)
Seat 7: c2891c23 (66,991 in chips)
Seat 8: eb16603d (22,365 in chips)
c0b2c2c9: posts the ante 30
Hero: posts the ante 30
d3289ae2: posts the ante 30
c2891c23: posts the ante 30
a7b74e51: posts the ante 30
6b223095: posts the ante 30
eb16603d: posts the ante 30
34766e2c: posts the ante 30
eb16603d: posts small blind 100
a7b74e51: posts big blind 200
*** HOLE CARDS ***
Dealt to a7b74e51 
Dealt to 6b223095 
Dealt to 34766e2c 
Dealt to d3289ae2 
Dealt to Hero [Qh 6c]
Dealt to c0b2c2c9 
Dealt to c2891c23 
Dealt to eb16603d 
6b223095: folds
34766e2c: raises 220 to 420
d3289ae2: calls 420
Hero: folds
c0b2c2c9: folds
c2891c23: calls 420
eb16603d: folds
a7b74e51: folds
*** FLOP *** [Ah Kc 2c]
34766e2c: checks
d3289ae2: checks
c2891c23: checks
*** TURN *** [Ah Kc 2c] [8h]
34766e2c: bets 550
d3289ae2: calls 550
c2891c23: folds
*** RIVER *** [Ah Kc 2c 8h] [9c]
34766e2c: checks
d3289ae2: checks
34766e2c: shows [Kd 4d] (a pair of Kings)
d3289ae2: shows [Jc Jh] (a pair of Jacks)
*** SHOWDOWN ***
34766e2c collected 2,900 from pot
*** SUMMARY ***
Total pot 2,900 | Rake 0 | Jackpot 0 | Bingo 0 | Fortune 0 | Tax 0
Board [Ah Kc 2c 8h 9c]
Seat 1: a7b74e51 (big blind) folded before Flop
Seat 2: 6b223095 folded before Flop
Seat 3: 34766e2c showed [Kd 4d] and won (2,900) with a pair of Kings
Seat 4: d3289ae2 showed [Jc Jh] and lost with a pair of Jacks
Seat 5: Hero folded before Flop
Seat 6: c0b2c2c9 folded before Flop
Seat 7: c2891c23 (button) folded on the Turn
Seat 8: eb16603d (small blind) folded before Flop


Poker Hand #TM5586525974: Tournament #263411267, Bounty Hunters Deepstack Turbo $10.80 Hold'em No Limit - Level4(100/200(30)) - 2026/02/14 22:41:39
Table '108' 8-max Seat #6 is the button
Seat 1: a7b74e51 (19,970 in chips)
Seat 2: 6b223095 (20,000 in chips)
Seat 3: 34766e2c (26,443 in chips)
Seat 4: d3289ae2 (18,543 in chips)
Seat 5: Hero (26,006 in chips)
Seat 6: c0b2c2c9 (19,443 in chips)
Seat 7: c2891c23 (67,121 in chips)
Seat 8: eb16603d (22,595 in chips)
c0b2c2c9: posts the ante 30
Hero: posts the ante 30
d3289ae2: posts the ante 30
a7b74e51: posts the ante 30
c2891c23: posts the ante 30
6b223095: posts the ante 30
eb16603d: posts the ante 30
34766e2c: posts the ante 30
c2891c23: posts small blind 100
eb16603d: posts big blind 200
*** HOLE CARDS ***
Dealt to a7b74e51 
Dealt to 6b223095 
Dealt to 34766e2c 
Dealt to d3289ae2 
Dealt to Hero [7c 9s]
Dealt to c0b2c2c9 
Dealt to c2891c23 
Dealt to eb16603d 
a7b74e51: folds
6b223095: folds
34766e2c: folds
d3289ae2: raises 440 to 640
Hero: folds
c0b2c2c9: folds
c2891c23: folds
eb16603d: folds
Uncalled bet (440) returned to d3289ae2
*** SHOWDOWN ***
d3289ae2 collected 740 from pot
*** SUMMARY ***
Total pot 740 | Rake 0 | Jackpot 0 | Bingo 0 | Fortune 0 | Tax 0
Seat 1: a7b74e51 folded before Flop
Seat 2: 6b223095 folded before Flop
Seat 3: 34766e2c folded before Flop
Seat 4: d3289ae2 collected (740)
Seat 5: Hero folded before Flop
Seat 6: c0b2c2c9 (button) folded before Flop
Seat 7: c2891c23 (small blind) folded before Flop
Seat 8: eb16603d (big blind) folded before Flop


Poker Hand #TM5586525952: Tournament #263411267, Bounty Hunters Deepstack Turbo $10.80 Hold'em No Limit - Level4(100/200(30)) - 2026/02/14 22:40:29
Table '108' 8-max Seat #5 is the button
Seat 1: a7b74e51 (20,000 in chips)
Seat 3: 34766e2c (26,473 in chips)
Seat 4: d3289ae2 (18,973 in chips)
Seat 5: Hero (24,926 in chips)
Seat 6: c0b2c2c9 (19,573 in chips)
Seat 7: c2891c23 (67,551 in chips)
Seat 8: eb16603d (22,625 in chips)
c0b2c2c9: posts the ante 30
Hero: posts the ante 30
d3289ae2: posts the ante 30
a7b74e51: posts the ante 30
c2891c23: posts the ante 30
eb16603d: posts the ante 30
34766e2c: posts the ante 30
c0b2c2c9: posts small blind 100
c2891c23: posts big blind 200
*** HOLE CARDS ***
Dealt to a7b74e51 
Dealt to 34766e2c 
Dealt to d3289ae2 
Dealt to Hero [Th Kd]
Dealt to c0b2c2c9 
Dealt to c2891c23 
Dealt to eb16603d 
eb16603d: folds
a7b74e51: folds
34766e2c: folds
d3289ae2: raises 200 to 400
Hero: calls 400
c0b2c2c9: folds
c2891c23: calls 200
*** FLOP *** [Jc 4h 8c]
c2891c23: checks
d3289ae2: checks
Hero: bets 755
c2891c23: folds
d3289ae2: folds
Uncalled bet (755) returned to Hero
*** SHOWDOWN ***
Hero collected 1,510 from pot
*** SUMMARY ***
Total pot 1,510 | Rake 0 | Jackpot 0 | Bingo 0 | Fortune 0 | Tax 0
Board [Jc 4h 8c]
Seat 1: a7b74e51 folded before Flop
Seat 3: 34766e2c folded before Flop
Seat 4: d3289ae2 folded on the Flop
Seat 5: Hero (button) won (1,510)
Seat 6: c0b2c2c9 (small blind) folded before Flop
Seat 7: c2891c23 (big blind) folded on the Flop
Seat 8: eb16603d folded before Flop


Poker Hand #TM5587359592: Tournament #263411267, Bounty Hunters Deepstack Turbo $10.80 Hold'em No Limit - Level4(100/200(30)) - 2026/02/14 22:39:57
Table '85' 8-max Seat #5 is the button
Seat 1: 4fc5b75 (19,940 in chips)
Seat 2: 1dc15a67 (37,087 in chips)
Seat 3: 1e3b9a91 (6,440 in chips)
Seat 4: f0994ef2 (12,637 in chips)
Seat 5: 7045bf95 (17,878 in chips)
Seat 6: b3d1f534 (38,477 in chips)
Seat 7: e3f2bb60 (21,564 in chips)
Seat 8: Hero (24,956 in chips)
7045bf95: posts the ante 30
4fc5b75: posts the ante 30
Hero: posts the ante 30
1e3b9a91: posts the ante 30
b3d1f534: posts the ante 30
e3f2bb60: posts the ante 30
f0994ef2: posts the ante 30
1dc15a67: posts the ante 30
b3d1f534: posts small blind 100
e3f2bb60: posts big blind 200
*** HOLE CARDS ***
Dealt to 4fc5b75 
Dealt to 1dc15a67 
Dealt to 1e3b9a91 
Dealt to f0994ef2 
Dealt to 7045bf95 
Dealt to b3d1f534 
Dealt to e3f2bb60 
Dealt to Hero [6h 4c]
Hero: folds
4fc5b75: folds
1dc15a67: calls 200
1e3b9a91: raises 6,210 to 6,410 and is all-in
f0994ef2: folds
7045bf95: folds
b3d1f534: folds
e3f2bb60: folds
1dc15a67: folds
Uncalled bet (6,210) returned to 1e3b9a91
*** SHOWDOWN ***
1e3b9a91 collected 940 from pot
*** SUMMARY ***
Total pot 940 | Rake 0 | Jackpot 0 | Bingo 0 | Fortune 0 | Tax 0
Seat 1: 4fc5b75 folded before Flop
Seat 2: 1dc15a67 folded before Flop
Seat 3: 1e3b9a91 collected (940)
Seat 4: f0994ef2 folded before Flop
Seat 5: 7045bf95 (button) folded before Flop
Seat 6: b3d1f534 (small blind) folded before Flop
Seat 7: e3f2bb60 (big blind) folded before Flop
Seat 8: Hero folded before Flop


Poker Hand #TM5587359582: Tournament #263411267, Bounty Hunters Deepstack Turbo $10.80 Hold'em No Limit - Level4(100/200(30)) - 2026/02/14 22:39:25
Table '85' 8-max Seat #4 is the button
Seat 1: 4fc5b75 (19,970 in chips)
Seat 2: 1dc15a67 (37,117 in chips)
Seat 3: 1e3b9a91 (6,470 in chips)
Seat 4: f0994ef2 (11,727 in chips)
Seat 5: 7045bf95 (18,008 in chips)
Seat 6: b3d1f534 (38,707 in chips)
Seat 7: e3f2bb60 (21,594 in chips)
Seat 8: Hero (25,386 in chips)
7045bf95: posts the ante 30
4fc5b75: posts the ante 30
Hero: posts the ante 30
1e3b9a91: posts the ante 30
b3d1f534: posts the ante 30
e3f2bb60: posts the ante 30
f0994ef2: posts the ante 30
1dc15a67: posts the ante 30
7045bf95: posts small blind 100
b3d1f534: posts big blind 200
*** HOLE CARDS ***
Dealt to 4fc5b75 
Dealt to 1dc15a67 
Dealt to 1e3b9a91 
Dealt to f0994ef2 
Dealt to 7045bf95 
Dealt to b3d1f534 
Dealt to e3f2bb60 
Dealt to Hero [Ah 6c]
e3f2bb60: folds
Hero: raises 200 to 400
4fc5b75: folds
1dc15a67: folds
1e3b9a91: folds
f0994ef2: raises 670 to 1,070
7045bf95: folds
b3d1f534: folds
Hero: folds
Uncalled bet (670) returned to f0994ef2
*** SHOWDOWN ***
f0994ef2 collected 1,340 from pot
*** SUMMARY ***
Total pot 1,340 | Rake 0 | Jackpot 0 | Bingo 0 | Fortune 0 | Tax 0
Seat 1: 4fc5b75 folded before Flop
Seat 2: 1dc15a67 folded before Flop
Seat 3: 1e3b9a91 folded before Flop
Seat 4: f0994ef2 (button) collected (1,340)
Seat 5: 7045bf95 (small blind) folded before Flop
Seat 6: b3d1f534 (big blind) folded before Flop
Seat 7: e3f2bb60 folded before Flop
Seat 8: Hero folded before Flop


Poker Hand #TM5587359574: Tournament #263411267, Bounty Hunters Deepstack Turbo $10.80 Hold'em No Limit - Level4(100/200(30)) - 2026/02/14 22:39:03
Table '85' 8-max Seat #3 is the button
Seat 1: 4fc5b75 (20,000 in chips)
Seat 2: 1dc15a67 (37,147 in chips)
Seat 3: 1e3b9a91 (6,500 in chips)
Seat 4: f0994ef2 (11,857 in chips)
Seat 5: 7045bf95 (17,698 in chips)
Seat 6: b3d1f534 (38,737 in chips)
Seat 7: e3f2bb60 (21,624 in chips)
Seat 8: Hero (25,416 in chips)
7045bf95: posts the ante 30
4fc5b75: posts the ante 30
Hero: posts the ante 30
1e3b9a91: posts the ante 30
b3d1f534: posts the ante 30
e3f2bb60: posts the ante 30
f0994ef2: posts the ante 30
1dc15a67: posts the ante 30
f0994ef2: posts small blind 100
7045bf95: posts big blind 200
*** HOLE CARDS ***
Dealt to 4fc5b75 
Dealt to 1dc15a67 
Dealt to 1e3b9a91 
Dealt to f0994ef2 
Dealt to 7045bf95 
Dealt to b3d1f534 
Dealt to e3f2bb60 
Dealt to Hero [Kd 5d]
b3d1f534: folds
e3f2bb60: folds
Hero: folds
4fc5b75: folds
1dc15a67: folds
1e3b9a91: folds
f0994ef2: folds
Uncalled bet (100) returned to 7045bf95
*** SHOWDOWN ***
7045bf95 collected 440 from pot
*** SUMMARY ***
Total pot 440 | Rake 0 | Jackpot 0 | Bingo 0 | Fortune 0 | Tax 0
Seat 1: 4fc5b75 folded before Flop
Seat 2: 1dc15a67 folded before Flop
Seat 3: 1e3b9a91 (button) folded before Flop
Seat 4: f0994ef2 (small blind) folded before Flop
Seat 5: 7045bf95 (big blind) collected (440)
Seat 6: b3d1f534 folded before Flop
Seat 7: e3f2bb60 folded before Flop
Seat 8: Hero folded before Flop


Poker Hand #TM5587359557: Tournament #263411267, Bounty Hunters Deepstack Turbo $10.80 Hold'em No Limit - Level3(75/150(20)) - 2026/02/14 22:38:11
Table '85' 8-max Seat #2 is the button
Seat 2: 1dc15a67 (37,167 in chips)
Seat 3: 1e3b9a91 (6,595 in chips)
Seat 4: f0994ef2 (12,252 in chips)
Seat 5: 7045bf95 (17,718 in chips)
Seat 6: b3d1f534 (38,757 in chips)
Seat 7: e3f2bb60 (21,054 in chips)
Seat 8: Hero (25,436 in chips)
7045bf95: posts the ante 20
Hero: posts the ante 20
b3d1f534: posts the ante 20
1e3b9a91: posts the ante 20
e3f2bb60: posts the ante 20
f0994ef2: posts the ante 20
1dc15a67: posts the ante 20
1e3b9a91: posts small blind 75
f0994ef2: posts big blind 150
*** HOLE CARDS ***
Dealt to 1dc15a67 
Dealt to 1e3b9a91 
Dealt to f0994ef2 
Dealt to 7045bf95 
Dealt to b3d1f534 
Dealt to e3f2bb60 
Dealt to Hero [6s Js]
7045bf95: folds
b3d1f534: folds
e3f2bb60: raises 225 to 375
Hero: folds
1dc15a67: folds
1e3b9a91: folds
f0994ef2: calls 225
*** FLOP *** [7d 7c Jh]
f0994ef2: checks
e3f2bb60: bets 319
f0994ef2: folds
Uncalled bet (319) returned to e3f2bb60
*** SHOWDOWN ***
e3f2bb60 collected 965 from pot
*** SUMMARY ***
Total pot 965 | Rake 0 | Jackpot 0 | Bingo 0 | Fortune 0 | Tax 0
Board [7d 7c Jh]
Seat 2: 1dc15a67 (button) folded before Flop
Seat 3: 1e3b9a91 (small blind) folded before Flop
Seat 4: f0994ef2 (big blind) folded on the Flop
Seat 5: 7045bf95 folded before Flop
Seat 6: b3d1f534 folded before Flop
Seat 7: e3f2bb60 won (965)
Seat 8: Hero folded before Flop


Poker Hand #TM5587359528: Tournament #263411267, Bounty Hunters Deepstack Turbo $10.80 Hold'em No Limit - Level3(75/150(20)) - 2026/02/14 22:36:24
Table '85' 8-max Seat #1 is the button
Seat 1: 9a8daf69 (8,925 in chips)
Seat 2: 1dc15a67 (19,067 in chips)
Seat 3: 1e3b9a91 (6,765 in chips)
Seat 4: f0994ef2 (21,177 in chips)
Seat 5: 7045bf95 (17,738 in chips)
Seat 6: b3d1f534 (38,777 in chips)
Seat 7: e3f2bb60 (21,074 in chips)
Seat 8: Hero (25,456 in chips)
7045bf95: posts the ante 20
Hero: posts the ante 20
b3d1f534: posts the ante 20
1e3b9a91: posts the ante 20
9a8daf69: posts the ante 20
e3f2bb60: posts the ante 20
f0994ef2: posts the ante 20
1dc15a67: posts the ante 20
1dc15a67: posts small blind 75
1e3b9a91: posts big blind 150
*** HOLE CARDS ***
Dealt to 9a8daf69 
Dealt to 1dc15a67 
Dealt to 1e3b9a91 
Dealt to f0994ef2 
Dealt to 7045bf95 
Dealt to b3d1f534 
Dealt to e3f2bb60 
Dealt to Hero [5c 8s]
f0994ef2: raises 150 to 300
7045bf95: folds
b3d1f534: folds
e3f2bb60: folds
Hero: folds
9a8daf69: raises 985 to 1,285
1dc15a67: calls 1,210
1e3b9a91: folds
f0994ef2: calls 985
*** FLOP *** [7d 3c 2s]
1dc15a67: checks
f0994ef2: checks
9a8daf69: bets 2,083
1dc15a67: calls 2,083
f0994ef2: calls 2,083
*** TURN *** [7d 3c 2s] [4c]
1dc15a67: checks
f0994ef2: checks
9a8daf69: bets 5,537 and is all-in
1dc15a67: calls 5,537
f0994ef2: calls 5,537
*** RIVER *** [7d 3c 2s 4c] [9c]
1dc15a67: bets 8,919
f0994ef2: folds
Uncalled bet (8,919) returned to 1dc15a67
1dc15a67: shows [Ac Qc] (a flush Ace high)
9a8daf69: shows [Td As] (Ace high)
*** SHOWDOWN ***
1dc15a67 collected 27,025 from pot
*** SUMMARY ***
Total pot 27,025 | Rake 0 | Jackpot 0 | Bingo 0 | Fortune 0 | Tax 0
Board [7d 3c 2s 4c 9c]
Seat 1: 9a8daf69 (button) showed [Td As] and lost with Ace high
Seat 2: 1dc15a67 (small blind) showed [Ac Qc] and won (27,025) with a flush Ace high
Seat 3: 1e3b9a91 (big blind) folded before Flop
Seat 4: f0994ef2 folded on the River
Seat 5: 7045bf95 folded before Flop
Seat 6: b3d1f534 folded before Flop
Seat 7: e3f2bb60 folded before Flop
Seat 8: Hero folded before Flop


Poker Hand #TM5587359501: Tournament #263411267, Bounty Hunters Deepstack Turbo $10.80 Hold'em No Limit - Level3(75/150(20)) - 2026/02/14 22:34:54
Table '85' 8-max Seat #8 is the button
Seat 1: 9a8daf69 (12,061 in chips)
Seat 2: 1dc15a67 (19,836 in chips)
Seat 3: 1e3b9a91 (20,158 in chips)
Seat 4: f0994ef2 (21,197 in chips)
Seat 5: 7045bf95 (17,758 in chips)
Seat 6: b3d1f534 (21,399 in chips)
Seat 7: e3f2bb60 (21,094 in chips)
Seat 8: Hero (25,476 in chips)
7045bf95: posts the ante 20
Hero: posts the ante 20
b3d1f534: posts the ante 20
1e3b9a91: posts the ante 20
e3f2bb60: posts the ante 20
9a8daf69: posts the ante 20
f0994ef2: posts the ante 20
1dc15a67: posts the ante 20
9a8daf69: posts small blind 75
1dc15a67: posts big blind 150
*** HOLE CARDS ***
Dealt to 9a8daf69 
Dealt to 1dc15a67 
Dealt to 1e3b9a91 
Dealt to f0994ef2 
Dealt to 7045bf95 
Dealt to b3d1f534 
Dealt to e3f2bb60 
Dealt to Hero [2c 7s]
1e3b9a91: raises 150 to 300
f0994ef2: folds
7045bf95: folds
b3d1f534: calls 300
e3f2bb60: folds
Hero: folds
9a8daf69: calls 225
1dc15a67: calls 150
*** FLOP *** [3s Jd 8c]
9a8daf69: checks
1dc15a67: checks
1e3b9a91: bets 449
b3d1f534: calls 449
9a8daf69: calls 449
1dc15a67: calls 449
*** TURN *** [3s Jd 8c] [9h]
9a8daf69: checks
1dc15a67: checks
1e3b9a91: bets 2,367
b3d1f534: calls 2,367
9a8daf69: calls 2,367
1dc15a67: folds
*** RIVER *** [3s Jd 8c 9h] [6s]
9a8daf69: checks
1e3b9a91: checks
b3d1f534: bets 10,257
9a8daf69: folds
1e3b9a91: calls 10,257
b3d1f534: shows [Qd Td] (a straight, Queen to Eight)
1e3b9a91: shows [Jc Js] (three of a kind, Jacks)
*** SHOWDOWN ***
b3d1f534 collected 30,771 from pot
*** SUMMARY ***
Total pot 30,771 | Rake 0 | Jackpot 0 | Bingo 0 | Fortune 0 | Tax 0
Board [3s Jd 8c 9h 6s]
Seat 1: 9a8daf69 (small blind) folded on the River
Seat 2: 1dc15a67 (big blind) folded on the Turn
Seat 3: 1e3b9a91 showed [Jc Js] and lost with three of a kind, Jacks
Seat 4: f0994ef2 folded before Flop
Seat 5: 7045bf95 folded before Flop
Seat 6: b3d1f534 showed [Qd Td] and won (30,771) with a straight, Queen to Eight
Seat 7: e3f2bb60 folded before Flop
Seat 8: Hero (button) folded before Flop


Poker Hand #TM5587359482: Tournament #263411267, Bounty Hunters Deepstack Turbo $10.80 Hold'em No Limit - Level3(75/150(20)) - 2026/02/14 22:33:58
Table '85' 8-max Seat #7 is the button
Seat 1: 9a8daf69 (14,086 in chips)
Seat 2: 1dc15a67 (19,856 in chips)
Seat 3: 1e3b9a91 (20,178 in chips)
Seat 4: f0994ef2 (21,547 in chips)
Seat 5: 7045bf95 (17,778 in chips)
Seat 6: b3d1f534 (21,419 in chips)
Seat 7: e3f2bb60 (21,114 in chips)
Seat 8: Hero (23,001 in chips)
7045bf95: posts the ante 20
Hero: posts the ante 20
b3d1f534: posts the ante 20
1e3b9a91: posts the ante 20
e3f2bb60: posts the ante 20
9a8daf69: posts the ante 20
f0994ef2: posts the ante 20
1dc15a67: posts the ante 20
Hero: posts small blind 75
9a8daf69: posts big blind 150
*** HOLE CARDS ***
Dealt to 9a8daf69 
Dealt to 1dc15a67 
Dealt to 1e3b9a91 
Dealt to f0994ef2 
Dealt to 7045bf95 
Dealt to b3d1f534 
Dealt to e3f2bb60 
Dealt to Hero [8d 8s]
1dc15a67: folds
1e3b9a91: folds
f0994ef2: raises 180 to 330
7045bf95: folds
b3d1f534: folds
e3f2bb60: folds
Hero: calls 255
9a8daf69: calls 180
*** FLOP *** [7d 6d 4c]
Hero: checks
9a8daf69: checks
f0994ef2: checks
*** TURN *** [7d 6d 4c] [9h]
Hero: bets 575
9a8daf69: raises 1,100 to 1,675
f0994ef2: folds
Hero: calls 1,100
*** RIVER *** [7d 6d 4c 9h] [5d]
Hero: checks
9a8daf69: checks
Hero: shows [8d 8s] (a straight, Nine to Five)
9a8daf69: shows [7s 9s] (two pair, Nines and Sevens)
*** SHOWDOWN ***
Hero collected 4,500 from pot
*** SUMMARY ***
Total pot 4,500 | Rake 0 | Jackpot 0 | Bingo 0 | Fortune 0 | Tax 0
Board [7d 6d 4c 9h 5d]
Seat 1: 9a8daf69 (big blind) showed [7s 9s] and lost with two pair, Nines and Sevens
Seat 2: 1dc15a67 folded before Flop
Seat 3: 1e3b9a91 folded before Flop
Seat 4: f0994ef2 folded on the Turn
Seat 5: 7045bf95 folded before Flop
Seat 6: b3d1f534 folded before Flop
Seat 7: e3f2bb60 (button) folded before Flop
Seat 8: Hero (small blind) showed [8d 8s] and won (4,500) with a straight, Nine to Five


Poker Hand #TM5587359465: Tournament #263411267, Bounty Hunters Deepstack Turbo $10.80 Hold'em No Limit - Level3(75/150(20)) - 2026/02/14 22:33:12
Table '85' 8-max Seat #6 is the button
Seat 1: 9a8daf69 (14,106 in chips)
Seat 2: 1dc15a67 (19,876 in chips)
Seat 3: 1e3b9a91 (19,813 in chips)
Seat 4: f0994ef2 (21,567 in chips)
Seat 5: 7045bf95 (17,798 in chips)
Seat 6: b3d1f534 (21,439 in chips)
Seat 7: e3f2bb60 (21,209 in chips)
Seat 8: Hero (23,171 in chips)
7045bf95: posts the ante 20
Hero: posts the ante 20
b3d1f534: posts the ante 20
1e3b9a91: posts the ante 20
9a8daf69: posts the ante 20
e3f2bb60: posts the ante 20
f0994ef2: posts the ante 20
1dc15a67: posts the ante 20
e3f2bb60: posts small blind 75
Hero: posts big blind 150
*** HOLE CARDS ***
Dealt to 9a8daf69 
Dealt to 1dc15a67 
Dealt to 1e3b9a91 
Dealt to f0994ef2 
Dealt to 7045bf95 
Dealt to b3d1f534 
Dealt to e3f2bb60 
Dealt to Hero [8h 4s]
9a8daf69: folds
1dc15a67: folds
1e3b9a91: raises 150 to 300
f0994ef2: folds
7045bf95: folds
b3d1f534: folds
e3f2bb60: folds
Hero: folds
Uncalled bet (150) returned to 1e3b9a91
*** SHOWDOWN ***
1e3b9a91 collected 535 from pot
*** SUMMARY ***
Total pot 535 | Rake 0 | Jackpot 0 | Bingo 0 | Fortune 0 | Tax 0
Seat 1: 9a8daf69 folded before Flop
Seat 2: 1dc15a67 folded before Flop
Seat 3: 1e3b9a91 collected (535)
Seat 4: f0994ef2 folded before Flop
Seat 5: 7045bf95 folded before Flop
Seat 6: b3d1f534 (button) folded before Flop
Seat 7: e3f2bb60 (small blind) folded before Flop
Seat 8: Hero (big blind) folded before Flop


Poker Hand #TM5587359439: Tournament #263411267, Bounty Hunters Deepstack Turbo $10.80 Hold'em No Limit - Level3(75/150(20)) - 2026/02/14 22:32:03
Table '85' 8-max Seat #5 is the button
Seat 1: 9a8daf69 (13,501 in chips)
Seat 2: 1dc15a67 (19,896 in chips)
Seat 3: 1e3b9a91 (19,833 in chips)
Seat 4: f0994ef2 (21,587 in chips)
Seat 5: 7045bf95 (17,818 in chips)
Seat 6: b3d1f534 (21,774 in chips)
Seat 7: e3f2bb60 (21,379 in chips)
Seat 8: Hero (23,191 in chips)
7045bf95: posts the ante 20
Hero: posts the ante 20
1e3b9a91: posts the ante 20
b3d1f534: posts the ante 20
9a8daf69: posts the ante 20
e3f2bb60: posts the ante 20
f0994ef2: posts the ante 20
1dc15a67: posts the ante 20
b3d1f534: posts small blind 75
e3f2bb60: posts big blind 150
*** HOLE CARDS ***
Dealt to 9a8daf69 
Dealt to 1dc15a67 
Dealt to 1e3b9a91 
Dealt to f0994ef2 
Dealt to 7045bf95 
Dealt to b3d1f534 
Dealt to e3f2bb60 
Dealt to Hero [Tc 5s]
Hero: folds
9a8daf69: raises 165 to 315
1dc15a67: folds
1e3b9a91: folds
f0994ef2: folds
7045bf95: folds
b3d1f534: calls 240
e3f2bb60: folds
*** FLOP *** [8h 8d 7d]
b3d1f534: checks
9a8daf69: bets 470
b3d1f534: folds
Uncalled bet (470) returned to 9a8daf69
*** SHOWDOWN ***
9a8daf69 collected 940 from pot
*** SUMMARY ***
Total pot 940 | Rake 0 | Jackpot 0 | Bingo 0 | Fortune 0 | Tax 0
Board [8h 8d 7d]
Seat 1: 9a8daf69 won (940)
Seat 2: 1dc15a67 folded before Flop
Seat 3: 1e3b9a91 folded before Flop
Seat 4: f0994ef2 folded before Flop
Seat 5: 7045bf95 (button) folded before Flop
Seat 6: b3d1f534 (small blind) folded on the Flop
Seat 7: e3f2bb60 (big blind) folded before Flop
Seat 8: Hero folded before Flop


Poker Hand #TM5587359426: Tournament #263411267, Bounty Hunters Deepstack Turbo $10.80 Hold'em No Limit - Level3(75/150(20)) - 2026/02/14 22:31:24
Table '85' 8-max Seat #4 is the button
Seat 1: 9a8daf69 (14,721 in chips)
Seat 2: 1dc15a67 (19,916 in chips)
Seat 3: 1e3b9a91 (18,268 in chips)
Seat 4: f0994ef2 (21,607 in chips)
Seat 5: 7045bf95 (17,913 in chips)
Seat 6: b3d1f534 (21,944 in chips)
Seat 7: e3f2bb60 (21,399 in chips)
Seat 8: Hero (23,211 in chips)
7045bf95: posts the ante 20
Hero: posts the ante 20
1e3b9a91: posts the ante 20
b3d1f534: posts the ante 20
9a8daf69: posts the ante 20
e3f2bb60: posts the ante 20
f0994ef2: posts the ante 20
1dc15a67: posts the ante 20
7045bf95: posts small blind 75
b3d1f534: posts big blind 150
*** HOLE CARDS ***
Dealt to 9a8daf69 
Dealt to 1dc15a67 
Dealt to 1e3b9a91 
Dealt to f0994ef2 
Dealt to 7045bf95 
Dealt to b3d1f534 
Dealt to e3f2bb60 
Dealt to Hero [Kh 3c]
e3f2bb60: folds
Hero: folds
9a8daf69: raises 165 to 315
1dc15a67: folds
1e3b9a91: raises 885 to 1,200
f0994ef2: folds
7045bf95: folds
b3d1f534: folds
9a8daf69: calls 885
*** FLOP *** [6d 4c 7h]
9a8daf69: checks
1e3b9a91: bets 1,350
9a8daf69: folds
Uncalled bet (1,350) returned to 1e3b9a91
*** SHOWDOWN ***
1e3b9a91 collected 2,785 from pot
*** SUMMARY ***
Total pot 2,785 | Rake 0 | Jackpot 0 | Bingo 0 | Fortune 0 | Tax 0
Board [6d 4c 7h]
Seat 1: 9a8daf69 folded on the Flop
Seat 2: 1dc15a67 folded before Flop
Seat 3: 1e3b9a91 won (2,785)
Seat 4: f0994ef2 (button) folded before Flop
Seat 5: 7045bf95 (small blind) folded before Flop
Seat 6: b3d1f534 (big blind) folded before Flop
Seat 7: e3f2bb60 folded before Flop
Seat 8: Hero folded before Flop


Poker Hand #TM5587359400: Tournament #263411267, Bounty Hunters Deepstack Turbo $10.80 Hold'em No Limit - Level2(60/120(18)) - 2026/02/14 22:30:07
Table '85' 8-max Seat #3 is the button
Seat 1: 9a8daf69 (17,915 in chips)
Seat 2: 1dc15a67 (19,934 in chips)
Seat 3: 1e3b9a91 (18,286 in chips)
Seat 4: f0994ef2 (21,685 in chips)
Seat 5: 7045bf95 (18,051 in chips)
Seat 6: b3d1f534 (21,962 in chips)
Seat 7: e3f2bb60 (21,417 in chips)
Seat 8: Hero (19,729 in chips)
7045bf95: posts the ante 18
Hero: posts the ante 18
1e3b9a91: posts the ante 18
b3d1f534: posts the ante 18
9a8daf69: posts the ante 18
e3f2bb60: posts the ante 18
f0994ef2: posts the ante 18
1dc15a67: posts the ante 18
f0994ef2: posts small blind 60
7045bf95: posts big blind 120
*** HOLE CARDS ***
Dealt to 9a8daf69 
Dealt to 1dc15a67 
Dealt to 1e3b9a91 
Dealt to f0994ef2 
Dealt to 7045bf95 
Dealt to b3d1f534 
Dealt to e3f2bb60 
Dealt to Hero [6c 8c]
b3d1f534: folds
e3f2bb60: folds
Hero: raises 120 to 240
9a8daf69: raises 603 to 843
1dc15a67: folds
1e3b9a91: folds
f0994ef2: folds
7045bf95: folds
Hero: calls 603
*** FLOP *** [6s 8d Jh]
Hero: checks
9a8daf69: bets 664
Hero: calls 664
*** TURN *** [6s 8d Jh] [Js]
Hero: checks
9a8daf69: bets 1,669
Hero: calls 1,669
*** RIVER *** [6s 8d Jh Js] [3h]
Hero: checks
9a8daf69: checks
Hero: shows [6c 8c] (two pair, Jacks and Eights)
9a8daf69: shows [Tc Qc] (a pair of Jacks)
*** SHOWDOWN ***
Hero collected 6,676 from pot
*** SUMMARY ***
Total pot 6,676 | Rake 0 | Jackpot 0 | Bingo 0 | Fortune 0 | Tax 0
Board [6s 8d Jh Js 3h]
Seat 1: 9a8daf69 showed [Tc Qc] and lost with a pair of Jacks
Seat 2: 1dc15a67 folded before Flop
Seat 3: 1e3b9a91 (button) folded before Flop
Seat 4: f0994ef2 (small blind) folded before Flop
Seat 5: 7045bf95 (big blind) folded before Flop
Seat 6: b3d1f534 folded before Flop
Seat 7: e3f2bb60 folded before Flop
Seat 8: Hero showed [6c 8c] and won (6,676) with two pair, Jacks and Eights


Poker Hand #TM5587359371: Tournament #263411267, Bounty Hunters Deepstack Turbo $10.80 Hold'em No Limit - Level2(60/120(18)) - 2026/02/14 22:28:29
Table '85' 8-max Seat #2 is the button
Seat 1: 9a8daf69 (17,933 in chips)
Seat 2: 1dc15a67 (19,952 in chips)
Seat 3: 1e3b9a91 (19,520 in chips)
Seat 4: f0994ef2 (21,823 in chips)
Seat 5: 7045bf95 (18,069 in chips)
Seat 6: b3d1f534 (21,980 in chips)
Seat 7: e3f2bb60 (21,435 in chips)
Seat 8: Hero (18,267 in chips)
7045bf95: posts the ante 18
Hero: posts the ante 18
b3d1f534: posts the ante 18
1e3b9a91: posts the ante 18
9a8daf69: posts the ante 18
e3f2bb60: posts the ante 18
f0994ef2: posts the ante 18
1dc15a67: posts the ante 18
1e3b9a91: posts small blind 60
f0994ef2: posts big blind 120
*** HOLE CARDS ***
Dealt to 9a8daf69 
Dealt to 1dc15a67 
Dealt to 1e3b9a91 
Dealt to f0994ef2 
Dealt to 7045bf95 
Dealt to b3d1f534 
Dealt to e3f2bb60 
Dealt to Hero [Kh 9h]
7045bf95: folds
b3d1f534: folds
e3f2bb60: folds
Hero: raises 120 to 240
9a8daf69: folds
1dc15a67: folds
1e3b9a91: calls 180
f0994ef2: folds
*** FLOP *** [9s 7h Ac]
1e3b9a91: checks
Hero: bets 246
1e3b9a91: calls 246
*** TURN *** [9s 7h Ac] [8s]
1e3b9a91: bets 730
Hero: calls 730
*** RIVER *** [9s 7h Ac 8s] [9c]
1e3b9a91: checks
Hero: bets 2,022
1e3b9a91: folds
Uncalled bet (2,022) returned to Hero
*** SHOWDOWN ***
Hero collected 2,696 from pot
*** SUMMARY ***
Total pot 2,696 | Rake 0 | Jackpot 0 | Bingo 0 | Fortune 0 | Tax 0
Board [9s 7h Ac 8s 9c]
Seat 1: 9a8daf69 folded before Flop
Seat 2: 1dc15a67 (button) folded before Flop
Seat 3: 1e3b9a91 (small blind) folded on the River
Seat 4: f0994ef2 (big blind) folded before Flop
Seat 5: 7045bf95 folded before Flop
Seat 6: b3d1f534 folded before Flop
Seat 7: e3f2bb60 folded before Flop
Seat 8: Hero won (2,696)


Poker Hand #TM5587359359: Tournament #263411267, Bounty Hunters Deepstack Turbo $10.80 Hold'em No Limit - Level2(60/120(18)) - 2026/02/14 22:28:04
Table '85' 8-max Seat #1 is the button
Seat 1: 9a8daf69 (17,951 in chips)
Seat 2: 1dc15a67 (20,030 in chips)
Seat 3: 1e3b9a91 (19,658 in chips)
Seat 4: f0994ef2 (21,517 in chips)
Seat 5: 7045bf95 (18,087 in chips)
Seat 6: b3d1f534 (21,998 in chips)
Seat 7: e3f2bb60 (21,453 in chips)
Seat 8: Hero (18,285 in chips)
7045bf95: posts the ante 18
Hero: posts the ante 18
b3d1f534: posts the ante 18
1e3b9a91: posts the ante 18
9a8daf69: posts the ante 18
e3f2bb60: posts the ante 18
f0994ef2: posts the ante 18
1dc15a67: posts the ante 18
1dc15a67: posts small blind 60
1e3b9a91: posts big blind 120
*** HOLE CARDS ***
Dealt to 9a8daf69 
Dealt to 1dc15a67 
Dealt to 1e3b9a91 
Dealt to f0994ef2 
Dealt to 7045bf95 
Dealt to b3d1f534 
Dealt to e3f2bb60 
Dealt to Hero [Js 2c]
f0994ef2: raises 144 to 264
7045bf95: folds
b3d1f534: folds
e3f2bb60: folds
Hero: folds
9a8daf69: folds
1dc15a67: folds
1e3b9a91: folds
Uncalled bet (144) returned to f0994ef2
*** SHOWDOWN ***
f0994ef2 collected 444 from pot
*** SUMMARY ***
Total pot 444 | Rake 0 | Jackpot 0 | Bingo 0 | Fortune 0 | Tax 0
Seat 1: 9a8daf69 (button) folded before Flop
Seat 2: 1dc15a67 (small blind) folded before Flop
Seat 3: 1e3b9a91 (big blind) folded before Flop
Seat 4: f0994ef2 collected (444)
Seat 5: 7045bf95 folded before Flop
Seat 6: b3d1f534 folded before Flop
Seat 7: e3f2bb60 folded before Flop
Seat 8: Hero folded before Flop


Poker Hand #TM5587359348: Tournament #263411267, Bounty Hunters Deepstack Turbo $10.80 Hold'em No Limit - Level2(60/120(18)) - 2026/02/14 22:27:29
Table '85' 8-max Seat #8 is the button
Seat 1: 9a8daf69 (18,029 in chips)
Seat 2: 1dc15a67 (20,288 in chips)
Seat 3: 1e3b9a91 (19,676 in chips)
Seat 4: f0994ef2 (21,535 in chips)
Seat 5: 7045bf95 (18,105 in chips)
Seat 6: b3d1f534 (22,016 in chips)
Seat 7: e3f2bb60 (21,471 in chips)
Seat 8: Hero (17,859 in chips)
7045bf95: posts the ante 18
Hero: posts the ante 18
b3d1f534: posts the ante 18
1e3b9a91: posts the ante 18
e3f2bb60: posts the ante 18
9a8daf69: posts the ante 18
f0994ef2: posts the ante 18
1dc15a67: posts the ante 18
9a8daf69: posts small blind 60
1dc15a67: posts big blind 120
*** HOLE CARDS ***
Dealt to 9a8daf69 
Dealt to 1dc15a67 
Dealt to 1e3b9a91 
Dealt to f0994ef2 
Dealt to 7045bf95 
Dealt to b3d1f534 
Dealt to e3f2bb60 
Dealt to Hero [Qh 4d]
1e3b9a91: folds
f0994ef2: folds
7045bf95: folds
b3d1f534: folds
e3f2bb60: folds
Hero: raises 120 to 240
9a8daf69: folds
1dc15a67: calls 120
*** FLOP *** [Qd 9c Ks]
1dc15a67: checks
Hero: bets 226
1dc15a67: folds
Uncalled bet (226) returned to Hero
*** SHOWDOWN ***
Hero collected 684 from pot
*** SUMMARY ***
Total pot 684 | Rake 0 | Jackpot 0 | Bingo 0 | Fortune 0 | Tax 0
Board [Qd 9c Ks]
Seat 1: 9a8daf69 (small blind) folded before Flop
Seat 2: 1dc15a67 (big blind) folded on the Flop
Seat 3: 1e3b9a91 folded before Flop
Seat 4: f0994ef2 folded before Flop
Seat 5: 7045bf95 folded before Flop
Seat 6: b3d1f534 folded before Flop
Seat 7: e3f2bb60 folded before Flop
Seat 8: Hero (button) won (684)


Poker Hand #TM5587359328: Tournament #263411267, Bounty Hunters Deepstack Turbo $10.80 Hold'em No Limit - Level2(60/120(18)) - 2026/02/14 22:26:27
Table '85' 8-max Seat #7 is the button
Seat 1: 9a8daf69 (18,287 in chips)
Seat 2: 1dc15a67 (20,306 in chips)
Seat 3: 1e3b9a91 (19,694 in chips)
Seat 4: f0994ef2 (21,553 in chips)
Seat 5: 7045bf95 (18,123 in chips)
Seat 6: b3d1f534 (21,590 in chips)
Seat 7: e3f2bb60 (21,489 in chips)
Seat 8: Hero (17,937 in chips)
7045bf95: posts the ante 18
Hero: posts the ante 18
b3d1f534: posts the ante 18
1e3b9a91: posts the ante 18
e3f2bb60: posts the ante 18
9a8daf69: posts the ante 18
f0994ef2: posts the ante 18
1dc15a67: posts the ante 18
Hero: posts small blind 60
9a8daf69: posts big blind 120
*** HOLE CARDS ***
Dealt to 9a8daf69 
Dealt to 1dc15a67 
Dealt to 1e3b9a91 
Dealt to f0994ef2 
Dealt to 7045bf95 
Dealt to b3d1f534 
Dealt to e3f2bb60 
Dealt to Hero [6s 2h]
1dc15a67: folds
1e3b9a91: folds
f0994ef2: folds
7045bf95: folds
b3d1f534: raises 120 to 240
e3f2bb60: folds
Hero: folds
9a8daf69: calls 120
*** FLOP *** [4s 9s 6h]
9a8daf69: checks
b3d1f534: checks
*** TURN *** [4s 9s 6h] [6d]
9a8daf69: checks
b3d1f534: bets 226
9a8daf69: folds
Uncalled bet (226) returned to b3d1f534
*** SHOWDOWN ***
b3d1f534 collected 684 from pot
*** SUMMARY ***
Total pot 684 | Rake 0 | Jackpot 0 | Bingo 0 | Fortune 0 | Tax 0
Board [4s 9s 6h 6d]
Seat 1: 9a8daf69 (big blind) folded on the Turn
Seat 2: 1dc15a67 folded before Flop
Seat 3: 1e3b9a91 folded before Flop
Seat 4: f0994ef2 folded before Flop
Seat 5: 7045bf95 folded before Flop
Seat 6: b3d1f534 won (684)
Seat 7: e3f2bb60 (button) folded before Flop
Seat 8: Hero (small blind) folded before Flop


Poker Hand #TM5587359311: Tournament #263411267, Bounty Hunters Deepstack Turbo $10.80 Hold'em No Limit - Level2(60/120(18)) - 2026/02/14 22:25:53
Table '85' 8-max Seat #6 is the button
Seat 1: 9a8daf69 (18,305 in chips)
Seat 2: 1dc15a67 (20,000 in chips)
Seat 3: 1e3b9a91 (19,712 in chips)
Seat 4: f0994ef2 (21,571 in chips)
Seat 5: 7045bf95 (18,141 in chips)
Seat 6: b3d1f534 (21,608 in chips)
Seat 7: e3f2bb60 (21,567 in chips)
Seat 8: Hero (18,075 in chips)
7045bf95: posts the ante 18
Hero: posts the ante 18
b3d1f534: posts the ante 18
1e3b9a91: posts the ante 18
9a8daf69: posts the ante 18
e3f2bb60: posts the ante 18
f0994ef2: posts the ante 18
1dc15a67: posts the ante 18
e3f2bb60: posts small blind 60
Hero: posts big blind 120
*** HOLE CARDS ***
Dealt to 9a8daf69 
Dealt to 1dc15a67 
Dealt to 1e3b9a91 
Dealt to f0994ef2 
Dealt to 7045bf95 
Dealt to b3d1f534 
Dealt to e3f2bb60 
Dealt to Hero [Th 4s]
9a8daf69: folds
1dc15a67: calls 120
1e3b9a91: folds
f0994ef2: folds
7045bf95: folds
b3d1f534: folds
e3f2bb60: folds
Hero: checks
*** FLOP *** [3h Jh 8c]
Hero: checks
1dc15a67: bets 222
Hero: folds
Uncalled bet (222) returned to 1dc15a67
*** SHOWDOWN ***
1dc15a67 collected 444 from pot
*** SUMMARY ***
Total pot 444 | Rake 0 | Jackpot 0 | Bingo 0 | Fortune 0 | Tax 0
Board [3h Jh 8c]
Seat 1: 9a8daf69 folded before Flop
Seat 2: 1dc15a67 won (444)
Seat 3: 1e3b9a91 folded before Flop
Seat 4: f0994ef2 folded before Flop
Seat 5: 7045bf95 folded before Flop
Seat 6: b3d1f534 (button) folded before Flop
Seat 7: e3f2bb60 (small blind) folded before Flop
Seat 8: Hero (big blind) folded on the Flop


Poker Hand #TM5587359291: Tournament #263411267, Bounty Hunters Deepstack Turbo $10.80 Hold'em No Limit - Level2(60/120(18)) - 2026/02/14 22:24:38
Table '85' 8-max Seat #1 is the button
Seat 1: 9a8daf69 (20,000 in chips)
Seat 6: b3d1f534 (19,216 in chips)
Seat 7: e3f2bb60 (21,705 in chips)
Seat 8: Hero (18,634 in chips)
Hero: posts the ante 18
b3d1f534: posts the ante 18
9a8daf69: posts the ante 18
e3f2bb60: posts the ante 18
b3d1f534: posts small blind 60
e3f2bb60: posts big blind 120
*** HOLE CARDS ***
Dealt to 9a8daf69 
Dealt to b3d1f534 
Dealt to e3f2bb60 
Dealt to Hero [As Jd]
Hero: raises 120 to 240
9a8daf69: calls 240
b3d1f534: calls 180
e3f2bb60: folds
*** FLOP *** [Kd Kc Qh]
b3d1f534: checks
Hero: bets 301
9a8daf69: raises 1,136 to 1,437
b3d1f534: calls 1,437
Hero: folds
*** TURN *** [Kd Kc Qh] [6d]
b3d1f534: checks
9a8daf69: checks
*** RIVER *** [Kd Kc Qh 6d] [4d]
b3d1f534: checks
9a8daf69: checks
b3d1f534: shows [Kh Qd] (a full house, Kings full of Queens)
9a8daf69: shows [8h 9h] (a pair of Kings)
*** SHOWDOWN ***
b3d1f534 collected 4,087 from pot
*** SUMMARY ***
Total pot 4,087 | Rake 0 | Jackpot 0 | Bingo 0 | Fortune 0 | Tax 0
Board [Kd Kc Qh 6d 4d]
Seat 1: 9a8daf69 (button) showed [8h 9h] and lost with a pair of Kings
Seat 6: b3d1f534 (small blind) showed [Kh Qd] and won (4,087) with a full house, Kings full of Queens
Seat 7: e3f2bb60 (big blind) folded before Flop
Seat 8: Hero folded on the Flop


Poker Hand #TM5587051963: Tournament #263411267, Bounty Hunters Deepstack Turbo $10.80 Hold'em No Limit - Level2(60/120(18)) - 2026/02/14 22:23:55
Table '27' 8-max Seat #2 is the button
Seat 1: eaac5684 (22,363 in chips)
Seat 2: 3cbcd4d9 (20,440 in chips)
Seat 3: dadc8a5f (19,740 in chips)
Seat 4: c9d1cd6 (20,000 in chips)
Seat 5: f11661b1 (19,505 in chips)
Seat 6: Hero (18,652 in chips)
Seat 7: adbfd60c (39,750 in chips)
Seat 8: 203a3321 (19,985 in chips)
Hero: posts the ante 18
adbfd60c: posts the ante 18
203a3321: posts the ante 18
c9d1cd6: posts the ante 18
dadc8a5f: posts the ante 18
eaac5684: posts the ante 18
3cbcd4d9: posts the ante 18
f11661b1: posts the ante 18
dadc8a5f: posts small blind 60
c9d1cd6: posts big blind 120
*** HOLE CARDS ***
Dealt to eaac5684 
Dealt to 3cbcd4d9 
Dealt to dadc8a5f 
Dealt to c9d1cd6 
Dealt to f11661b1 
Dealt to Hero [5d 3s]
Dealt to adbfd60c 
Dealt to 203a3321 
f11661b1: folds
Hero: folds
adbfd60c: folds
203a3321: folds
eaac5684: folds
3cbcd4d9: folds
dadc8a5f: raises 300 to 420
c9d1cd6: raises 984 to 1,404
dadc8a5f: folds
Uncalled bet (984) returned to c9d1cd6
*** SHOWDOWN ***
c9d1cd6 collected 984 from pot
*** SUMMARY ***
Total pot 984 | Rake 0 | Jackpot 0 | Bingo 0 | Fortune 0 | Tax 0
Seat 1: eaac5684 folded before Flop
Seat 2: 3cbcd4d9 (button) folded before Flop
Seat 3: dadc8a5f (small blind) folded before Flop
Seat 4: c9d1cd6 (big blind) collected (984)
Seat 5: f11661b1 folded before Flop
Seat 6: Hero folded before Flop
Seat 7: adbfd60c folded before Flop
Seat 8: 203a3321 folded before Flop


Poker Hand #TM5587051937: Tournament #263411267, Bounty Hunters Deepstack Turbo $10.80 Hold'em No Limit - Level1(50/100(15)) - 2026/02/14 22:22:20
Table '27' 8-max Seat #1 is the button
Seat 1: eaac5684 (20,945 in chips)
Seat 2: 3cbcd4d9 (20,505 in chips)
Seat 3: dadc8a5f (19,955 in chips)
Seat 5: f11661b1 (19,520 in chips)
Seat 6: Hero (19,745 in chips)
Seat 7: adbfd60c (39,765 in chips)
Seat 8: 203a3321 (20,000 in chips)
Hero: posts the ante 15
adbfd60c: posts the ante 15
203a3321: posts the ante 15
dadc8a5f: posts the ante 15
eaac5684: posts the ante 15
f11661b1: posts the ante 15
3cbcd4d9: posts the ante 15
3cbcd4d9: posts small blind 50
dadc8a5f: posts big blind 100
*** HOLE CARDS ***
Dealt to eaac5684 
Dealt to 3cbcd4d9 
Dealt to dadc8a5f 
Dealt to f11661b1 
Dealt to Hero [Js Kc]
Dealt to adbfd60c 
Dealt to 203a3321 
f11661b1: folds
Hero: raises 100 to 200
adbfd60c: folds
203a3321: folds
eaac5684: calls 200
3cbcd4d9: folds
dadc8a5f: calls 100
*** FLOP *** [Ad 4s Jd]
dadc8a5f: checks
Hero: bets 250
eaac5684: raises 628 to 878
dadc8a5f: folds
Hero: calls 628
*** TURN *** [Ad 4s Jd] [Qs]
Hero: checks
eaac5684: bets 1,884
Hero: folds
Uncalled bet (1,884) returned to eaac5684
*** SHOWDOWN ***
eaac5684 collected 2,511 from pot
*** SUMMARY ***
Total pot 2,511 | Rake 0 | Jackpot 0 | Bingo 0 | Fortune 0 | Tax 0
Board [Ad 4s Jd Qs]
Seat 1: eaac5684 (button) won (2,511)
Seat 2: 3cbcd4d9 (small blind) folded before Flop
Seat 3: dadc8a5f (big blind) folded on the Flop
Seat 5: f11661b1 folded before Flop
Seat 6: Hero folded on the Turn
Seat 7: adbfd60c folded before Flop
Seat 8: 203a3321 folded before Flop


Poker Hand #TM5587051921: Tournament #263411267, Bounty Hunters Deepstack Turbo $10.80 Hold'em No Limit - Level1(50/100(15)) - 2026/02/14 22:21:29
Table '27' 8-max Seat #7 is the button
Seat 1: eaac5684 (21,010 in chips)
Seat 2: 3cbcd4d9 (20,720 in chips)
Seat 3: dadc8a5f (19,970 in chips)
Seat 4: 4592d404 (17,522 in chips)
Seat 5: f11661b1 (19,985 in chips)
Seat 6: Hero (19,760 in chips)
Seat 7: adbfd60c (38,975 in chips)
Hero: posts the ante 15
adbfd60c: posts the ante 15
dadc8a5f: posts the ante 15
4592d404: posts the ante 15
eaac5684: posts the ante 15
f11661b1: posts the ante 15
3cbcd4d9: posts the ante 15
eaac5684: posts small blind 50
3cbcd4d9: posts big blind 100
*** HOLE CARDS ***
Dealt to eaac5684 
Dealt to 3cbcd4d9 
Dealt to dadc8a5f 
Dealt to 4592d404 
Dealt to f11661b1 
Dealt to Hero [3c Ah]
Dealt to adbfd60c 
dadc8a5f: folds
4592d404: folds
f11661b1: raises 100 to 200
Hero: folds
adbfd60c: calls 200
eaac5684: folds
3cbcd4d9: calls 100
*** FLOP *** [2s Qc 6d]
3cbcd4d9: checks
f11661b1: bets 250
adbfd60c: calls 250
3cbcd4d9: folds
*** TURN *** [2s Qc 6d] [Qs]
f11661b1: checks
adbfd60c: bets 942
f11661b1: folds
Uncalled bet (942) returned to adbfd60c
*** SHOWDOWN ***
adbfd60c collected 1,255 from pot
*** SUMMARY ***
Total pot 1,255 | Rake 0 | Jackpot 0 | Bingo 0 | Fortune 0 | Tax 0
Board [2s Qc 6d Qs]
Seat 1: eaac5684 (small blind) folded before Flop
Seat 2: 3cbcd4d9 (big blind) folded on the Flop
Seat 3: dadc8a5f folded before Flop
Seat 4: 4592d404 folded before Flop
Seat 5: f11661b1 folded on the Turn
Seat 6: Hero folded before Flop
Seat 7: adbfd60c (button) won (1,255)


Poker Hand #TM5587051899: Tournament #263411267, Bounty Hunters Deepstack Turbo $10.80 Hold'em No Limit - Level1(50/100(15)) - 2026/02/14 22:20:13
Table '27' 8-max Seat #6 is the button
Seat 1: eaac5684 (21,025 in chips)
Seat 2: 3cbcd4d9 (20,735 in chips)
Seat 3: dadc8a5f (19,985 in chips)
Seat 4: 4592d404 (17,537 in chips)
Seat 5: f11661b1 (20,000 in chips)
Seat 6: Hero (19,775 in chips)
Seat 7: adbfd60c (20,015 in chips)
Seat 8: a42faa74 (18,870 in chips)
a42faa74: posts the ante 15
Hero: posts the ante 15
adbfd60c: posts the ante 15
dadc8a5f: posts the ante 15
4592d404: posts the ante 15
eaac5684: posts the ante 15
f11661b1: posts the ante 15
3cbcd4d9: posts the ante 15
adbfd60c: posts small blind 50
a42faa74: posts big blind 100
*** HOLE CARDS ***
Dealt to eaac5684 
Dealt to 3cbcd4d9 
Dealt to dadc8a5f 
Dealt to 4592d404 
Dealt to f11661b1 
Dealt to Hero [9s 3c]
Dealt to adbfd60c 
Dealt to a42faa74 
eaac5684: folds
3cbcd4d9: folds
dadc8a5f: folds
4592d404: folds
f11661b1: folds
Hero: folds
adbfd60c: raises 100 to 200
a42faa74: raises 400 to 600
adbfd60c: calls 400
*** FLOP *** [7h 5h 7d]
adbfd60c: checks
a42faa74: bets 436
adbfd60c: calls 436
*** TURN *** [7h 5h 7d] [Td]
adbfd60c: bets 724
a42faa74: raises 2,730 to 3,454
adbfd60c: calls 2,730
*** RIVER *** [7h 5h 7d Td] [7c]
adbfd60c: bets 6,825
a42faa74: raises 7,540 to 14,365 and is all-in
adbfd60c: calls 7,540
a42faa74: shows [6s 8c] (three of a kind, Sevens)
adbfd60c: shows [Tc Jd] (a full house, Sevens full of Tens)
*** SHOWDOWN ***
adbfd60c collected 37,830 from pot
*** SUMMARY ***
Total pot 37,830 | Rake 0 | Jackpot 0 | Bingo 0 | Fortune 0 | Tax 0
Board [7h 5h 7d Td 7c]
Seat 1: eaac5684 folded before Flop
Seat 2: 3cbcd4d9 folded before Flop
Seat 3: dadc8a5f folded before Flop
Seat 4: 4592d404 folded before Flop
Seat 5: f11661b1 folded before Flop
Seat 6: Hero (button) folded before Flop
Seat 7: adbfd60c (small blind) showed [Tc Jd] and won (37,830) with a full house, Sevens full of Tens
Seat 8: a42faa74 (big blind) showed [6s 8c] and lost with three of a kind, Sevens


Poker Hand #TM5587051884: Tournament #263411267, Bounty Hunters Deepstack Turbo $10.80 Hold'em No Limit - Level1(50/100(15)) - 2026/02/14 22:19:18
Table '27' 8-max Seat #4 is the button
Seat 1: eaac5684 (19,985 in chips)
Seat 2: 3cbcd4d9 (20,750 in chips)
Seat 3: dadc8a5f (20,000 in chips)
Seat 4: 4592d404 (18,352 in chips)
Seat 6: Hero (19,840 in chips)
Seat 7: adbfd60c (20,130 in chips)
Seat 8: a42faa74 (18,885 in chips)
a42faa74: posts the ante 15
Hero: posts the ante 15
adbfd60c: posts the ante 15
dadc8a5f: posts the ante 15
4592d404: posts the ante 15
eaac5684: posts the ante 15
3cbcd4d9: posts the ante 15
Hero: posts small blind 50
adbfd60c: posts big blind 100
*** HOLE CARDS ***
Dealt to eaac5684 
Dealt to 3cbcd4d9 
Dealt to dadc8a5f 
Dealt to 4592d404 
Dealt to Hero [4c Th]
Dealt to adbfd60c 
Dealt to a42faa74 
a42faa74: folds
eaac5684: raises 100 to 200
3cbcd4d9: folds
dadc8a5f: folds
4592d404: raises 600 to 800
Hero: folds
adbfd60c: folds
eaac5684: raises 1,392 to 2,192
4592d404: folds
Uncalled bet (1,392) returned to eaac5684
*** SHOWDOWN ***
eaac5684 collected 1,855 from pot
*** SUMMARY ***
Total pot 1,855 | Rake 0 | Jackpot 0 | Bingo 0 | Fortune 0 | Tax 0
Seat 1: eaac5684 collected (1,855)
Seat 2: 3cbcd4d9 folded before Flop
Seat 3: dadc8a5f folded before Flop
Seat 4: 4592d404 (button) folded before Flop
Seat 6: Hero (small blind) folded before Flop
Seat 7: adbfd60c (big blind) folded before Flop
Seat 8: a42faa74 folded before Flop


Poker Hand #TM5587051873: Tournament #263411267, Bounty Hunters Deepstack Turbo $10.80 Hold'em No Limit - Level1(50/100(15)) - 2026/02/14 22:18:26
Table '27' 8-max Seat #2 is the button
Seat 1: eaac5684 (20,000 in chips)
Seat 2: 3cbcd4d9 (20,965 in chips)
Seat 4: 4592d404 (18,417 in chips)
Seat 6: Hero (19,955 in chips)
Seat 7: adbfd60c (19,705 in chips)
Seat 8: a42faa74 (18,900 in chips)
a42faa74: posts the ante 15
Hero: posts the ante 15
adbfd60c: posts the ante 15
eaac5684: posts the ante 15
4592d404: posts the ante 15
3cbcd4d9: posts the ante 15
4592d404: posts small blind 50
Hero: posts big blind 100
*** HOLE CARDS ***
Dealt to eaac5684 
Dealt to 3cbcd4d9 
Dealt to 4592d404 
Dealt to Hero [2d 9h]
Dealt to adbfd60c 
Dealt to a42faa74 
adbfd60c: raises 100 to 200
a42faa74: folds
eaac5684: folds
3cbcd4d9: calls 200
4592d404: folds
Hero: folds
*** FLOP *** [4c Qd 5d]
adbfd60c: checks
3cbcd4d9: checks
*** TURN *** [4c Qd 5d] [5h]
adbfd60c: checks
3cbcd4d9: checks
*** RIVER *** [4c Qd 5d 5h] [5c]
adbfd60c: checks
3cbcd4d9: checks
adbfd60c: shows [Jc Ks] (three of a kind, Fives)
3cbcd4d9: shows [Th Jh] (three of a kind, Fives)
eaac5684: shows [5s] (four of a kind, Fives)
adbfd60c: shows [Jc Ks] (three of a kind, Fives)
3cbcd4d9: shows [Th Jh] (three of a kind, Fives)
*** SHOWDOWN ***
adbfd60c collected 640 from pot
*** SUMMARY ***
Total pot 640 | Rake 0 | Jackpot 0 | Bingo 0 | Fortune 0 | Tax 0
Board [4c Qd 5d 5h 5c]
Seat 1: eaac5684 folded before Flop
Seat 2: 3cbcd4d9 (button) showed [Th Jh] and lost with three of a kind, Fives
Seat 4: 4592d404 (small blind) folded before Flop
Seat 6: Hero (big blind) folded before Flop
Seat 7: adbfd60c showed [Jc Ks] and won (640) with three of a kind, Fives
Seat 8: a42faa74 folded before Flop


Poker Hand #TM5587051856: Tournament #263411267, Bounty Hunters Deepstack Turbo $10.80 Hold'em No Limit - Level1(50/100(15)) - 2026/02/14 22:17:32
Table '27' 8-max Seat #8 is the button
Seat 2: 3cbcd4d9 (21,030 in chips)
Seat 4: 4592d404 (18,092 in chips)
Seat 5: 380bc998 (23,358 in chips)
Seat 6: Hero (19,970 in chips)
Seat 7: adbfd60c (19,920 in chips)
Seat 8: a42faa74 (18,915 in chips)
a42faa74: posts the ante 15
Hero: posts the ante 15
adbfd60c: posts the ante 15
380bc998: posts the ante 15
4592d404: posts the ante 15
3cbcd4d9: posts the ante 15
3cbcd4d9: posts small blind 50
4592d404: posts big blind 100
*** HOLE CARDS ***
Dealt to 3cbcd4d9 
Dealt to 4592d404 
Dealt to 380bc998 
Dealt to Hero [6h Jd]
Dealt to adbfd60c 
Dealt to a42faa74 
380bc998: folds
Hero: folds
adbfd60c: raises 100 to 200
a42faa74: folds
3cbcd4d9: folds
4592d404: calls 100
*** FLOP *** [6c Ah As]
4592d404: checks
adbfd60c: checks
*** TURN *** [6c Ah As] [4h]
4592d404: bets 179
adbfd60c: folds
Uncalled bet (179) returned to 4592d404
*** SHOWDOWN ***
4592d404 collected 540 from pot
*** SUMMARY ***
Total pot 540 | Rake 0 | Jackpot 0 | Bingo 0 | Fortune 0 | Tax 0
Board [6c Ah As 4h]
Seat 2: 3cbcd4d9 (small blind) folded before Flop
Seat 4: 4592d404 (big blind) won (540)
Seat 5: 380bc998 folded before Flop
Seat 6: Hero folded before Flop
Seat 7: adbfd60c folded on the Turn
Seat 8: a42faa74 (button) folded before Flop


Poker Hand #TM5587051837: Tournament #263411267, Bounty Hunters Deepstack Turbo $10.80 Hold'em No Limit - Level1(50/100(15)) - 2026/02/14 22:16:30
Table '27' 8-max Seat #7 is the button
Seat 2: 3cbcd4d9 (19,985 in chips)
Seat 3: ba5646ce (18,985 in chips)
Seat 4: 4592d404 (18,107 in chips)
Seat 5: 380bc998 (23,373 in chips)
Seat 6: Hero (19,985 in chips)
Seat 7: adbfd60c (19,935 in chips)
Seat 8: a42faa74 (19,885 in chips)
a42faa74: posts the ante 15
Hero: posts the ante 15
adbfd60c: posts the ante 15
380bc998: posts the ante 15
ba5646ce: posts the ante 15
4592d404: posts the ante 15
3cbcd4d9: posts the ante 15
a42faa74: posts small blind 50
3cbcd4d9: posts big blind 100
*** HOLE CARDS ***
Dealt to 3cbcd4d9 
Dealt to ba5646ce 
Dealt to 4592d404 
Dealt to 380bc998 
Dealt to Hero [7h 3c]
Dealt to adbfd60c 
Dealt to a42faa74 
ba5646ce: folds
4592d404: folds
380bc998: folds
Hero: folds
adbfd60c: folds
a42faa74: raises 100 to 200
3cbcd4d9: calls 100
*** FLOP *** [2d Ac 8s]
a42faa74: bets 167
3cbcd4d9: calls 167
*** TURN *** [2d Ac 8s] [4d]
a42faa74: checks
3cbcd4d9: bets 588
a42faa74: calls 588
*** RIVER *** [2d Ac 8s 4d] [Qh]
a42faa74: checks
3cbcd4d9: bets 1,611
a42faa74: folds
Uncalled bet (1,611) returned to 3cbcd4d9
*** SHOWDOWN ***
3cbcd4d9 collected 2,015 from pot
*** SUMMARY ***
Total pot 2,015 | Rake 0 | Jackpot 0 | Bingo 0 | Fortune 0 | Tax 0
Board [2d Ac 8s 4d Qh]
Seat 2: 3cbcd4d9 (big blind) won (2,015)
Seat 3: ba5646ce folded before Flop
Seat 4: 4592d404 folded before Flop
Seat 5: 380bc998 folded before Flop
Seat 6: Hero folded before Flop
Seat 7: adbfd60c (button) folded before Flop
Seat 8: a42faa74 (small blind) folded on the River


Poker Hand #TM5587051816: Tournament #263411267, Bounty Hunters Deepstack Turbo $10.80 Hold'em No Limit - Level1(50/100(15)) - 2026/02/14 22:15:02
Table '27' 8-max Seat #6 is the button
Seat 1: c5fb94fc (20,000 in chips)
Seat 2: 3cbcd4d9 (20,000 in chips)
Seat 3: ba5646ce (20,000 in chips)
Seat 4: 4592d404 (20,000 in chips)
Seat 5: 380bc998 (20,000 in chips)
Seat 6: Hero (20,000 in chips)
Seat 7: adbfd60c (20,000 in chips)
Seat 8: a42faa74 (20,000 in chips)
a42faa74: posts the ante 15
Hero: posts the ante 15
adbfd60c: posts the ante 15
380bc998: posts the ante 15
ba5646ce: posts the ante 15
4592d404: posts the ante 15
c5fb94fc: posts the ante 15
3cbcd4d9: posts the ante 15
adbfd60c: posts small blind 50
a42faa74: posts big blind 100
*** HOLE CARDS ***
Dealt to c5fb94fc 
Dealt to 3cbcd4d9 
Dealt to ba5646ce 
Dealt to 4592d404 
Dealt to 380bc998 
Dealt to Hero [2s 7h]
Dealt to adbfd60c 
Dealt to a42faa74 
c5fb94fc: raises 140 to 240
3cbcd4d9: folds
ba5646ce: calls 240
4592d404: raises 760 to 1,000
380bc998: calls 1,000
Hero: folds
adbfd60c: folds
a42faa74: folds
c5fb94fc: folds
ba5646ce: calls 760
*** FLOP *** [7c 4s Kc]
ba5646ce: checks
4592d404: bets 878
380bc998: calls 878
ba5646ce: folds
*** TURN *** [7c 4s Kc] [5c]
4592d404: checks
380bc998: bets 2,633
4592d404: folds
Uncalled bet (2,633) returned to 380bc998
*** SHOWDOWN ***
380bc998 collected 5,266 from pot
*** SUMMARY ***
Total pot 5,266 | Rake 0 | Jackpot 0 | Bingo 0 | Fortune 0 | Tax 0
Board [7c 4s Kc 5c]
Seat 1: c5fb94fc folded before Flop
Seat 2: 3cbcd4d9 folded before Flop
Seat 3: ba5646ce folded on the Flop
Seat 4: 4592d404 folded on the Turn
Seat 5: 380bc998 won (5,266)
Seat 6: Hero (button) folded before Flop
Seat 7: adbfd60c (small blind) folded before Flop
Seat 8: a42faa74 (big blind) folded before Flop


