Poker Hand #TM5638365372: Tournament #266338738, Bounty Hunters Deepstack Turbo $8.88 Hold'em No Limit - Level10(350/700(100)) - 2026/02/27 15:36:29
Table '7' 8-max Seat #8 is the button
Seat 1: c238a66d (30,779 in chips)
Seat 2: d54ed20c (13,897 in chips)
Seat 3: b1b2ea49 (68,914 in chips)
Seat 4: 76953a69 (61,781 in chips)
Seat 5: Hero (11,009 in chips)
Seat 6: d76a4886 (11,632 in chips)
Seat 7: d0e677d3 (58,308 in chips)
Seat 8: 112347de (29,417 in chips)
76953a69: posts the ante 100
Hero: posts the ante 100
112347de: posts the ante 100
b1b2ea49: posts the ante 100
d76a4886: posts the ante 100
c238a66d: posts the ante 100
d0e677d3: posts the ante 100
d54ed20c: posts the ante 100
c238a66d: posts small blind 350
d54ed20c: posts big blind 700
*** HOLE CARDS ***
Dealt to c238a66d 
Dealt to d54ed20c 
Dealt to b1b2ea49 
Dealt to 76953a69 
Dealt to Hero [Kd Jd]
Dealt to d76a4886 
Dealt to d0e677d3 
Dealt to 112347de 
b1b2ea49: folds
76953a69: folds
Hero: raises 10,209 to 10,909 and is all-in
d76a4886: folds
d0e677d3: folds
112347de: raises 18,408 to 29,317 and is all-in
c238a66d: calls 28,967
d54ed20c: folds
112347de: shows [9s As]
c238a66d: shows [Ad Ts]
Hero: shows [Kd Jd]
*** FLOP *** [8c Tc 8d]
*** TURN *** [8c Tc 8d] [7s]
*** RIVER *** [8c Tc 8d 7s] [3d]
*** SHOWDOWN ***
c238a66d collected 34,227 from pot
c238a66d collected 36,816 from pot
*** SUMMARY ***
Total pot 71,043 | Rake 0 | Jackpot 0 | Bingo 0 | Fortune 0 | Tax 0
Board [8c Tc 8d 7s 3d]
Seat 1: c238a66d (small blind) showed [Ad Ts] and won (71,043) with two pair, Tens and Eights
Seat 2: d54ed20c (big blind) folded before Flop
Seat 3: b1b2ea49 folded before Flop
Seat 4: 76953a69 folded before Flop
Seat 5: Hero showed [Kd Jd] and lost with a pair of Eights
Seat 6: d76a4886 folded before Flop
Seat 7: d0e677d3 folded before Flop
Seat 8: 112347de (button) showed [9s As] and lost with a pair of Eights


Poker Hand #TM5638365364: Tournament #266338738, Bounty Hunters Deepstack Turbo $8.88 Hold'em No Limit - Level10(350/700(100)) - 2026/02/27 15:36:06
Table '7' 8-max Seat #7 is the button
Seat 1: c238a66d (29,729 in chips)
Seat 2: d54ed20c (13,997 in chips)
Seat 3: b1b2ea49 (69,014 in chips)
Seat 4: 76953a69 (61,881 in chips)
Seat 5: Hero (11,109 in chips)
Seat 6: d76a4886 (11,732 in chips)
Seat 7: d0e677d3 (58,408 in chips)
Seat 8: 112347de (29,867 in chips)
76953a69: posts the ante 100
Hero: posts the ante 100
112347de: posts the ante 100
b1b2ea49: posts the ante 100
d76a4886: posts the ante 100
c238a66d: posts the ante 100
d0e677d3: posts the ante 100
d54ed20c: posts the ante 100
112347de: posts small blind 350
c238a66d: posts big blind 700
*** HOLE CARDS ***
Dealt to c238a66d 
Dealt to d54ed20c 
Dealt to b1b2ea49 
Dealt to 76953a69 
Dealt to Hero [6d 3d]
Dealt to d76a4886 
Dealt to d0e677d3 
Dealt to 112347de 
d54ed20c: folds
b1b2ea49: folds
76953a69: folds
Hero: folds
d76a4886: folds
d0e677d3: folds
112347de: folds
Uncalled bet (350) returned to c238a66d
*** SHOWDOWN ***
c238a66d collected 1,500 from pot
*** SUMMARY ***
Total pot 1,500 | Rake 0 | Jackpot 0 | Bingo 0 | Fortune 0 | Tax 0
Seat 1: c238a66d (big blind) collected (1,500)
Seat 2: d54ed20c folded before Flop
Seat 3: b1b2ea49 folded before Flop
Seat 4: 76953a69 folded before Flop
Seat 5: Hero folded before Flop
Seat 6: d76a4886 folded before Flop
Seat 7: d0e677d3 (button) folded before Flop
Seat 8: 112347de (small blind) folded before Flop


Poker Hand #TM5638365357: Tournament #266338738, Bounty Hunters Deepstack Turbo $8.88 Hold'em No Limit - Level10(350/700(100)) - 2026/02/27 15:35:18
Table '7' 8-max Seat #6 is the button
Seat 1: c238a66d (29,829 in chips)
Seat 2: d54ed20c (14,097 in chips)
Seat 3: b1b2ea49 (69,114 in chips)
Seat 4: 76953a69 (61,981 in chips)
Seat 5: Hero (11,209 in chips)
Seat 6: d76a4886 (9,982 in chips)
Seat 7: d0e677d3 (58,858 in chips)
Seat 8: 112347de (30,667 in chips)
76953a69: posts the ante 100
Hero: posts the ante 100
112347de: posts the ante 100
b1b2ea49: posts the ante 100
d76a4886: posts the ante 100
c238a66d: posts the ante 100
d0e677d3: posts the ante 100
d54ed20c: posts the ante 100
d0e677d3: posts small blind 350
112347de: posts big blind 700
*** HOLE CARDS ***
Dealt to c238a66d 
Dealt to d54ed20c 
Dealt to b1b2ea49 
Dealt to 76953a69 
Dealt to Hero [2c 4d]
Dealt to d76a4886 
Dealt to d0e677d3 
Dealt to 112347de 
c238a66d: folds
d54ed20c: folds
b1b2ea49: folds
76953a69: folds
Hero: folds
d76a4886: raises 9,100 to 9,800
d0e677d3: folds
112347de: folds
Uncalled bet (9,100) returned to d76a4886
*** SHOWDOWN ***
d76a4886 collected 2,550 from pot
*** SUMMARY ***
Total pot 2,550 | Rake 0 | Jackpot 0 | Bingo 0 | Fortune 0 | Tax 0
Seat 1: c238a66d folded before Flop
Seat 2: d54ed20c folded before Flop
Seat 3: b1b2ea49 folded before Flop
Seat 4: 76953a69 folded before Flop
Seat 5: Hero folded before Flop
Seat 6: d76a4886 (button) collected (2,550)
Seat 7: d0e677d3 (small blind) folded before Flop
Seat 8: 112347de (big blind) folded before Flop


Poker Hand #TM5638365342: Tournament #266338738, Bounty Hunters Deepstack Turbo $8.88 Hold'em No Limit - Level9(300/600(90)) - 2026/02/27 15:33:57
Table '7' 8-max Seat #5 is the button
Seat 1: c238a66d (29,919 in chips)
Seat 2: d54ed20c (14,187 in chips)
Seat 3: b1b2ea49 (59,184 in chips)
Seat 4: 76953a69 (62,071 in chips)
Seat 5: Hero (19,699 in chips)
Seat 6: d76a4886 (10,372 in chips)
Seat 7: d0e677d3 (59,548 in chips)
Seat 8: 112347de (30,757 in chips)
76953a69: posts the ante 90
Hero: posts the ante 90
112347de: posts the ante 90
b1b2ea49: posts the ante 90
d76a4886: posts the ante 90
c238a66d: posts the ante 90
d0e677d3: posts the ante 90
d54ed20c: posts the ante 90
d76a4886: posts small blind 300
d0e677d3: posts big blind 600
*** HOLE CARDS ***
Dealt to c238a66d 
Dealt to d54ed20c 
Dealt to b1b2ea49 
Dealt to 76953a69 
Dealt to Hero [5s 4s]
Dealt to d76a4886 
Dealt to d0e677d3 
Dealt to 112347de 
112347de: folds
c238a66d: folds
d54ed20c: folds
b1b2ea49: raises 600 to 1,200
76953a69: folds
Hero: calls 1,200
d76a4886: folds
d0e677d3: folds
*** FLOP *** [Ts 5d Qc]
b1b2ea49: checks
Hero: bets 1,327
b1b2ea49: raises 2,873 to 4,200
Hero: calls 2,873
*** TURN *** [Ts 5d Qc] [As]
b1b2ea49: bets 3,000
Hero: calls 3,000
*** RIVER *** [Ts 5d Qc As] [7c]
b1b2ea49: bets 50,694 and is all-in
Hero: folds
Uncalled bet (50,694) returned to b1b2ea49
*** SHOWDOWN ***
b1b2ea49 collected 18,420 from pot
*** SUMMARY ***
Total pot 18,420 | Rake 0 | Jackpot 0 | Bingo 0 | Fortune 0 | Tax 0
Board [Ts 5d Qc As 7c]
Seat 1: c238a66d folded before Flop
Seat 2: d54ed20c folded before Flop
Seat 3: b1b2ea49 won (18,420)
Seat 4: 76953a69 folded before Flop
Seat 5: Hero (button) folded on the River
Seat 6: d76a4886 (small blind) folded before Flop
Seat 7: d0e677d3 (big blind) folded before Flop
Seat 8: 112347de folded before Flop


Poker Hand #TM5638365331: Tournament #266338738, Bounty Hunters Deepstack Turbo $8.88 Hold'em No Limit - Level9(300/600(90)) - 2026/02/27 15:32:50
Table '7' 8-max Seat #4 is the button
Seat 1: c238a66d (30,009 in chips)
Seat 2: d54ed20c (14,277 in chips)
Seat 3: b1b2ea49 (59,274 in chips)
Seat 4: 76953a69 (57,335 in chips)
Seat 5: Hero (20,089 in chips)
Seat 6: d76a4886 (14,268 in chips)
Seat 7: d0e677d3 (59,638 in chips)
Seat 8: 112347de (30,847 in chips)
76953a69: posts the ante 90
Hero: posts the ante 90
112347de: posts the ante 90
b1b2ea49: posts the ante 90
d76a4886: posts the ante 90
c238a66d: posts the ante 90
d0e677d3: posts the ante 90
d54ed20c: posts the ante 90
Hero: posts small blind 300
d76a4886: posts big blind 600
*** HOLE CARDS ***
Dealt to c238a66d 
Dealt to d54ed20c 
Dealt to b1b2ea49 
Dealt to 76953a69 
Dealt to Hero [As 2c]
Dealt to d76a4886 
Dealt to d0e677d3 
Dealt to 112347de 
d0e677d3: folds
112347de: folds
c238a66d: folds
d54ed20c: folds
b1b2ea49: folds
76953a69: raises 600 to 1,200
Hero: folds
d76a4886: calls 600
*** FLOP *** [Qs Qh 5c]
d76a4886: checks
76953a69: bets 1,129
d76a4886: calls 1,129
*** TURN *** [Qs Qh 5c] [7d]
d76a4886: checks
76953a69: checks
*** RIVER *** [Qs Qh 5c 7d] [7s]
d76a4886: bets 1,477
76953a69: calls 1,477
d76a4886: shows [Kc Jd] (two pair, Queens and Sevens)
76953a69: shows [7h Jh] (a full house, Sevens full of Queens)
*** SHOWDOWN ***
76953a69 collected 8,632 from pot
*** SUMMARY ***
Total pot 8,632 | Rake 0 | Jackpot 0 | Bingo 0 | Fortune 0 | Tax 0
Board [Qs Qh 5c 7d 7s]
Seat 1: c238a66d folded before Flop
Seat 2: d54ed20c folded before Flop
Seat 3: b1b2ea49 folded before Flop
Seat 4: 76953a69 (button) showed [7h Jh] and won (8,632) with a full house, Sevens full of Queens
Seat 5: Hero (small blind) folded before Flop
Seat 6: d76a4886 (big blind) showed [Kc Jd] and lost with two pair, Queens and Sevens
Seat 7: d0e677d3 folded before Flop
Seat 8: 112347de folded before Flop


Poker Hand #TM5638365321: Tournament #266338738, Bounty Hunters Deepstack Turbo $8.88 Hold'em No Limit - Level9(300/600(90)) - 2026/02/27 15:31:47
Table '7' 8-max Seat #3 is the button
Seat 1: c238a66d (30,099 in chips)
Seat 2: d54ed20c (14,367 in chips)
Seat 3: b1b2ea49 (60,564 in chips)
Seat 4: 76953a69 (52,445 in chips)
Seat 5: Hero (23,239 in chips)
Seat 6: d76a4886 (14,358 in chips)
Seat 7: d0e677d3 (59,728 in chips)
Seat 8: 112347de (30,937 in chips)
76953a69: posts the ante 90
Hero: posts the ante 90
112347de: posts the ante 90
b1b2ea49: posts the ante 90
d76a4886: posts the ante 90
c238a66d: posts the ante 90
d0e677d3: posts the ante 90
d54ed20c: posts the ante 90
76953a69: posts small blind 300
Hero: posts big blind 600
*** HOLE CARDS ***
Dealt to c238a66d 
Dealt to d54ed20c 
Dealt to b1b2ea49 
Dealt to 76953a69 
Dealt to Hero [5c Jc]
Dealt to d76a4886 
Dealt to d0e677d3 
Dealt to 112347de 
d76a4886: folds
d0e677d3: folds
112347de: folds
c238a66d: folds
d54ed20c: folds
b1b2ea49: raises 600 to 1,200
76953a69: raises 1,860 to 3,060
Hero: calls 2,460
b1b2ea49: folds
*** FLOP *** [8h Kh 2c]
76953a69: bets 2,654
Hero: folds
Uncalled bet (2,654) returned to 76953a69
*** SHOWDOWN ***
76953a69 collected 8,040 from pot
*** SUMMARY ***
Total pot 8,040 | Rake 0 | Jackpot 0 | Bingo 0 | Fortune 0 | Tax 0
Board [8h Kh 2c]
Seat 1: c238a66d folded before Flop
Seat 2: d54ed20c folded before Flop
Seat 3: b1b2ea49 (button) folded before Flop
Seat 4: 76953a69 (small blind) won (8,040)
Seat 5: Hero (big blind) folded on the Flop
Seat 6: d76a4886 folded before Flop
Seat 7: d0e677d3 folded before Flop
Seat 8: 112347de folded before Flop


Poker Hand #TM5638365307: Tournament #266338738, Bounty Hunters Deepstack Turbo $8.88 Hold'em No Limit - Level9(300/600(90)) - 2026/02/27 15:30:40
Table '7' 8-max Seat #2 is the button
Seat 1: c238a66d (30,189 in chips)
Seat 2: d54ed20c (14,457 in chips)
Seat 3: b1b2ea49 (58,134 in chips)
Seat 4: 76953a69 (53,135 in chips)
Seat 5: Hero (23,329 in chips)
Seat 6: d76a4886 (14,448 in chips)
Seat 7: d0e677d3 (59,818 in chips)
Seat 8: 112347de (32,227 in chips)
76953a69: posts the ante 90
Hero: posts the ante 90
112347de: posts the ante 90
b1b2ea49: posts the ante 90
d76a4886: posts the ante 90
c238a66d: posts the ante 90
d0e677d3: posts the ante 90
d54ed20c: posts the ante 90
b1b2ea49: posts small blind 300
76953a69: posts big blind 600
*** HOLE CARDS ***
Dealt to c238a66d 
Dealt to d54ed20c 
Dealt to b1b2ea49 
Dealt to 76953a69 
Dealt to Hero [2c 7c]
Dealt to d76a4886 
Dealt to d0e677d3 
Dealt to 112347de 
Hero: folds
d76a4886: folds
d0e677d3: folds
112347de: raises 600 to 1,200
c238a66d: folds
d54ed20c: folds
b1b2ea49: calls 900
76953a69: folds
*** FLOP *** [7d 4c Td]
b1b2ea49: checks
112347de: checks
*** TURN *** [7d 4c Td] [6d]
b1b2ea49: bets 2,493
112347de: folds
Uncalled bet (2,493) returned to b1b2ea49
*** SHOWDOWN ***
b1b2ea49 collected 3,720 from pot
*** SUMMARY ***
Total pot 3,720 | Rake 0 | Jackpot 0 | Bingo 0 | Fortune 0 | Tax 0
Board [7d 4c Td 6d]
Seat 1: c238a66d folded before Flop
Seat 2: d54ed20c (button) folded before Flop
Seat 3: b1b2ea49 (small blind) won (3,720)
Seat 4: 76953a69 (big blind) folded before Flop
Seat 5: Hero folded before Flop
Seat 6: d76a4886 folded before Flop
Seat 7: d0e677d3 folded before Flop
Seat 8: 112347de folded on the Turn


Poker Hand #TM5638365294: Tournament #266338738, Bounty Hunters Deepstack Turbo $8.88 Hold'em No Limit - Level9(300/600(90)) - 2026/02/27 15:29:18
Table '7' 8-max Seat #1 is the button
Seat 1: c238a66d (32,608 in chips)
Seat 2: d54ed20c (14,847 in chips)
Seat 3: b1b2ea49 (54,875 in chips)
Seat 4: 76953a69 (53,225 in chips)
Seat 5: Hero (23,419 in chips)
Seat 6: d76a4886 (14,538 in chips)
Seat 7: d0e677d3 (59,908 in chips)
Seat 8: 112347de (32,317 in chips)
76953a69: posts the ante 90
Hero: posts the ante 90
112347de: posts the ante 90
b1b2ea49: posts the ante 90
d76a4886: posts the ante 90
c238a66d: posts the ante 90
d0e677d3: posts the ante 90
d54ed20c: posts the ante 90
d54ed20c: posts small blind 300
b1b2ea49: posts big blind 600
*** HOLE CARDS ***
Dealt to c238a66d 
Dealt to d54ed20c 
Dealt to b1b2ea49 
Dealt to 76953a69 
Dealt to Hero [Ts Qc]
Dealt to d76a4886 
Dealt to d0e677d3 
Dealt to 112347de 
76953a69: folds
Hero: folds
d76a4886: folds
d0e677d3: folds
112347de: folds
c238a66d: raises 600 to 1,200
d54ed20c: folds
b1b2ea49: calls 600
*** FLOP *** [Qh Ad 6h]
b1b2ea49: checks
c238a66d: bets 1,129
b1b2ea49: calls 1,129
*** TURN *** [Qh Ad 6h] [6c]
b1b2ea49: checks
c238a66d: checks
*** RIVER *** [Qh Ad 6h 6c] [9s]
b1b2ea49: checks
c238a66d: checks
b1b2ea49: shows [7c Qs] (two pair, Queens and Sixes)
c238a66d: shows [9d Ks] (two pair, Nines and Sixes)
*** SHOWDOWN ***
b1b2ea49 collected 5,678 from pot
*** SUMMARY ***
Total pot 5,678 | Rake 0 | Jackpot 0 | Bingo 0 | Fortune 0 | Tax 0
Board [Qh Ad 6h 6c 9s]
Seat 1: c238a66d (button) showed [9d Ks] and lost with two pair, Nines and Sixes
Seat 2: d54ed20c (small blind) folded before Flop
Seat 3: b1b2ea49 (big blind) showed [7c Qs] and won (5,678) with two pair, Queens and Sixes
Seat 4: 76953a69 folded before Flop
Seat 5: Hero folded before Flop
Seat 6: d76a4886 folded before Flop
Seat 7: d0e677d3 folded before Flop
Seat 8: 112347de folded before Flop


Poker Hand #TM5638365278: Tournament #266338738, Bounty Hunters Deepstack Turbo $8.88 Hold'em No Limit - Level9(300/600(90)) - 2026/02/27 15:28:00
Table '7' 8-max Seat #8 is the button
Seat 1: c238a66d (28,752 in chips)
Seat 2: d54ed20c (18,163 in chips)
Seat 3: b1b2ea49 (54,965 in chips)
Seat 4: 76953a69 (53,315 in chips)
Seat 5: Hero (23,509 in chips)
Seat 6: d76a4886 (14,628 in chips)
Seat 7: d0e677d3 (59,998 in chips)
Seat 8: 112347de (32,407 in chips)
76953a69: posts the ante 90
Hero: posts the ante 90
112347de: posts the ante 90
b1b2ea49: posts the ante 90
d76a4886: posts the ante 90
c238a66d: posts the ante 90
d0e677d3: posts the ante 90
d54ed20c: posts the ante 90
c238a66d: posts small blind 300
d54ed20c: posts big blind 600
*** HOLE CARDS ***
Dealt to c238a66d 
Dealt to d54ed20c 
Dealt to b1b2ea49 
Dealt to 76953a69 
Dealt to Hero [2c Qc]
Dealt to d76a4886 
Dealt to d0e677d3 
Dealt to 112347de 
b1b2ea49: folds
76953a69: folds
Hero: folds
d76a4886: folds
d0e677d3: folds
112347de: folds
c238a66d: calls 300
d54ed20c: raises 1,200 to 1,800
c238a66d: calls 1,200
*** FLOP *** [2s Ad 8s]
c238a66d: checks
d54ed20c: bets 1,426
c238a66d: calls 1,426
*** TURN *** [2s Ad 8s] [8c]
c238a66d: checks
d54ed20c: checks
*** RIVER *** [2s Ad 8s 8c] [3c]
c238a66d: bets 25,436 and is all-in
d54ed20c: folds
Uncalled bet (25,436) returned to c238a66d
*** SHOWDOWN ***
c238a66d collected 7,172 from pot
*** SUMMARY ***
Total pot 7,172 | Rake 0 | Jackpot 0 | Bingo 0 | Fortune 0 | Tax 0
Board [2s Ad 8s 8c 3c]
Seat 1: c238a66d (small blind) won (7,172)
Seat 2: d54ed20c (big blind) folded on the River
Seat 3: b1b2ea49 folded before Flop
Seat 4: 76953a69 folded before Flop
Seat 5: Hero folded before Flop
Seat 6: d76a4886 folded before Flop
Seat 7: d0e677d3 folded before Flop
Seat 8: 112347de (button) folded before Flop


Poker Hand #TM5638365273: Tournament #266338738, Bounty Hunters Deepstack Turbo $8.88 Hold'em No Limit - Level9(300/600(90)) - 2026/02/27 15:27:24
Table '7' 8-max Seat #7 is the button
Seat 1: c238a66d (27,822 in chips)
Seat 2: d54ed20c (18,253 in chips)
Seat 3: b1b2ea49 (55,055 in chips)
Seat 4: 76953a69 (53,405 in chips)
Seat 5: Hero (23,599 in chips)
Seat 6: d76a4886 (14,718 in chips)
Seat 7: d0e677d3 (60,088 in chips)
Seat 8: 112347de (32,797 in chips)
76953a69: posts the ante 90
Hero: posts the ante 90
112347de: posts the ante 90
b1b2ea49: posts the ante 90
d76a4886: posts the ante 90
c238a66d: posts the ante 90
d0e677d3: posts the ante 90
d54ed20c: posts the ante 90
112347de: posts small blind 300
c238a66d: posts big blind 600
*** HOLE CARDS ***
Dealt to c238a66d 
Dealt to d54ed20c 
Dealt to b1b2ea49 
Dealt to 76953a69 
Dealt to Hero [4h 3d]
Dealt to d76a4886 
Dealt to d0e677d3 
Dealt to 112347de 
d54ed20c: folds
b1b2ea49: folds
76953a69: folds
Hero: folds
d76a4886: folds
d0e677d3: folds
112347de: folds
Uncalled bet (300) returned to c238a66d
*** SHOWDOWN ***
c238a66d collected 1,320 from pot
*** SUMMARY ***
Total pot 1,320 | Rake 0 | Jackpot 0 | Bingo 0 | Fortune 0 | Tax 0
Seat 1: c238a66d (big blind) collected (1,320)
Seat 2: d54ed20c folded before Flop
Seat 3: b1b2ea49 folded before Flop
Seat 4: 76953a69 folded before Flop
Seat 5: Hero folded before Flop
Seat 6: d76a4886 folded before Flop
Seat 7: d0e677d3 (button) folded before Flop
Seat 8: 112347de (small blind) folded before Flop


Poker Hand #TM5638365258: Tournament #266338738, Bounty Hunters Deepstack Turbo $8.88 Hold'em No Limit - Level8(250/500(75)) - 2026/02/27 15:26:02
Table '7' 8-max Seat #6 is the button
Seat 1: c238a66d (27,897 in chips)
Seat 2: d54ed20c (18,328 in chips)
Seat 3: b1b2ea49 (55,130 in chips)
Seat 4: 76953a69 (53,480 in chips)
Seat 5: Hero (23,674 in chips)
Seat 6: d76a4886 (14,793 in chips)
Seat 7: d0e677d3 (60,413 in chips)
Seat 8: 112347de (32,022 in chips)
76953a69: posts the ante 75
Hero: posts the ante 75
112347de: posts the ante 75
b1b2ea49: posts the ante 75
d76a4886: posts the ante 75
c238a66d: posts the ante 75
d0e677d3: posts the ante 75
d54ed20c: posts the ante 75
d0e677d3: posts small blind 250
112347de: posts big blind 500
*** HOLE CARDS ***
Dealt to c238a66d 
Dealt to d54ed20c 
Dealt to b1b2ea49 
Dealt to 76953a69 
Dealt to Hero [6s Jc]
Dealt to d76a4886 
Dealt to d0e677d3 
Dealt to 112347de 
c238a66d: folds
d54ed20c: folds
b1b2ea49: folds
76953a69: folds
Hero: folds
d76a4886: folds
d0e677d3: folds
Uncalled bet (250) returned to 112347de
*** SHOWDOWN ***
112347de collected 1,100 from pot
*** SUMMARY ***
Total pot 1,100 | Rake 0 | Jackpot 0 | Bingo 0 | Fortune 0 | Tax 0
Seat 1: c238a66d folded before Flop
Seat 2: d54ed20c folded before Flop
Seat 3: b1b2ea49 folded before Flop
Seat 4: 76953a69 folded before Flop
Seat 5: Hero folded before Flop
Seat 6: d76a4886 (button) folded before Flop
Seat 7: d0e677d3 (small blind) folded before Flop
Seat 8: 112347de (big blind) collected (1,100)


Poker Hand #TM5638365250: Tournament #266338738, Bounty Hunters Deepstack Turbo $8.88 Hold'em No Limit - Level8(250/500(75)) - 2026/02/27 15:25:15
Table '7' 8-max Seat #5 is the button
Seat 1: c238a66d (27,972 in chips)
Seat 2: d54ed20c (14,053 in chips)
Seat 3: b1b2ea49 (58,205 in chips)
Seat 4: 76953a69 (53,555 in chips)
Seat 5: Hero (23,749 in chips)
Seat 6: d76a4886 (15,118 in chips)
Seat 7: d0e677d3 (60,988 in chips)
Seat 8: 112347de (32,097 in chips)
76953a69: posts the ante 75
Hero: posts the ante 75
112347de: posts the ante 75
b1b2ea49: posts the ante 75
d76a4886: posts the ante 75
c238a66d: posts the ante 75
d0e677d3: posts the ante 75
d54ed20c: posts the ante 75
d76a4886: posts small blind 250
d0e677d3: posts big blind 500
*** HOLE CARDS ***
Dealt to c238a66d 
Dealt to d54ed20c 
Dealt to b1b2ea49 
Dealt to 76953a69 
Dealt to Hero [Ac 8s]
Dealt to d76a4886 
Dealt to d0e677d3 
Dealt to 112347de 
112347de: folds
c238a66d: folds
d54ed20c: raises 500 to 1,000
b1b2ea49: raises 2,000 to 3,000
76953a69: folds
Hero: folds
d76a4886: folds
d0e677d3: folds
d54ed20c: raises 10,978 to 13,978 and is all-in
b1b2ea49: folds
Uncalled bet (10,978) returned to d54ed20c
*** SHOWDOWN ***
d54ed20c collected 7,350 from pot
*** SUMMARY ***
Total pot 7,350 | Rake 0 | Jackpot 0 | Bingo 0 | Fortune 0 | Tax 0
Seat 1: c238a66d folded before Flop
Seat 2: d54ed20c collected (7,350)
Seat 3: b1b2ea49 folded before Flop
Seat 4: 76953a69 folded before Flop
Seat 5: Hero (button) folded before Flop
Seat 6: d76a4886 (small blind) folded before Flop
Seat 7: d0e677d3 (big blind) folded before Flop
Seat 8: 112347de folded before Flop


Poker Hand #TM5638365242: Tournament #266338738, Bounty Hunters Deepstack Turbo $8.88 Hold'em No Limit - Level8(250/500(75)) - 2026/02/27 15:24:30
Table '7' 8-max Seat #4 is the button
Seat 1: c238a66d (28,047 in chips)
Seat 2: d54ed20c (14,128 in chips)
Seat 3: b1b2ea49 (58,280 in chips)
Seat 4: 76953a69 (53,630 in chips)
Seat 5: Hero (24,824 in chips)
Seat 6: d76a4886 (16,193 in chips)
Seat 7: d0e677d3 (61,063 in chips)
Seat 8: 112347de (29,572 in chips)
76953a69: posts the ante 75
Hero: posts the ante 75
112347de: posts the ante 75
b1b2ea49: posts the ante 75
d76a4886: posts the ante 75
c238a66d: posts the ante 75
d0e677d3: posts the ante 75
d54ed20c: posts the ante 75
Hero: posts small blind 250
d76a4886: posts big blind 500
*** HOLE CARDS ***
Dealt to c238a66d 
Dealt to d54ed20c 
Dealt to b1b2ea49 
Dealt to 76953a69 
Dealt to Hero [5d 5h]
Dealt to d76a4886 
Dealt to d0e677d3 
Dealt to 112347de 
d0e677d3: folds
112347de: raises 500 to 1,000
c238a66d: folds
d54ed20c: folds
b1b2ea49: folds
76953a69: folds
Hero: calls 750
d76a4886: calls 500
*** FLOP *** [Th 4s As]
Hero: checks
d76a4886: checks
112347de: bets 1,800
Hero: folds
d76a4886: folds
Uncalled bet (1,800) returned to 112347de
*** SHOWDOWN ***
112347de collected 3,600 from pot
*** SUMMARY ***
Total pot 3,600 | Rake 0 | Jackpot 0 | Bingo 0 | Fortune 0 | Tax 0
Board [Th 4s As]
Seat 1: c238a66d folded before Flop
Seat 2: d54ed20c folded before Flop
Seat 3: b1b2ea49 folded before Flop
Seat 4: 76953a69 (button) folded before Flop
Seat 5: Hero (small blind) folded on the Flop
Seat 6: d76a4886 (big blind) folded on the Flop
Seat 7: d0e677d3 folded before Flop
Seat 8: 112347de won (3,600)


Poker Hand #TM5638365228: Tournament #266338738, Bounty Hunters Deepstack Turbo $8.88 Hold'em No Limit - Level8(250/500(75)) - 2026/02/27 15:23:15
Table '7' 8-max Seat #3 is the button
Seat 1: c238a66d (28,122 in chips)
Seat 2: d54ed20c (14,203 in chips)
Seat 3: b1b2ea49 (58,355 in chips)
Seat 4: 76953a69 (38,465 in chips)
Seat 5: Hero (39,539 in chips)
Seat 6: d76a4886 (16,268 in chips)
Seat 7: d0e677d3 (61,138 in chips)
Seat 8: 112347de (29,647 in chips)
76953a69: posts the ante 75
Hero: posts the ante 75
112347de: posts the ante 75
b1b2ea49: posts the ante 75
d76a4886: posts the ante 75
c238a66d: posts the ante 75
d0e677d3: posts the ante 75
d54ed20c: posts the ante 75
76953a69: posts small blind 250
Hero: posts big blind 500
*** HOLE CARDS ***
Dealt to c238a66d 
Dealt to d54ed20c 
Dealt to b1b2ea49 
Dealt to 76953a69 
Dealt to Hero [3h Qc]
Dealt to d76a4886 
Dealt to d0e677d3 
Dealt to 112347de 
d76a4886: folds
d0e677d3: folds
112347de: folds
c238a66d: folds
d54ed20c: folds
b1b2ea49: folds
76953a69: raises 1,000 to 1,500
Hero: calls 1,000
*** FLOP *** [Qd 2h 9s]
76953a69: bets 1,188
Hero: calls 1,188
*** TURN *** [Qd 2h 9s] [Ah]
76953a69: bets 2,988
Hero: calls 2,988
*** RIVER *** [Qd 2h 9s Ah] [8d]
76953a69: bets 8,964
Hero: calls 8,964
76953a69: shows [Jc Ac] (a pair of Aces)
Hero: shows [3h Qc] (a pair of Queens)
*** SHOWDOWN ***
76953a69 collected 29,880 from pot
*** SUMMARY ***
Total pot 29,880 | Rake 0 | Jackpot 0 | Bingo 0 | Fortune 0 | Tax 0
Board [Qd 2h 9s Ah 8d]
Seat 1: c238a66d folded before Flop
Seat 2: d54ed20c folded before Flop
Seat 3: b1b2ea49 (button) folded before Flop
Seat 4: 76953a69 (small blind) showed [Jc Ac] and won (29,880) with a pair of Aces
Seat 5: Hero (big blind) showed [3h Qc] and lost with a pair of Queens
Seat 6: d76a4886 folded before Flop
Seat 7: d0e677d3 folded before Flop
Seat 8: 112347de folded before Flop


Poker Hand #TM5638365221: Tournament #266338738, Bounty Hunters Deepstack Turbo $8.88 Hold'em No Limit - Level8(250/500(75)) - 2026/02/27 15:22:33
Table '7' 8-max Seat #2 is the button
Seat 1: c238a66d (26,847 in chips)
Seat 2: d54ed20c (14,278 in chips)
Seat 3: b1b2ea49 (58,680 in chips)
Seat 4: 76953a69 (39,040 in chips)
Seat 5: Hero (39,614 in chips)
Seat 6: d76a4886 (16,343 in chips)
Seat 7: d0e677d3 (61,213 in chips)
Seat 8: 112347de (29,722 in chips)
76953a69: posts the ante 75
Hero: posts the ante 75
112347de: posts the ante 75
b1b2ea49: posts the ante 75
d76a4886: posts the ante 75
c238a66d: posts the ante 75
d0e677d3: posts the ante 75
d54ed20c: posts the ante 75
b1b2ea49: posts small blind 250
76953a69: posts big blind 500
*** HOLE CARDS ***
Dealt to c238a66d 
Dealt to d54ed20c 
Dealt to b1b2ea49 
Dealt to 76953a69 
Dealt to Hero [7s 6c]
Dealt to d76a4886 
Dealt to d0e677d3 
Dealt to 112347de 
Hero: folds
d76a4886: folds
d0e677d3: folds
112347de: folds
c238a66d: raises 500 to 1,000
d54ed20c: folds
b1b2ea49: folds
76953a69: folds
Uncalled bet (500) returned to c238a66d
*** SHOWDOWN ***
c238a66d collected 1,850 from pot
*** SUMMARY ***
Total pot 1,850 | Rake 0 | Jackpot 0 | Bingo 0 | Fortune 0 | Tax 0
Seat 1: c238a66d collected (1,850)
Seat 2: d54ed20c (button) folded before Flop
Seat 3: b1b2ea49 (small blind) folded before Flop
Seat 4: 76953a69 (big blind) folded before Flop
Seat 5: Hero folded before Flop
Seat 6: d76a4886 folded before Flop
Seat 7: d0e677d3 folded before Flop
Seat 8: 112347de folded before Flop


Poker Hand #TM5638365199: Tournament #266338738, Bounty Hunters Deepstack Turbo $8.88 Hold'em No Limit - Level8(250/500(75)) - 2026/02/27 15:20:15
Table '7' 8-max Seat #1 is the button
Seat 1: c238a66d (26,922 in chips)
Seat 2: d54ed20c (17,103 in chips)
Seat 3: b1b2ea49 (43,125 in chips)
Seat 4: 76953a69 (39,115 in chips)
Seat 5: Hero (39,689 in chips)
Seat 6: d76a4886 (17,518 in chips)
Seat 7: d0e677d3 (61,288 in chips)
Seat 8: 112347de (40,977 in chips)
76953a69: posts the ante 75
Hero: posts the ante 75
112347de: posts the ante 75
b1b2ea49: posts the ante 75
d76a4886: posts the ante 75
c238a66d: posts the ante 75
d0e677d3: posts the ante 75
d54ed20c: posts the ante 75
d54ed20c: posts small blind 250
b1b2ea49: posts big blind 500
*** HOLE CARDS ***
Dealt to c238a66d 
Dealt to d54ed20c 
Dealt to b1b2ea49 
Dealt to 76953a69 
Dealt to Hero [Ah 3c]
Dealt to d76a4886 
Dealt to d0e677d3 
Dealt to 112347de 
76953a69: folds
Hero: folds
d76a4886: raises 600 to 1,100
d0e677d3: folds
112347de: calls 1,100
c238a66d: folds
d54ed20c: calls 850
b1b2ea49: calls 600
*** FLOP *** [7s 8c 8h]
d54ed20c: checks
b1b2ea49: checks
d76a4886: checks
112347de: checks
*** TURN *** [7s 8c 8h] [Jc]
d54ed20c: checks
b1b2ea49: checks
d76a4886: checks
112347de: bets 1,650
d54ed20c: calls 1,650
b1b2ea49: raises 3,100 to 4,750
d76a4886: folds
112347de: calls 3,100
d54ed20c: folds
*** RIVER *** [7s 8c 8h Jc] [Td]
b1b2ea49: bets 5,330
112347de: calls 5,330
b1b2ea49: shows [9h Kh] (a straight, Jack to Seven)
112347de: shows [Jd Qd] (two pair, Jacks and Eights)
*** SHOWDOWN ***
b1b2ea49 collected 26,810 from pot
*** SUMMARY ***
Total pot 26,810 | Rake 0 | Jackpot 0 | Bingo 0 | Fortune 0 | Tax 0
Board [7s 8c 8h Jc Td]
Seat 1: c238a66d (button) folded before Flop
Seat 2: d54ed20c (small blind) folded on the Turn
Seat 3: b1b2ea49 (big blind) showed [9h Kh] and won (26,810) with a straight, Jack to Seven
Seat 4: 76953a69 folded before Flop
Seat 5: Hero folded before Flop
Seat 6: d76a4886 folded on the Turn
Seat 7: d0e677d3 folded before Flop
Seat 8: 112347de showed [Jd Qd] and lost with two pair, Jacks and Eights


Poker Hand #TM5638365190: Tournament #266338738, Bounty Hunters Deepstack Turbo $8.88 Hold'em No Limit - Level8(250/500(75)) - 2026/02/27 15:19:30
Table '7' 8-max Seat #8 is the button
Seat 1: c238a66d (24,897 in chips)
Seat 2: d54ed20c (18,678 in chips)
Seat 3: b1b2ea49 (43,200 in chips)
Seat 4: 76953a69 (39,190 in chips)
Seat 5: Hero (39,764 in chips)
Seat 6: d76a4886 (17,593 in chips)
Seat 7: d0e677d3 (61,363 in chips)
Seat 8: 112347de (41,052 in chips)
76953a69: posts the ante 75
Hero: posts the ante 75
112347de: posts the ante 75
b1b2ea49: posts the ante 75
d76a4886: posts the ante 75
c238a66d: posts the ante 75
d0e677d3: posts the ante 75
d54ed20c: posts the ante 75
c238a66d: posts small blind 250
d54ed20c: posts big blind 500
*** HOLE CARDS ***
Dealt to c238a66d 
Dealt to d54ed20c 
Dealt to b1b2ea49 
Dealt to 76953a69 
Dealt to Hero [Ts 4s]
Dealt to d76a4886 
Dealt to d0e677d3 
Dealt to 112347de 
b1b2ea49: folds
76953a69: folds
Hero: folds
d76a4886: folds
d0e677d3: folds
112347de: folds
c238a66d: raises 1,000 to 1,500
d54ed20c: calls 1,000
*** FLOP *** [5h 7d Th]
c238a66d: checks
d54ed20c: checks
*** TURN *** [5h 7d Th] [Kd]
c238a66d: bets 2,700
d54ed20c: folds
Uncalled bet (2,700) returned to c238a66d
*** SHOWDOWN ***
c238a66d collected 3,600 from pot
*** SUMMARY ***
Total pot 3,600 | Rake 0 | Jackpot 0 | Bingo 0 | Fortune 0 | Tax 0
Board [5h 7d Th Kd]
Seat 1: c238a66d (small blind) won (3,600)
Seat 2: d54ed20c (big blind) folded on the Turn
Seat 3: b1b2ea49 folded before Flop
Seat 4: 76953a69 folded before Flop
Seat 5: Hero folded before Flop
Seat 6: d76a4886 folded before Flop
Seat 7: d0e677d3 folded before Flop
Seat 8: 112347de (button) folded before Flop


Poker Hand #TM5638365180: Tournament #266338738, Bounty Hunters Deepstack Turbo $8.88 Hold'em No Limit - Level7(200/400(60)) - 2026/02/27 15:18:32
Table '7' 8-max Seat #7 is the button
Seat 1: c238a66d (22,077 in chips)
Seat 2: d54ed20c (19,538 in chips)
Seat 3: b1b2ea49 (43,260 in chips)
Seat 4: 76953a69 (39,250 in chips)
Seat 5: Hero (39,824 in chips)
Seat 6: d76a4886 (18,453 in chips)
Seat 7: d0e677d3 (61,423 in chips)
Seat 8: 112347de (41,912 in chips)
76953a69: posts the ante 60
Hero: posts the ante 60
112347de: posts the ante 60
b1b2ea49: posts the ante 60
d76a4886: posts the ante 60
c238a66d: posts the ante 60
d0e677d3: posts the ante 60
d54ed20c: posts the ante 60
112347de: posts small blind 200
c238a66d: posts big blind 400
*** HOLE CARDS ***
Dealt to c238a66d 
Dealt to d54ed20c 
Dealt to b1b2ea49 
Dealt to 76953a69 
Dealt to Hero [7c 3h]
Dealt to d76a4886 
Dealt to d0e677d3 
Dealt to 112347de 
d54ed20c: raises 400 to 800
b1b2ea49: folds
76953a69: folds
Hero: folds
d76a4886: calls 800
d0e677d3: folds
112347de: calls 600
c238a66d: calls 400
*** FLOP *** [6h 4c 3s]
112347de: checks
c238a66d: bets 1,000
d54ed20c: folds
d76a4886: folds
112347de: folds
Uncalled bet (1,000) returned to c238a66d
*** SHOWDOWN ***
c238a66d collected 3,680 from pot
*** SUMMARY ***
Total pot 3,680 | Rake 0 | Jackpot 0 | Bingo 0 | Fortune 0 | Tax 0
Board [6h 4c 3s]
Seat 1: c238a66d (big blind) won (3,680)
Seat 2: d54ed20c folded on the Flop
Seat 3: b1b2ea49 folded before Flop
Seat 4: 76953a69 folded before Flop
Seat 5: Hero folded before Flop
Seat 6: d76a4886 folded on the Flop
Seat 7: d0e677d3 (button) folded before Flop
Seat 8: 112347de (small blind) folded on the Flop


Poker Hand #TM5638365173: Tournament #266338738, Bounty Hunters Deepstack Turbo $8.88 Hold'em No Limit - Level7(200/400(60)) - 2026/02/27 15:17:53
Table '7' 8-max Seat #6 is the button
Seat 1: c238a66d (22,137 in chips)
Seat 2: d54ed20c (19,598 in chips)
Seat 3: b1b2ea49 (43,320 in chips)
Seat 4: 76953a69 (39,310 in chips)
Seat 5: Hero (36,853 in chips)
Seat 6: d76a4886 (18,513 in chips)
Seat 7: d0e677d3 (62,283 in chips)
Seat 8: 112347de (43,723 in chips)
76953a69: posts the ante 60
Hero: posts the ante 60
112347de: posts the ante 60
b1b2ea49: posts the ante 60
d76a4886: posts the ante 60
c238a66d: posts the ante 60
d0e677d3: posts the ante 60
d54ed20c: posts the ante 60
d0e677d3: posts small blind 200
112347de: posts big blind 400
*** HOLE CARDS ***
Dealt to c238a66d 
Dealt to d54ed20c 
Dealt to b1b2ea49 
Dealt to 76953a69 
Dealt to Hero [Kd Ac]
Dealt to d76a4886 
Dealt to d0e677d3 
Dealt to 112347de 
c238a66d: folds
d54ed20c: folds
b1b2ea49: folds
76953a69: folds
Hero: raises 400 to 800
d76a4886: folds
d0e677d3: calls 600
112347de: calls 400
*** FLOP *** [Kc Qc Qs]
d0e677d3: checks
112347de: checks
Hero: bets 951
d0e677d3: folds
112347de: calls 951
*** TURN *** [Kc Qc Qs] [8h]
112347de: checks
Hero: bets 2,791
112347de: folds
Uncalled bet (2,791) returned to Hero
*** SHOWDOWN ***
Hero collected 4,782 from pot
*** SUMMARY ***
Total pot 4,782 | Rake 0 | Jackpot 0 | Bingo 0 | Fortune 0 | Tax 0
Board [Kc Qc Qs 8h]
Seat 1: c238a66d folded before Flop
Seat 2: d54ed20c folded before Flop
Seat 3: b1b2ea49 folded before Flop
Seat 4: 76953a69 folded before Flop
Seat 5: Hero won (4,782)
Seat 6: d76a4886 (button) folded before Flop
Seat 7: d0e677d3 (small blind) folded on the Flop
Seat 8: 112347de (big blind) folded on the Turn


Poker Hand #TM5638365170: Tournament #266338738, Bounty Hunters Deepstack Turbo $8.88 Hold'em No Limit - Level7(200/400(60)) - 2026/02/27 15:17:20
Table '7' 8-max Seat #5 is the button
Seat 1: c238a66d (22,197 in chips)
Seat 2: d54ed20c (19,658 in chips)
Seat 3: b1b2ea49 (43,380 in chips)
Seat 4: 76953a69 (38,290 in chips)
Seat 5: Hero (36,913 in chips)
Seat 6: d76a4886 (18,773 in chips)
Seat 7: d0e677d3 (62,743 in chips)
Seat 8: 112347de (43,783 in chips)
76953a69: posts the ante 60
Hero: posts the ante 60
112347de: posts the ante 60
b1b2ea49: posts the ante 60
d76a4886: posts the ante 60
c238a66d: posts the ante 60
d0e677d3: posts the ante 60
d54ed20c: posts the ante 60
d76a4886: posts small blind 200
d0e677d3: posts big blind 400
*** HOLE CARDS ***
Dealt to c238a66d 
Dealt to d54ed20c 
Dealt to b1b2ea49 
Dealt to 76953a69 
Dealt to Hero [5c 7d]
Dealt to d76a4886 
Dealt to d0e677d3 
Dealt to 112347de 
112347de: folds
c238a66d: folds
d54ed20c: folds
b1b2ea49: folds
76953a69: raises 400 to 800
Hero: folds
d76a4886: folds
d0e677d3: folds
Uncalled bet (400) returned to 76953a69
*** SHOWDOWN ***
76953a69 collected 1,480 from pot
*** SUMMARY ***
Total pot 1,480 | Rake 0 | Jackpot 0 | Bingo 0 | Fortune 0 | Tax 0
Seat 1: c238a66d folded before Flop
Seat 2: d54ed20c folded before Flop
Seat 3: b1b2ea49 folded before Flop
Seat 4: 76953a69 collected (1,480)
Seat 5: Hero (button) folded before Flop
Seat 6: d76a4886 (small blind) folded before Flop
Seat 7: d0e677d3 (big blind) folded before Flop
Seat 8: 112347de folded before Flop


Poker Hand #TM5638365159: Tournament #266338738, Bounty Hunters Deepstack Turbo $8.88 Hold'em No Limit - Level7(200/400(60)) - 2026/02/27 15:16:03
Table '7' 8-max Seat #4 is the button
Seat 1: c238a66d (23,857 in chips)
Seat 2: d54ed20c (21,318 in chips)
Seat 3: b1b2ea49 (43,440 in chips)
Seat 4: 76953a69 (38,350 in chips)
Seat 5: Hero (38,573 in chips)
Seat 6: d76a4886 (19,633 in chips)
Seat 7: d0e677d3 (62,803 in chips)
Seat 8: 112347de (37,763 in chips)
76953a69: posts the ante 60
Hero: posts the ante 60
112347de: posts the ante 60
b1b2ea49: posts the ante 60
d76a4886: posts the ante 60
c238a66d: posts the ante 60
d0e677d3: posts the ante 60
d54ed20c: posts the ante 60
Hero: posts small blind 200
d76a4886: posts big blind 400
*** HOLE CARDS ***
Dealt to c238a66d 
Dealt to d54ed20c 
Dealt to b1b2ea49 
Dealt to 76953a69 
Dealt to Hero [5h 2h]
Dealt to d76a4886 
Dealt to d0e677d3 
Dealt to 112347de 
d0e677d3: folds
112347de: raises 400 to 800
c238a66d: calls 800
d54ed20c: calls 800
b1b2ea49: folds
76953a69: folds
Hero: calls 600
d76a4886: calls 400
*** FLOP *** [Ah 7s Th]
Hero: checks
d76a4886: checks
112347de: checks
c238a66d: checks
d54ed20c: bets 800
Hero: calls 800
d76a4886: folds
112347de: calls 800
c238a66d: calls 800
*** TURN *** [Ah 7s Th] [Js]
Hero: checks
112347de: checks
c238a66d: checks
d54ed20c: checks
*** RIVER *** [Ah 7s Th Js] [Kc]
Hero: checks
112347de: checks
c238a66d: checks
d54ed20c: checks
Hero: shows [5h 2h] (Ace high)
112347de: shows [Ad Jc] (two pair, Aces and Jacks)
c238a66d: shows [8s As] (a pair of Aces)
d54ed20c: shows [9h 9c] (a pair of Nines)
*** SHOWDOWN ***
112347de collected 7,680 from pot
*** SUMMARY ***
Total pot 7,680 | Rake 0 | Jackpot 0 | Bingo 0 | Fortune 0 | Tax 0
Board [Ah 7s Th Js Kc]
Seat 1: c238a66d showed [8s As] and lost with a pair of Aces
Seat 2: d54ed20c showed [9h 9c] and lost with a pair of Nines
Seat 3: b1b2ea49 folded before Flop
Seat 4: 76953a69 (button) folded before Flop
Seat 5: Hero (small blind) showed [5h 2h] and lost with Ace high
Seat 6: d76a4886 (big blind) folded on the Flop
Seat 7: d0e677d3 folded before Flop
Seat 8: 112347de showed [Ad Jc] and won (7,680) with two pair, Aces and Jacks


Poker Hand #TM5638365154: Tournament #266338738, Bounty Hunters Deepstack Turbo $8.88 Hold'em No Limit - Level7(200/400(60)) - 2026/02/27 15:15:25
Table '7' 8-max Seat #3 is the button
Seat 1: c238a66d (23,917 in chips)
Seat 2: d54ed20c (21,378 in chips)
Seat 3: b1b2ea49 (43,500 in chips)
Seat 4: 76953a69 (38,610 in chips)
Seat 5: Hero (39,433 in chips)
Seat 6: d76a4886 (19,693 in chips)
Seat 7: d0e677d3 (62,863 in chips)
Seat 8: 112347de (36,343 in chips)
76953a69: posts the ante 60
Hero: posts the ante 60
112347de: posts the ante 60
b1b2ea49: posts the ante 60
d76a4886: posts the ante 60
c238a66d: posts the ante 60
d0e677d3: posts the ante 60
d54ed20c: posts the ante 60
76953a69: posts small blind 200
Hero: posts big blind 400
*** HOLE CARDS ***
Dealt to c238a66d 
Dealt to d54ed20c 
Dealt to b1b2ea49 
Dealt to 76953a69 
Dealt to Hero [8h 3h]
Dealt to d76a4886 
Dealt to d0e677d3 
Dealt to 112347de 
d76a4886: folds
d0e677d3: folds
112347de: raises 400 to 800
c238a66d: folds
d54ed20c: folds
b1b2ea49: folds
76953a69: folds
Hero: calls 400
*** FLOP *** [Ac 7c 7h]
Hero: checks
112347de: bets 1,710
Hero: folds
Uncalled bet (1,710) returned to 112347de
*** SHOWDOWN ***
112347de collected 2,280 from pot
*** SUMMARY ***
Total pot 2,280 | Rake 0 | Jackpot 0 | Bingo 0 | Fortune 0 | Tax 0
Board [Ac 7c 7h]
Seat 1: c238a66d folded before Flop
Seat 2: d54ed20c folded before Flop
Seat 3: b1b2ea49 (button) folded before Flop
Seat 4: 76953a69 (small blind) folded before Flop
Seat 5: Hero (big blind) folded on the Flop
Seat 6: d76a4886 folded before Flop
Seat 7: d0e677d3 folded before Flop
Seat 8: 112347de won (2,280)


Poker Hand #TM5638365134: Tournament #266338738, Bounty Hunters Deepstack Turbo $8.88 Hold'em No Limit - Level7(200/400(60)) - 2026/02/27 15:13:21
Table '7' 8-max Seat #2 is the button
Seat 1: c238a66d (23,977 in chips)
Seat 2: d54ed20c (21,438 in chips)
Seat 3: b1b2ea49 (43,760 in chips)
Seat 4: 76953a69 (18,625 in chips)
Seat 5: Hero (39,493 in chips)
Seat 6: d76a4886 (19,753 in chips)
Seat 7: d0e677d3 (81,488 in chips)
Seat 8: 112347de (37,203 in chips)
76953a69: posts the ante 60
Hero: posts the ante 60
112347de: posts the ante 60
b1b2ea49: posts the ante 60
d76a4886: posts the ante 60
c238a66d: posts the ante 60
d0e677d3: posts the ante 60
d54ed20c: posts the ante 60
b1b2ea49: posts small blind 200
76953a69: posts big blind 400
*** HOLE CARDS ***
Dealt to c238a66d 
Dealt to d54ed20c 
Dealt to b1b2ea49 
Dealt to 76953a69 
Dealt to Hero [9c Ts]
Dealt to d76a4886 
Dealt to d0e677d3 
Dealt to 112347de 
Hero: folds
d76a4886: folds
d0e677d3: raises 400 to 800
112347de: calls 800
c238a66d: folds
d54ed20c: folds
b1b2ea49: folds
76953a69: calls 400
*** FLOP *** [Kd Qs Qh]
76953a69: checks
d0e677d3: checks
112347de: checks
*** TURN *** [Kd Qs Qh] [Jd]
76953a69: checks
d0e677d3: bets 1,200
112347de: folds
76953a69: calls 1,200
*** RIVER *** [Kd Qs Qh Jd] [Tc]
76953a69: checks
d0e677d3: bets 2,740
76953a69: raises 13,825 to 16,565 and is all-in
d0e677d3: calls 13,825
76953a69: shows [Qc Jh] (a full house, Queens full of Jacks)
d0e677d3: shows [4d Ad] (a straight, Ace to Ten)
*** SHOWDOWN ***
76953a69 collected 38,610 from pot
*** SUMMARY ***
Total pot 38,610 | Rake 0 | Jackpot 0 | Bingo 0 | Fortune 0 | Tax 0
Board [Kd Qs Qh Jd Tc]
Seat 1: c238a66d folded before Flop
Seat 2: d54ed20c (button) folded before Flop
Seat 3: b1b2ea49 (small blind) folded before Flop
Seat 4: 76953a69 (big blind) showed [Qc Jh] and won (38,610) with a full house, Queens full of Jacks
Seat 5: Hero folded before Flop
Seat 6: d76a4886 folded before Flop
Seat 7: d0e677d3 showed [4d Ad] and lost with a straight, Ace to Ten
Seat 8: 112347de folded on the Turn


Poker Hand #TM5638365122: Tournament #266338738, Bounty Hunters Deepstack Turbo $8.88 Hold'em No Limit - Level7(200/400(60)) - 2026/02/27 15:12:24
Table '7' 8-max Seat #1 is the button
Seat 1: c238a66d (24,837 in chips)
Seat 2: d54ed20c (22,298 in chips)
Seat 3: b1b2ea49 (20,930 in chips)
Seat 4: 76953a69 (18,685 in chips)
Seat 5: Hero (60,423 in chips)
Seat 6: d76a4886 (19,813 in chips)
Seat 8: 112347de (37,263 in chips)
76953a69: posts the ante 60
Hero: posts the ante 60
112347de: posts the ante 60
b1b2ea49: posts the ante 60
d76a4886: posts the ante 60
c238a66d: posts the ante 60
d54ed20c: posts the ante 60
d54ed20c: posts small blind 200
b1b2ea49: posts big blind 400
*** HOLE CARDS ***
Dealt to c238a66d 
Dealt to d54ed20c 
Dealt to b1b2ea49 
Dealt to 76953a69 
Dealt to Hero [As Qs]
Dealt to d76a4886 
Dealt to 112347de 
76953a69: folds
Hero: raises 400 to 800
d76a4886: folds
112347de: folds
c238a66d: calls 800
d54ed20c: calls 600
b1b2ea49: raises 20,070 to 20,870 and is all-in
Hero: raises 20,070 to 40,940
c238a66d: folds
d54ed20c: folds
Uncalled bet (20,070) returned to Hero
Hero: shows [As Qs]
b1b2ea49: shows [Td Tc]
*** FLOP *** [2s 2h Kd]
*** TURN *** [2s 2h Kd] [7h]
*** RIVER *** [2s 2h Kd 7h] [6h]
*** SHOWDOWN ***
b1b2ea49 collected 43,760 from pot
*** SUMMARY ***
Total pot 43,760 | Rake 0 | Jackpot 0 | Bingo 0 | Fortune 0 | Tax 0
Board [2s 2h Kd 7h 6h]
Seat 1: c238a66d (button) folded before Flop
Seat 2: d54ed20c (small blind) folded before Flop
Seat 3: b1b2ea49 (big blind) showed [Td Tc] and won (43,760) with two pair, Tens and Twos
Seat 4: 76953a69 folded before Flop
Seat 5: Hero showed [As Qs] and lost with a pair of Twos
Seat 6: d76a4886 folded before Flop
Seat 8: 112347de folded before Flop


Poker Hand #TM5638365114: Tournament #266338738, Bounty Hunters Deepstack Turbo $8.88 Hold'em No Limit - Level7(200/400(60)) - 2026/02/27 15:11:40
Table '7' 8-max Seat #8 is the button
Seat 1: c238a66d (25,097 in chips)
Seat 2: d54ed20c (22,758 in chips)
Seat 3: b1b2ea49 (20,990 in chips)
Seat 4: 76953a69 (16,925 in chips)
Seat 5: Hero (60,483 in chips)
Seat 6: d76a4886 (19,873 in chips)
Seat 8: 112347de (38,123 in chips)
76953a69: posts the ante 60
Hero: posts the ante 60
112347de: posts the ante 60
b1b2ea49: posts the ante 60
d76a4886: posts the ante 60
c238a66d: posts the ante 60
d54ed20c: posts the ante 60
c238a66d: posts small blind 200
d54ed20c: posts big blind 400
*** HOLE CARDS ***
Dealt to c238a66d 
Dealt to d54ed20c 
Dealt to b1b2ea49 
Dealt to 76953a69 
Dealt to Hero [6c Ks]
Dealt to d76a4886 
Dealt to 112347de 
b1b2ea49: folds
76953a69: raises 400 to 800
Hero: folds
d76a4886: folds
112347de: calls 800
c238a66d: folds
d54ed20c: folds
*** FLOP *** [Jh Qs 9s]
76953a69: bets 865
112347de: folds
Uncalled bet (865) returned to 76953a69
*** SHOWDOWN ***
76953a69 collected 2,620 from pot
*** SUMMARY ***
Total pot 2,620 | Rake 0 | Jackpot 0 | Bingo 0 | Fortune 0 | Tax 0
Board [Jh Qs 9s]
Seat 1: c238a66d (small blind) folded before Flop
Seat 2: d54ed20c (big blind) folded before Flop
Seat 3: b1b2ea49 folded before Flop
Seat 4: 76953a69 won (2,620)
Seat 5: Hero folded before Flop
Seat 6: d76a4886 folded before Flop
Seat 8: 112347de (button) folded on the Flop


Poker Hand #TM5638365108: Tournament #266338738, Bounty Hunters Deepstack Turbo $8.88 Hold'em No Limit - Level7(200/400(60)) - 2026/02/27 15:10:52
Table '7' 8-max Seat #7 is the button
Seat 1: c238a66d (25,557 in chips)
Seat 2: d54ed20c (22,818 in chips)
Seat 3: b1b2ea49 (21,050 in chips)
Seat 4: 76953a69 (16,985 in chips)
Seat 5: Hero (45,745 in chips)
Seat 6: d76a4886 (19,933 in chips)
Seat 7: 6a83413b (13,778 in chips)
Seat 8: 112347de (38,383 in chips)
76953a69: posts the ante 60
6a83413b: posts the ante 60
Hero: posts the ante 60
112347de: posts the ante 60
b1b2ea49: posts the ante 60
d76a4886: posts the ante 60
c238a66d: posts the ante 60
d54ed20c: posts the ante 60
112347de: posts small blind 200
c238a66d: posts big blind 400
*** HOLE CARDS ***
Dealt to c238a66d 
Dealt to d54ed20c 
Dealt to b1b2ea49 
Dealt to 76953a69 
Dealt to Hero [2h Kh]
Dealt to d76a4886 
Dealt to 6a83413b 
Dealt to 112347de 
d54ed20c: folds
b1b2ea49: folds
76953a69: folds
Hero: raises 400 to 800
d76a4886: folds
6a83413b: calls 800
112347de: folds
c238a66d: folds
*** FLOP *** [Ah Js Qh]
Hero: bets 885
6a83413b: calls 885
*** TURN *** [Ah Js Qh] [6s]
Hero: bets 2,625
6a83413b: calls 2,625
*** RIVER *** [Ah Js Qh 6s] [7h]
Hero: bets 9,700
6a83413b: calls 9,408 and is all-in
Uncalled bet (292) returned to Hero
Hero: shows [2h Kh] (a flush Ace high)
6a83413b: shows [Jd 7d] (two pair, Jacks and Sevens)
*** SHOWDOWN ***
Hero collected 28,516 from pot
*** SUMMARY ***
Total pot 28,516 | Rake 0 | Jackpot 0 | Bingo 0 | Fortune 0 | Tax 0
Board [Ah Js Qh 6s 7h]
Seat 1: c238a66d (big blind) folded before Flop
Seat 2: d54ed20c folded before Flop
Seat 3: b1b2ea49 folded before Flop
Seat 4: 76953a69 folded before Flop
Seat 5: Hero showed [2h Kh] and won (28,516) with a flush Ace high
Seat 6: d76a4886 folded before Flop
Seat 7: 6a83413b (button) showed [Jd 7d] and lost with two pair, Jacks and Sevens
Seat 8: 112347de (small blind) folded before Flop


Poker Hand #TM5638365094: Tournament #266338738, Bounty Hunters Deepstack Turbo $8.88 Hold'em No Limit - Level6(150/300(45)) - 2026/02/27 15:09:53
Table '7' 8-max Seat #6 is the button
Seat 1: c238a66d (16,925 in chips)
Seat 2: d54ed20c (22,863 in chips)
Seat 3: b1b2ea49 (21,095 in chips)
Seat 4: 76953a69 (18,635 in chips)
Seat 5: Hero (45,790 in chips)
Seat 6: d76a4886 (19,978 in chips)
Seat 7: 6a83413b (20,235 in chips)
Seat 8: 112347de (38,728 in chips)
76953a69: posts the ante 45
6a83413b: posts the ante 45
Hero: posts the ante 45
112347de: posts the ante 45
b1b2ea49: posts the ante 45
d76a4886: posts the ante 45
c238a66d: posts the ante 45
d54ed20c: posts the ante 45
6a83413b: posts small blind 150
112347de: posts big blind 300
*** HOLE CARDS ***
Dealt to c238a66d 
Dealt to d54ed20c 
Dealt to b1b2ea49 
Dealt to 76953a69 
Dealt to Hero [6h Qd]
Dealt to d76a4886 
Dealt to 6a83413b 
Dealt to 112347de 
c238a66d: raises 300 to 600
d54ed20c: folds
b1b2ea49: folds
76953a69: raises 1,005 to 1,605
Hero: folds
d76a4886: folds
6a83413b: calls 1,455
112347de: folds
c238a66d: calls 1,005
*** FLOP *** [8h 7h 9s]
6a83413b: bets 1,807
c238a66d: raises 3,000 to 4,807
76953a69: folds
6a83413b: calls 3,000
*** TURN *** [8h 7h 9s] [3h]
6a83413b: checks
c238a66d: bets 10,468 and is all-in
6a83413b: folds
Uncalled bet (10,468) returned to c238a66d
*** SHOWDOWN ***
c238a66d collected 15,089 from pot
*** SUMMARY ***
Total pot 15,089 | Rake 0 | Jackpot 0 | Bingo 0 | Fortune 0 | Tax 0
Board [8h 7h 9s 3h]
Seat 1: c238a66d won (15,089)
Seat 2: d54ed20c folded before Flop
Seat 3: b1b2ea49 folded before Flop
Seat 4: 76953a69 folded on the Flop
Seat 5: Hero folded before Flop
Seat 6: d76a4886 (button) folded before Flop
Seat 7: 6a83413b (small blind) folded on the Turn
Seat 8: 112347de (big blind) folded before Flop


Poker Hand #TM5638365091: Tournament #266338738, Bounty Hunters Deepstack Turbo $8.88 Hold'em No Limit - Level6(150/300(45)) - 2026/02/27 15:09:19
Table '7' 8-max Seat #5 is the button
Seat 1: c238a66d (16,970 in chips)
Seat 2: d54ed20c (22,908 in chips)
Seat 3: b1b2ea49 (21,140 in chips)
Seat 4: 76953a69 (18,680 in chips)
Seat 5: Hero (44,725 in chips)
Seat 6: d76a4886 (20,173 in chips)
Seat 7: 6a83413b (20,880 in chips)
Seat 8: 112347de (38,773 in chips)
76953a69: posts the ante 45
6a83413b: posts the ante 45
Hero: posts the ante 45
112347de: posts the ante 45
b1b2ea49: posts the ante 45
d76a4886: posts the ante 45
c238a66d: posts the ante 45
d54ed20c: posts the ante 45
d76a4886: posts small blind 150
6a83413b: posts big blind 300
*** HOLE CARDS ***
Dealt to c238a66d 
Dealt to d54ed20c 
Dealt to b1b2ea49 
Dealt to 76953a69 
Dealt to Hero [8s 8c]
Dealt to d76a4886 
Dealt to 6a83413b 
Dealt to 112347de 
112347de: folds
c238a66d: folds
d54ed20c: folds
b1b2ea49: folds
76953a69: folds
Hero: raises 300 to 600
d76a4886: folds
6a83413b: calls 300
*** FLOP *** [5h Kc Kd]
6a83413b: checks
Hero: bets 565
6a83413b: folds
Uncalled bet (565) returned to Hero
*** SHOWDOWN ***
Hero collected 1,710 from pot
*** SUMMARY ***
Total pot 1,710 | Rake 0 | Jackpot 0 | Bingo 0 | Fortune 0 | Tax 0
Board [5h Kc Kd]
Seat 1: c238a66d folded before Flop
Seat 2: d54ed20c folded before Flop
Seat 3: b1b2ea49 folded before Flop
Seat 4: 76953a69 folded before Flop
Seat 5: Hero (button) won (1,710)
Seat 6: d76a4886 (small blind) folded before Flop
Seat 7: 6a83413b (big blind) folded on the Flop
Seat 8: 112347de folded before Flop


Poker Hand #TM5638365080: Tournament #266338738, Bounty Hunters Deepstack Turbo $8.88 Hold'em No Limit - Level6(150/300(45)) - 2026/02/27 15:08:36
Table '7' 8-max Seat #4 is the button
Seat 1: c238a66d (17,015 in chips)
Seat 2: d54ed20c (22,953 in chips)
Seat 3: b1b2ea49 (21,185 in chips)
Seat 4: 76953a69 (19,325 in chips)
Seat 5: Hero (44,920 in chips)
Seat 6: d76a4886 (18,808 in chips)
Seat 7: 6a83413b (21,225 in chips)
Seat 8: 112347de (38,818 in chips)
76953a69: posts the ante 45
6a83413b: posts the ante 45
Hero: posts the ante 45
112347de: posts the ante 45
b1b2ea49: posts the ante 45
d76a4886: posts the ante 45
c238a66d: posts the ante 45
d54ed20c: posts the ante 45
Hero: posts small blind 150
d76a4886: posts big blind 300
*** HOLE CARDS ***
Dealt to c238a66d 
Dealt to d54ed20c 
Dealt to b1b2ea49 
Dealt to 76953a69 
Dealt to Hero [6s Th]
Dealt to d76a4886 
Dealt to 6a83413b 
Dealt to 112347de 
6a83413b: calls 300
112347de: folds
c238a66d: folds
d54ed20c: folds
b1b2ea49: folds
76953a69: raises 300 to 600
Hero: folds
d76a4886: raises 2,040 to 2,640
6a83413b: folds
76953a69: folds
Uncalled bet (2,040) returned to d76a4886
*** SHOWDOWN ***
d76a4886 collected 2,010 from pot
*** SUMMARY ***
Total pot 2,010 | Rake 0 | Jackpot 0 | Bingo 0 | Fortune 0 | Tax 0
Seat 1: c238a66d folded before Flop
Seat 2: d54ed20c folded before Flop
Seat 3: b1b2ea49 folded before Flop
Seat 4: 76953a69 (button) folded before Flop
Seat 5: Hero (small blind) folded before Flop
Seat 6: d76a4886 (big blind) collected (2,010)
Seat 7: 6a83413b folded before Flop
Seat 8: 112347de folded before Flop


Poker Hand #TM5638365073: Tournament #266338738, Bounty Hunters Deepstack Turbo $8.88 Hold'em No Limit - Level6(150/300(45)) - 2026/02/27 15:08:00
Table '7' 8-max Seat #3 is the button
Seat 1: c238a66d (17,060 in chips)
Seat 2: d54ed20c (22,188 in chips)
Seat 3: b1b2ea49 (21,230 in chips)
Seat 4: 76953a69 (19,520 in chips)
Seat 5: Hero (45,265 in chips)
Seat 6: d76a4886 (18,853 in chips)
Seat 7: 6a83413b (21,270 in chips)
Seat 8: 112347de (38,863 in chips)
76953a69: posts the ante 45
6a83413b: posts the ante 45
Hero: posts the ante 45
112347de: posts the ante 45
b1b2ea49: posts the ante 45
d76a4886: posts the ante 45
c238a66d: posts the ante 45
d54ed20c: posts the ante 45
76953a69: posts small blind 150
Hero: posts big blind 300
*** HOLE CARDS ***
Dealt to c238a66d 
Dealt to d54ed20c 
Dealt to b1b2ea49 
Dealt to 76953a69 
Dealt to Hero [9h 3d]
Dealt to d76a4886 
Dealt to 6a83413b 
Dealt to 112347de 
d76a4886: folds
6a83413b: folds
112347de: folds
c238a66d: folds
d54ed20c: raises 360 to 660
b1b2ea49: folds
76953a69: folds
Hero: folds
Uncalled bet (360) returned to d54ed20c
*** SHOWDOWN ***
d54ed20c collected 1,110 from pot
*** SUMMARY ***
Total pot 1,110 | Rake 0 | Jackpot 0 | Bingo 0 | Fortune 0 | Tax 0
Seat 1: c238a66d folded before Flop
Seat 2: d54ed20c collected (1,110)
Seat 3: b1b2ea49 (button) folded before Flop
Seat 4: 76953a69 (small blind) folded before Flop
Seat 5: Hero (big blind) folded before Flop
Seat 6: d76a4886 folded before Flop
Seat 7: 6a83413b folded before Flop
Seat 8: 112347de folded before Flop


Poker Hand #TM5638365061: Tournament #266338738, Bounty Hunters Deepstack Turbo $8.88 Hold'em No Limit - Level6(150/300(45)) - 2026/02/27 15:06:55
Table '7' 8-max Seat #2 is the button
Seat 1: c238a66d (17,105 in chips)
Seat 2: d54ed20c (23,283 in chips)
Seat 3: b1b2ea49 (19,265 in chips)
Seat 4: 76953a69 (19,865 in chips)
Seat 5: Hero (45,310 in chips)
Seat 6: d76a4886 (18,898 in chips)
Seat 7: 6a83413b (21,615 in chips)
Seat 8: 112347de (38,908 in chips)
76953a69: posts the ante 45
6a83413b: posts the ante 45
Hero: posts the ante 45
112347de: posts the ante 45
b1b2ea49: posts the ante 45
d76a4886: posts the ante 45
c238a66d: posts the ante 45
d54ed20c: posts the ante 45
b1b2ea49: posts small blind 150
76953a69: posts big blind 300
*** HOLE CARDS ***
Dealt to c238a66d 
Dealt to d54ed20c 
Dealt to b1b2ea49 
Dealt to 76953a69 
Dealt to Hero [8h Qd]
Dealt to d76a4886 
Dealt to 6a83413b 
Dealt to 112347de 
Hero: folds
d76a4886: folds
6a83413b: calls 300
112347de: folds
c238a66d: folds
d54ed20c: raises 750 to 1,050
b1b2ea49: raises 2,550 to 3,600
76953a69: folds
6a83413b: folds
d54ed20c: folds
Uncalled bet (2,550) returned to b1b2ea49
*** SHOWDOWN ***
b1b2ea49 collected 3,060 from pot
*** SUMMARY ***
Total pot 3,060 | Rake 0 | Jackpot 0 | Bingo 0 | Fortune 0 | Tax 0
Seat 1: c238a66d folded before Flop
Seat 2: d54ed20c (button) folded before Flop
Seat 3: b1b2ea49 (small blind) collected (3,060)
Seat 4: 76953a69 (big blind) folded before Flop
Seat 5: Hero folded before Flop
Seat 6: d76a4886 folded before Flop
Seat 7: 6a83413b folded before Flop
Seat 8: 112347de folded before Flop


Poker Hand #TM5638365042: Tournament #266338738, Bounty Hunters Deepstack Turbo $8.88 Hold'em No Limit - Level6(150/300(45)) - 2026/02/27 15:05:12
Table '7' 8-max Seat #1 is the button
Seat 1: c238a66d (16,040 in chips)
Seat 2: d54ed20c (23,478 in chips)
Seat 3: b1b2ea49 (19,910 in chips)
Seat 4: 76953a69 (19,910 in chips)
Seat 5: Hero (45,355 in chips)
Seat 6: d76a4886 (18,943 in chips)
Seat 7: 6a83413b (21,660 in chips)
Seat 8: 112347de (38,953 in chips)
76953a69: posts the ante 45
6a83413b: posts the ante 45
Hero: posts the ante 45
112347de: posts the ante 45
b1b2ea49: posts the ante 45
d76a4886: posts the ante 45
c238a66d: posts the ante 45
d54ed20c: posts the ante 45
d54ed20c: posts small blind 150
b1b2ea49: posts big blind 300
*** HOLE CARDS ***
Dealt to c238a66d 
Dealt to d54ed20c 
Dealt to b1b2ea49 
Dealt to 76953a69 
Dealt to Hero [8c Ah]
Dealt to d76a4886 
Dealt to 6a83413b 
Dealt to 112347de 
76953a69: folds
Hero: folds
d76a4886: folds
6a83413b: folds
112347de: folds
c238a66d: raises 300 to 600
d54ed20c: folds
b1b2ea49: calls 300
*** FLOP *** [6s 9d 4s]
b1b2ea49: checks
c238a66d: checks
*** TURN *** [6s 9d 4s] [2h]
b1b2ea49: checks
c238a66d: bets 1,283
b1b2ea49: folds
Uncalled bet (1,283) returned to c238a66d
*** SHOWDOWN ***
c238a66d collected 1,710 from pot
*** SUMMARY ***
Total pot 1,710 | Rake 0 | Jackpot 0 | Bingo 0 | Fortune 0 | Tax 0
Board [6s 9d 4s 2h]
Seat 1: c238a66d (button) won (1,710)
Seat 2: d54ed20c (small blind) folded before Flop
Seat 3: b1b2ea49 (big blind) folded on the Turn
Seat 4: 76953a69 folded before Flop
Seat 5: Hero folded before Flop
Seat 6: d76a4886 folded before Flop
Seat 7: 6a83413b folded before Flop
Seat 8: 112347de folded before Flop


Poker Hand #TM5638365028: Tournament #266338738, Bounty Hunters Deepstack Turbo $8.88 Hold'em No Limit - Level6(150/300(45)) - 2026/02/27 15:03:57
Table '7' 8-max Seat #8 is the button
Seat 1: c238a66d (16,385 in chips)
Seat 2: d54ed20c (23,823 in chips)
Seat 3: b1b2ea49 (19,955 in chips)
Seat 4: 76953a69 (19,955 in chips)
Seat 5: Hero (45,400 in chips)
Seat 6: d76a4886 (18,988 in chips)
Seat 7: 6a83413b (22,785 in chips)
Seat 8: 112347de (36,958 in chips)
76953a69: posts the ante 45
6a83413b: posts the ante 45
Hero: posts the ante 45
112347de: posts the ante 45
b1b2ea49: posts the ante 45
d76a4886: posts the ante 45
c238a66d: posts the ante 45
d54ed20c: posts the ante 45
c238a66d: posts small blind 150
d54ed20c: posts big blind 300
*** HOLE CARDS ***
Dealt to c238a66d 
Dealt to d54ed20c 
Dealt to b1b2ea49 
Dealt to 76953a69 
Dealt to Hero [3d 4d]
Dealt to d76a4886 
Dealt to 6a83413b 
Dealt to 112347de 
b1b2ea49: folds
76953a69: folds
Hero: folds
d76a4886: folds
6a83413b: calls 300
112347de: calls 300
c238a66d: calls 150
d54ed20c: checks
*** FLOP *** [7d 9c Qs]
c238a66d: checks
d54ed20c: checks
6a83413b: checks
112347de: checks
*** TURN *** [7d 9c Qs] [5d]
c238a66d: checks
d54ed20c: checks
6a83413b: checks
112347de: bets 780
c238a66d: folds
d54ed20c: folds
6a83413b: calls 780
*** RIVER *** [7d 9c Qs 5d] [7c]
6a83413b: checks
112347de: checks
6a83413b: shows [6d Jd] (a pair of Sevens)
112347de: shows [9h Jh] (two pair, Nines and Sevens)
*** SHOWDOWN ***
112347de collected 3,120 from pot
*** SUMMARY ***
Total pot 3,120 | Rake 0 | Jackpot 0 | Bingo 0 | Fortune 0 | Tax 0
Board [7d 9c Qs 5d 7c]
Seat 1: c238a66d (small blind) folded on the Turn
Seat 2: d54ed20c (big blind) folded on the Turn
Seat 3: b1b2ea49 folded before Flop
Seat 4: 76953a69 folded before Flop
Seat 5: Hero folded before Flop
Seat 6: d76a4886 folded before Flop
Seat 7: 6a83413b showed [6d Jd] and lost with a pair of Sevens
Seat 8: 112347de (button) showed [9h Jh] and won (3,120) with two pair, Nines and Sevens


Poker Hand #TM5638365017: Tournament #266338738, Bounty Hunters Deepstack Turbo $8.88 Hold'em No Limit - Level6(150/300(45)) - 2026/02/27 15:02:44
Table '7' 8-max Seat #7 is the button
Seat 1: c238a66d (20,480 in chips)
Seat 2: d54ed20c (18,138 in chips)
Seat 3: b1b2ea49 (20,000 in chips)
Seat 4: 76953a69 (20,000 in chips)
Seat 5: Hero (45,445 in chips)
Seat 6: d76a4886 (19,033 in chips)
Seat 7: 6a83413b (23,490 in chips)
Seat 8: 112347de (37,663 in chips)
76953a69: posts the ante 45
6a83413b: posts the ante 45
Hero: posts the ante 45
112347de: posts the ante 45
b1b2ea49: posts the ante 45
d76a4886: posts the ante 45
c238a66d: posts the ante 45
d54ed20c: posts the ante 45
112347de: posts small blind 150
c238a66d: posts big blind 300
*** HOLE CARDS ***
Dealt to c238a66d 
Dealt to d54ed20c 
Dealt to b1b2ea49 
Dealt to 76953a69 
Dealt to Hero [3c Tc]
Dealt to d76a4886 
Dealt to 6a83413b 
Dealt to 112347de 
d54ed20c: raises 360 to 660
b1b2ea49: folds
76953a69: folds
Hero: folds
d76a4886: folds
6a83413b: calls 660
112347de: calls 510
c238a66d: calls 360
*** FLOP *** [8h 8d Qh]
112347de: checks
c238a66d: checks
d54ed20c: checks
6a83413b: checks
*** TURN *** [8h 8d Qh] [2c]
112347de: checks
c238a66d: bets 990
d54ed20c: calls 990
6a83413b: folds
112347de: folds
*** RIVER *** [8h 8d Qh 2c] [3s]
c238a66d: checks
d54ed20c: bets 2,400
c238a66d: calls 2,400
d54ed20c: shows [Ah Qs] (two pair, Queens and Eights)
c238a66d: shows [2d Qd] (two pair, Queens and Eights)
*** SHOWDOWN ***
d54ed20c collected 9,780 from pot
*** SUMMARY ***
Total pot 9,780 | Rake 0 | Jackpot 0 | Bingo 0 | Fortune 0 | Tax 0
Board [8h 8d Qh 2c 3s]
Seat 1: c238a66d (big blind) showed [2d Qd] and lost with two pair, Queens and Eights
Seat 2: d54ed20c showed [Ah Qs] and won (9,780) with two pair, Queens and Eights
Seat 3: b1b2ea49 folded before Flop
Seat 4: 76953a69 folded before Flop
Seat 5: Hero folded before Flop
Seat 6: d76a4886 folded before Flop
Seat 7: 6a83413b (button) folded on the Turn
Seat 8: 112347de (small blind) folded on the Turn


Poker Hand #TM5638364993: Tournament #266338738, Bounty Hunters Deepstack Turbo $8.88 Hold'em No Limit - Level5(125/250(35)) - 2026/02/27 14:54:15
Table '7' 8-max Seat #6 is the button
Seat 1: c238a66d (20,515 in chips)
Seat 2: d54ed20c (17,003 in chips)
Seat 3: 23fd8493 (10,553 in chips)
Seat 5: Hero (45,480 in chips)
Seat 6: d76a4886 (19,618 in chips)
Seat 7: 6a83413b (23,650 in chips)
Seat 8: 112347de (37,948 in chips)
23fd8493: posts the ante 35
6a83413b: posts the ante 35
Hero: posts the ante 35
112347de: posts the ante 35
d76a4886: posts the ante 35
c238a66d: posts the ante 35
d54ed20c: posts the ante 35
6a83413b: posts small blind 125
112347de: posts big blind 250
*** HOLE CARDS ***
Dealt to c238a66d 
Dealt to d54ed20c 
Dealt to 23fd8493 
Dealt to Hero [Kc 3d]
Dealt to d76a4886 
Dealt to 6a83413b 
Dealt to 112347de 
c238a66d: folds
d54ed20c: raises 300 to 550
23fd8493: folds
Hero: folds
d76a4886: calls 550
6a83413b: folds
112347de: folds
*** FLOP *** [4d Qs Ts]
d54ed20c: checks
d76a4886: checks
*** TURN *** [4d Qs Ts] [7h]
d54ed20c: bets 947
d76a4886: folds
Uncalled bet (947) returned to d54ed20c
*** SHOWDOWN ***
d54ed20c collected 1,720 from pot
*** SUMMARY ***
Total pot 1,720 | Rake 0 | Jackpot 0 | Bingo 0 | Fortune 0 | Tax 0
Board [4d Qs Ts 7h]
Seat 1: c238a66d folded before Flop
Seat 2: d54ed20c won (1,720)
Seat 3: 23fd8493 folded before Flop
Seat 5: Hero folded before Flop
Seat 6: d76a4886 (button) folded on the Turn
Seat 7: 6a83413b (small blind) folded before Flop
Seat 8: 112347de (big blind) folded before Flop


Poker Hand #TM5638364988: Tournament #266338738, Bounty Hunters Deepstack Turbo $8.88 Hold'em No Limit - Level5(125/250(35)) - 2026/02/27 14:53:46
Table '7' 8-max Seat #5 is the button
Seat 1: c238a66d (19,930 in chips)
Seat 2: d54ed20c (17,038 in chips)
Seat 3: 23fd8493 (10,588 in chips)
Seat 5: Hero (45,515 in chips)
Seat 6: d76a4886 (19,778 in chips)
Seat 7: 6a83413b (23,935 in chips)
Seat 8: 112347de (37,983 in chips)
23fd8493: posts the ante 35
6a83413b: posts the ante 35
Hero: posts the ante 35
112347de: posts the ante 35
d76a4886: posts the ante 35
c238a66d: posts the ante 35
d54ed20c: posts the ante 35
d76a4886: posts small blind 125
6a83413b: posts big blind 250
*** HOLE CARDS ***
Dealt to c238a66d 
Dealt to d54ed20c 
Dealt to 23fd8493 
Dealt to Hero [7h 3s]
Dealt to d76a4886 
Dealt to 6a83413b 
Dealt to 112347de 
112347de: folds
c238a66d: raises 250 to 500
d54ed20c: folds
23fd8493: folds
Hero: folds
d76a4886: folds
6a83413b: folds
Uncalled bet (250) returned to c238a66d
*** SHOWDOWN ***
c238a66d collected 870 from pot
*** SUMMARY ***
Total pot 870 | Rake 0 | Jackpot 0 | Bingo 0 | Fortune 0 | Tax 0
Seat 1: c238a66d collected (870)
Seat 2: d54ed20c folded before Flop
Seat 3: 23fd8493 folded before Flop
Seat 5: Hero (button) folded before Flop
Seat 6: d76a4886 (small blind) folded before Flop
Seat 7: 6a83413b (big blind) folded before Flop
Seat 8: 112347de folded before Flop


Poker Hand #TM5638364980: Tournament #266338738, Bounty Hunters Deepstack Turbo $8.88 Hold'em No Limit - Level5(125/250(35)) - 2026/02/27 14:52:38
Table '7' 8-max Seat #3 is the button
Seat 1: c238a66d (19,965 in chips)
Seat 2: d54ed20c (17,073 in chips)
Seat 3: 23fd8493 (11,123 in chips)
Seat 4: 7bd94f9c (20,277 in chips)
Seat 5: Hero (24,028 in chips)
Seat 6: d76a4886 (19,813 in chips)
Seat 7: 6a83413b (23,970 in chips)
Seat 8: 112347de (38,518 in chips)
7bd94f9c: posts the ante 35
23fd8493: posts the ante 35
6a83413b: posts the ante 35
Hero: posts the ante 35
112347de: posts the ante 35
d76a4886: posts the ante 35
c238a66d: posts the ante 35
d54ed20c: posts the ante 35
7bd94f9c: posts small blind 125
Hero: posts big blind 250
*** HOLE CARDS ***
Dealt to c238a66d 
Dealt to d54ed20c 
Dealt to 23fd8493 
Dealt to 7bd94f9c 
Dealt to Hero [Ac As]
Dealt to d76a4886 
Dealt to 6a83413b 
Dealt to 112347de 
d76a4886: folds
6a83413b: folds
112347de: raises 250 to 500
c238a66d: folds
d54ed20c: folds
23fd8493: calls 500
7bd94f9c: raises 2,500 to 3,000
Hero: raises 4,640 to 7,640
112347de: folds
23fd8493: folds
7bd94f9c: raises 12,602 to 20,242 and is all-in
Hero: calls 12,602
7bd94f9c: shows [Qd Qs]
Hero: shows [Ac As]
*** FLOP *** [3c 3s 3h]
*** TURN *** [3c 3s 3h] [Kh]
*** RIVER *** [3c 3s 3h Kh] [7s]
112347de: shows [Tc Td] (a full house, Threes full of Tens)
c238a66d: shows [3d] (four of a kind, Threes)
*** SHOWDOWN ***
Hero collected 41,764 from pot
*** SUMMARY ***
Total pot 41,764 | Rake 0 | Jackpot 0 | Bingo 0 | Fortune 0 | Tax 0
Board [3c 3s 3h Kh 7s]
Seat 1: c238a66d folded before Flop
Seat 2: d54ed20c folded before Flop
Seat 3: 23fd8493 (button) folded before Flop
Seat 4: 7bd94f9c (small blind) showed [Qd Qs] and lost with a full house, Threes full of Queens
Seat 5: Hero (big blind) showed [Ac As] and won (41,764) with a full house, Threes full of Aces
Seat 6: d76a4886 folded before Flop
Seat 7: 6a83413b folded before Flop
Seat 8: 112347de folded before Flop


Poker Hand #TM5638364968: Tournament #266338738, Bounty Hunters Deepstack Turbo $8.88 Hold'em No Limit - Level5(125/250(35)) - 2026/02/27 14:51:29
Table '7' 8-max Seat #2 is the button
Seat 1: c238a66d (20,000 in chips)
Seat 2: d54ed20c (17,108 in chips)
Seat 3: 23fd8493 (11,283 in chips)
Seat 4: 7bd94f9c (20,562 in chips)
Seat 5: Hero (24,063 in chips)
Seat 6: d76a4886 (19,193 in chips)
Seat 7: 6a83413b (24,005 in chips)
Seat 8: 112347de (38,553 in chips)
7bd94f9c: posts the ante 35
6a83413b: posts the ante 35
23fd8493: posts the ante 35
Hero: posts the ante 35
112347de: posts the ante 35
d76a4886: posts the ante 35
c238a66d: posts the ante 35
d54ed20c: posts the ante 35
23fd8493: posts small blind 125
7bd94f9c: posts big blind 250
*** HOLE CARDS ***
Dealt to c238a66d 
Dealt to d54ed20c 
Dealt to 23fd8493 
Dealt to 7bd94f9c 
Dealt to Hero [6h 3c]
Dealt to d76a4886 
Dealt to 6a83413b 
Dealt to 112347de 
Hero: folds
d76a4886: raises 300 to 550
6a83413b: folds
112347de: folds
c238a66d: folds
d54ed20c: folds
23fd8493: folds
7bd94f9c: folds
Uncalled bet (300) returned to d76a4886
*** SHOWDOWN ***
d76a4886 collected 905 from pot
*** SUMMARY ***
Total pot 905 | Rake 0 | Jackpot 0 | Bingo 0 | Fortune 0 | Tax 0
Seat 1: c238a66d folded before Flop
Seat 2: d54ed20c (button) folded before Flop
Seat 3: 23fd8493 (small blind) folded before Flop
Seat 4: 7bd94f9c (big blind) folded before Flop
Seat 5: Hero folded before Flop
Seat 6: d76a4886 collected (905)
Seat 7: 6a83413b folded before Flop
Seat 8: 112347de folded before Flop


Poker Hand #TM5638364954: Tournament #266338738, Bounty Hunters Deepstack Turbo $8.88 Hold'em No Limit - Level5(125/250(35)) - 2026/02/27 14:50:12
Table '7' 8-max Seat #8 is the button
Seat 2: d54ed20c (17,268 in chips)
Seat 3: 23fd8493 (12,251 in chips)
Seat 4: 7bd94f9c (20,597 in chips)
Seat 5: Hero (24,098 in chips)
Seat 6: d76a4886 (17,925 in chips)
Seat 7: 6a83413b (24,040 in chips)
Seat 8: 112347de (38,588 in chips)
7bd94f9c: posts the ante 35
6a83413b: posts the ante 35
23fd8493: posts the ante 35
Hero: posts the ante 35
112347de: posts the ante 35
d76a4886: posts the ante 35
d54ed20c: posts the ante 35
d54ed20c: posts small blind 125
23fd8493: posts big blind 250
*** HOLE CARDS ***
Dealt to d54ed20c 
Dealt to 23fd8493 
Dealt to 7bd94f9c 
Dealt to Hero [2h Ks]
Dealt to d76a4886 
Dealt to 6a83413b 
Dealt to 112347de 
7bd94f9c: folds
Hero: folds
d76a4886: raises 300 to 550
6a83413b: folds
112347de: folds
d54ed20c: folds
23fd8493: calls 300
*** FLOP *** [Td 6h Th]
23fd8493: checks
d76a4886: checks
*** TURN *** [Td 6h Th] [Ac]
23fd8493: checks
d76a4886: bets 383
23fd8493: calls 383
*** RIVER *** [Td 6h Th Ac] [7h]
23fd8493: checks
d76a4886: bets 1,208
23fd8493: folds
Uncalled bet (1,208) returned to d76a4886
*** SHOWDOWN ***
d76a4886 collected 2,236 from pot
*** SUMMARY ***
Total pot 2,236 | Rake 0 | Jackpot 0 | Bingo 0 | Fortune 0 | Tax 0
Board [Td 6h Th Ac 7h]
Seat 2: d54ed20c (small blind) folded before Flop
Seat 3: 23fd8493 (big blind) folded on the River
Seat 4: 7bd94f9c folded before Flop
Seat 5: Hero folded before Flop
Seat 6: d76a4886 won (2,236)
Seat 7: 6a83413b folded before Flop
Seat 8: 112347de (button) folded before Flop


Poker Hand #TM5638364951: Tournament #266338738, Bounty Hunters Deepstack Turbo $8.88 Hold'em No Limit - Level5(125/250(35)) - 2026/02/27 14:49:45
Table '7' 8-max Seat #7 is the button
Seat 2: d54ed20c (17,553 in chips)
Seat 3: 23fd8493 (11,666 in chips)
Seat 4: 7bd94f9c (20,632 in chips)
Seat 5: Hero (24,133 in chips)
Seat 6: d76a4886 (17,960 in chips)
Seat 7: 6a83413b (24,075 in chips)
Seat 8: 112347de (38,748 in chips)
7bd94f9c: posts the ante 35
6a83413b: posts the ante 35
23fd8493: posts the ante 35
Hero: posts the ante 35
112347de: posts the ante 35
d76a4886: posts the ante 35
d54ed20c: posts the ante 35
112347de: posts small blind 125
d54ed20c: posts big blind 250
*** HOLE CARDS ***
Dealt to d54ed20c 
Dealt to 23fd8493 
Dealt to 7bd94f9c 
Dealt to Hero [8c Th]
Dealt to d76a4886 
Dealt to 6a83413b 
Dealt to 112347de 
23fd8493: raises 375 to 625
7bd94f9c: folds
Hero: folds
d76a4886: folds
6a83413b: folds
112347de: folds
d54ed20c: folds
Uncalled bet (375) returned to 23fd8493
*** SHOWDOWN ***
23fd8493 collected 870 from pot
*** SUMMARY ***
Total pot 870 | Rake 0 | Jackpot 0 | Bingo 0 | Fortune 0 | Tax 0
Seat 2: d54ed20c (big blind) folded before Flop
Seat 3: 23fd8493 collected (870)
Seat 4: 7bd94f9c folded before Flop
Seat 5: Hero folded before Flop
Seat 6: d76a4886 folded before Flop
Seat 7: 6a83413b (button) folded before Flop
Seat 8: 112347de (small blind) folded before Flop


Poker Hand #TM5638364943: Tournament #266338738, Bounty Hunters Deepstack Turbo $8.88 Hold'em No Limit - Level5(125/250(35)) - 2026/02/27 14:49:04
Table '7' 8-max Seat #6 is the button
Seat 1: f89f3127 (17,827 in chips)
Seat 2: d54ed20c (17,588 in chips)
Seat 3: 23fd8493 (11,701 in chips)
Seat 4: 7bd94f9c (20,667 in chips)
Seat 5: Hero (24,168 in chips)
Seat 6: d76a4886 (17,995 in chips)
Seat 7: 6a83413b (21,045 in chips)
Seat 8: 112347de (41,568 in chips)
7bd94f9c: posts the ante 35
23fd8493: posts the ante 35
6a83413b: posts the ante 35
Hero: posts the ante 35
112347de: posts the ante 35
f89f3127: posts the ante 35
d76a4886: posts the ante 35
d54ed20c: posts the ante 35
6a83413b: posts small blind 125
112347de: posts big blind 250
*** HOLE CARDS ***
Dealt to f89f3127 
Dealt to d54ed20c 
Dealt to 23fd8493 
Dealt to 7bd94f9c 
Dealt to Hero [8s 7c]
Dealt to d76a4886 
Dealt to 6a83413b 
Dealt to 112347de 
f89f3127: folds
d54ed20c: folds
23fd8493: folds
7bd94f9c: folds
Hero: folds
d76a4886: folds
6a83413b: calls 125
112347de: raises 585 to 835
6a83413b: calls 585
*** FLOP *** [Qh Jc Kh]
6a83413b: bets 1,950
112347de: calls 1,950
*** TURN *** [Qh Jc Kh] [Kd]
6a83413b: bets 5,850
112347de: folds
Uncalled bet (5,850) returned to 6a83413b
*** SHOWDOWN ***
6a83413b collected 5,850 from pot
*** SUMMARY ***
Total pot 5,850 | Rake 0 | Jackpot 0 | Bingo 0 | Fortune 0 | Tax 0
Board [Qh Jc Kh Kd]
Seat 1: f89f3127 folded before Flop
Seat 2: d54ed20c folded before Flop
Seat 3: 23fd8493 folded before Flop
Seat 4: 7bd94f9c folded before Flop
Seat 5: Hero folded before Flop
Seat 6: d76a4886 (button) folded before Flop
Seat 7: 6a83413b (small blind) won (5,850)
Seat 8: 112347de (big blind) folded on the Turn


Poker Hand #TM5638364935: Tournament #266338738, Bounty Hunters Deepstack Turbo $8.88 Hold'em No Limit - Level5(125/250(35)) - 2026/02/27 14:48:25
Table '7' 8-max Seat #5 is the button
Seat 1: f89f3127 (17,862 in chips)
Seat 2: d54ed20c (17,623 in chips)
Seat 3: 23fd8493 (11,736 in chips)
Seat 4: 7bd94f9c (21,202 in chips)
Seat 5: Hero (24,703 in chips)
Seat 6: d76a4886 (18,530 in chips)
Seat 7: 6a83413b (19,300 in chips)
Seat 8: 112347de (41,603 in chips)
7bd94f9c: posts the ante 35
23fd8493: posts the ante 35
6a83413b: posts the ante 35
Hero: posts the ante 35
112347de: posts the ante 35
f89f3127: posts the ante 35
d76a4886: posts the ante 35
d54ed20c: posts the ante 35
d76a4886: posts small blind 125
6a83413b: posts big blind 250
*** HOLE CARDS ***
Dealt to f89f3127 
Dealt to d54ed20c 
Dealt to 23fd8493 
Dealt to 7bd94f9c 
Dealt to Hero [2h 2s]
Dealt to d76a4886 
Dealt to 6a83413b 
Dealt to 112347de 
112347de: folds
f89f3127: folds
d54ed20c: folds
23fd8493: folds
7bd94f9c: raises 250 to 500
Hero: calls 500
d76a4886: calls 375
6a83413b: calls 250
*** FLOP *** [Ah 6c 9h]
d76a4886: checks
6a83413b: bets 1,140
7bd94f9c: folds
Hero: folds
d76a4886: folds
Uncalled bet (1,140) returned to 6a83413b
*** SHOWDOWN ***
6a83413b collected 2,280 from pot
*** SUMMARY ***
Total pot 2,280 | Rake 0 | Jackpot 0 | Bingo 0 | Fortune 0 | Tax 0
Board [Ah 6c 9h]
Seat 1: f89f3127 folded before Flop
Seat 2: d54ed20c folded before Flop
Seat 3: 23fd8493 folded before Flop
Seat 4: 7bd94f9c folded on the Flop
Seat 5: Hero (button) folded on the Flop
Seat 6: d76a4886 (small blind) folded on the Flop
Seat 7: 6a83413b (big blind) won (2,280)
Seat 8: 112347de folded before Flop


Poker Hand #TM5638364919: Tournament #266338738, Bounty Hunters Deepstack Turbo $8.88 Hold'em No Limit - Level4(100/200(30)) - 2026/02/27 14:46:59
Table '7' 8-max Seat #4 is the button
Seat 1: f89f3127 (16,452 in chips)
Seat 2: d54ed20c (17,653 in chips)
Seat 3: 23fd8493 (11,766 in chips)
Seat 4: 7bd94f9c (21,232 in chips)
Seat 5: Hero (25,133 in chips)
Seat 6: d76a4886 (19,360 in chips)
Seat 7: 6a83413b (19,330 in chips)
Seat 8: 112347de (41,633 in chips)
7bd94f9c: posts the ante 30
23fd8493: posts the ante 30
6a83413b: posts the ante 30
Hero: posts the ante 30
112347de: posts the ante 30
f89f3127: posts the ante 30
d76a4886: posts the ante 30
d54ed20c: posts the ante 30
Hero: posts small blind 100
d76a4886: posts big blind 200
*** HOLE CARDS ***
Dealt to f89f3127 
Dealt to d54ed20c 
Dealt to 23fd8493 
Dealt to 7bd94f9c 
Dealt to Hero [7d 7h]
Dealt to d76a4886 
Dealt to 6a83413b 
Dealt to 112347de 
6a83413b: folds
112347de: folds
f89f3127: raises 200 to 400
d54ed20c: folds
23fd8493: folds
7bd94f9c: folds
Hero: calls 300
d76a4886: calls 200
*** FLOP *** [Qs Ah 2s]
Hero: checks
d76a4886: checks
f89f3127: bets 400
Hero: folds
d76a4886: calls 400
*** TURN *** [Qs Ah 2s] [6h]
d76a4886: checks
f89f3127: bets 1,279
d76a4886: folds
Uncalled bet (1,279) returned to f89f3127
*** SHOWDOWN ***
f89f3127 collected 2,240 from pot
*** SUMMARY ***
Total pot 2,240 | Rake 0 | Jackpot 0 | Bingo 0 | Fortune 0 | Tax 0
Board [Qs Ah 2s 6h]
Seat 1: f89f3127 won (2,240)
Seat 2: d54ed20c folded before Flop
Seat 3: 23fd8493 folded before Flop
Seat 4: 7bd94f9c (button) folded before Flop
Seat 5: Hero (small blind) folded on the Flop
Seat 6: d76a4886 (big blind) folded on the Turn
Seat 7: 6a83413b folded before Flop
Seat 8: 112347de folded before Flop


Poker Hand #TM5638364907: Tournament #266338738, Bounty Hunters Deepstack Turbo $8.88 Hold'em No Limit - Level4(100/200(30)) - 2026/02/27 14:45:45
Table '7' 8-max Seat #3 is the button
Seat 1: f89f3127 (16,482 in chips)
Seat 2: d54ed20c (17,683 in chips)
Seat 3: 23fd8493 (12,966 in chips)
Seat 4: 7bd94f9c (21,362 in chips)
Seat 5: Hero (22,483 in chips)
Seat 6: d76a4886 (19,390 in chips)
Seat 7: 6a83413b (19,360 in chips)
Seat 8: 112347de (42,833 in chips)
7bd94f9c: posts the ante 30
23fd8493: posts the ante 30
6a83413b: posts the ante 30
Hero: posts the ante 30
112347de: posts the ante 30
f89f3127: posts the ante 30
d76a4886: posts the ante 30
d54ed20c: posts the ante 30
7bd94f9c: posts small blind 100
Hero: posts big blind 200
*** HOLE CARDS ***
Dealt to f89f3127 
Dealt to d54ed20c 
Dealt to 23fd8493 
Dealt to 7bd94f9c 
Dealt to Hero [2s 2c]
Dealt to d76a4886 
Dealt to 6a83413b 
Dealt to 112347de 
d76a4886: folds
6a83413b: folds
112347de: raises 200 to 400
f89f3127: folds
d54ed20c: folds
23fd8493: calls 400
7bd94f9c: folds
Hero: calls 200
*** FLOP *** [Ad 2d Kh]
Hero: checks
112347de: checks
23fd8493: checks
*** TURN *** [Ad 2d Kh] [9h]
Hero: checks
112347de: bets 770
23fd8493: calls 770
Hero: raises 2,888 to 3,658
112347de: folds
23fd8493: folds
Uncalled bet (2,888) returned to Hero
*** SHOWDOWN ***
Hero collected 3,850 from pot
*** SUMMARY ***
Total pot 3,850 | Rake 0 | Jackpot 0 | Bingo 0 | Fortune 0 | Tax 0
Board [Ad 2d Kh 9h]
Seat 1: f89f3127 folded before Flop
Seat 2: d54ed20c folded before Flop
Seat 3: 23fd8493 (button) folded on the Turn
Seat 4: 7bd94f9c (small blind) folded before Flop
Seat 5: Hero (big blind) won (3,850)
Seat 6: d76a4886 folded before Flop
Seat 7: 6a83413b folded before Flop
Seat 8: 112347de folded on the Turn


Poker Hand #TM5638364897: Tournament #266338738, Bounty Hunters Deepstack Turbo $8.88 Hold'em No Limit - Level4(100/200(30)) - 2026/02/27 14:44:49
Table '7' 8-max Seat #2 is the button
Seat 1: f89f3127 (16,512 in chips)
Seat 2: d54ed20c (17,713 in chips)
Seat 3: 23fd8493 (13,196 in chips)
Seat 4: 7bd94f9c (20,752 in chips)
Seat 5: Hero (22,513 in chips)
Seat 6: d76a4886 (19,420 in chips)
Seat 7: 6a83413b (19,590 in chips)
Seat 8: 112347de (42,863 in chips)
7bd94f9c: posts the ante 30
6a83413b: posts the ante 30
23fd8493: posts the ante 30
Hero: posts the ante 30
112347de: posts the ante 30
f89f3127: posts the ante 30
d76a4886: posts the ante 30
d54ed20c: posts the ante 30
23fd8493: posts small blind 100
7bd94f9c: posts big blind 200
*** HOLE CARDS ***
Dealt to f89f3127 
Dealt to d54ed20c 
Dealt to 23fd8493 
Dealt to 7bd94f9c 
Dealt to Hero [4s 3c]
Dealt to d76a4886 
Dealt to 6a83413b 
Dealt to 112347de 
Hero: folds
d76a4886: folds
6a83413b: calls 200
112347de: folds
f89f3127: folds
d54ed20c: folds
23fd8493: calls 100
7bd94f9c: checks
*** FLOP *** [Js Jc Kc]
23fd8493: checks
7bd94f9c: bets 278
6a83413b: folds
23fd8493: folds
Uncalled bet (278) returned to 7bd94f9c
*** SHOWDOWN ***
7bd94f9c collected 840 from pot
*** SUMMARY ***
Total pot 840 | Rake 0 | Jackpot 0 | Bingo 0 | Fortune 0 | Tax 0
Board [Js Jc Kc]
Seat 1: f89f3127 folded before Flop
Seat 2: d54ed20c (button) folded before Flop
Seat 3: 23fd8493 (small blind) folded on the Flop
Seat 4: 7bd94f9c (big blind) won (840)
Seat 5: Hero folded before Flop
Seat 6: d76a4886 folded before Flop
Seat 7: 6a83413b folded on the Flop
Seat 8: 112347de folded before Flop


Poker Hand #TM5638364882: Tournament #266338738, Bounty Hunters Deepstack Turbo $8.88 Hold'em No Limit - Level4(100/200(30)) - 2026/02/27 14:43:44
Table '7' 8-max Seat #1 is the button
Seat 1: f89f3127 (16,542 in chips)
Seat 2: d54ed20c (17,843 in chips)
Seat 3: 23fd8493 (13,426 in chips)
Seat 4: 7bd94f9c (22,953 in chips)
Seat 5: Hero (22,543 in chips)
Seat 6: d76a4886 (19,450 in chips)
Seat 7: 6a83413b (19,620 in chips)
Seat 8: 112347de (40,182 in chips)
7bd94f9c: posts the ante 30
6a83413b: posts the ante 30
23fd8493: posts the ante 30
Hero: posts the ante 30
112347de: posts the ante 30
f89f3127: posts the ante 30
d76a4886: posts the ante 30
d54ed20c: posts the ante 30
d54ed20c: posts small blind 100
23fd8493: posts big blind 200
*** HOLE CARDS ***
Dealt to f89f3127 
Dealt to d54ed20c 
Dealt to 23fd8493 
Dealt to 7bd94f9c 
Dealt to Hero [8c 6s]
Dealt to d76a4886 
Dealt to 6a83413b 
Dealt to 112347de 
7bd94f9c: raises 200 to 400
Hero: folds
d76a4886: folds
6a83413b: folds
112347de: raises 800 to 1,200
f89f3127: folds
d54ed20c: folds
23fd8493: folds
7bd94f9c: calls 800
*** FLOP *** [5c 5h 4d]
7bd94f9c: checks
112347de: bets 971
7bd94f9c: calls 971
*** TURN *** [5c 5h 4d] [Qc]
7bd94f9c: checks
112347de: bets 2,441
7bd94f9c: folds
Uncalled bet (2,441) returned to 112347de
*** SHOWDOWN ***
112347de collected 4,882 from pot
*** SUMMARY ***
Total pot 4,882 | Rake 0 | Jackpot 0 | Bingo 0 | Fortune 0 | Tax 0
Board [5c 5h 4d Qc]
Seat 1: f89f3127 (button) folded before Flop
Seat 2: d54ed20c (small blind) folded before Flop
Seat 3: 23fd8493 (big blind) folded before Flop
Seat 4: 7bd94f9c folded on the Turn
Seat 5: Hero folded before Flop
Seat 6: d76a4886 folded before Flop
Seat 7: 6a83413b folded before Flop
Seat 8: 112347de won (4,882)


Poker Hand #TM5638364879: Tournament #266338738, Bounty Hunters Deepstack Turbo $8.88 Hold'em No Limit - Level4(100/200(30)) - 2026/02/27 14:43:19
Table '7' 8-max Seat #8 is the button
Seat 1: f89f3127 (16,672 in chips)
Seat 2: d54ed20c (17,333 in chips)
Seat 3: 23fd8493 (13,456 in chips)
Seat 4: 7bd94f9c (22,983 in chips)
Seat 5: Hero (22,573 in chips)
Seat 6: d76a4886 (19,480 in chips)
Seat 7: 6a83413b (19,850 in chips)
Seat 8: 112347de (40,212 in chips)
7bd94f9c: posts the ante 30
6a83413b: posts the ante 30
23fd8493: posts the ante 30
Hero: posts the ante 30
112347de: posts the ante 30
f89f3127: posts the ante 30
d76a4886: posts the ante 30
d54ed20c: posts the ante 30
f89f3127: posts small blind 100
d54ed20c: posts big blind 200
*** HOLE CARDS ***
Dealt to f89f3127 
Dealt to d54ed20c 
Dealt to 23fd8493 
Dealt to 7bd94f9c 
Dealt to Hero [Td 7h]
Dealt to d76a4886 
Dealt to 6a83413b 
Dealt to 112347de 
23fd8493: folds
7bd94f9c: folds
Hero: folds
d76a4886: folds
6a83413b: calls 200
112347de: folds
f89f3127: folds
d54ed20c: raises 700 to 900
6a83413b: folds
Uncalled bet (700) returned to d54ed20c
*** SHOWDOWN ***
d54ed20c collected 740 from pot
*** SUMMARY ***
Total pot 740 | Rake 0 | Jackpot 0 | Bingo 0 | Fortune 0 | Tax 0
Seat 1: f89f3127 (small blind) folded before Flop
Seat 2: d54ed20c (big blind) collected (740)
Seat 3: 23fd8493 folded before Flop
Seat 4: 7bd94f9c folded before Flop
Seat 5: Hero folded before Flop
Seat 6: d76a4886 folded before Flop
Seat 7: 6a83413b folded before Flop
Seat 8: 112347de (button) folded before Flop


Poker Hand #TM5638364871: Tournament #266338738, Bounty Hunters Deepstack Turbo $8.88 Hold'em No Limit - Level4(100/200(30)) - 2026/02/27 14:42:41
Table '7' 8-max Seat #7 is the button
Seat 1: f89f3127 (16,902 in chips)
Seat 2: d54ed20c (17,363 in chips)
Seat 3: 23fd8493 (13,486 in chips)
Seat 4: 7bd94f9c (23,013 in chips)
Seat 5: Hero (22,603 in chips)
Seat 6: d76a4886 (19,510 in chips)
Seat 7: 6a83413b (19,340 in chips)
Seat 8: 112347de (40,342 in chips)
7bd94f9c: posts the ante 30
6a83413b: posts the ante 30
23fd8493: posts the ante 30
Hero: posts the ante 30
112347de: posts the ante 30
f89f3127: posts the ante 30
d76a4886: posts the ante 30
d54ed20c: posts the ante 30
112347de: posts small blind 100
f89f3127: posts big blind 200
*** HOLE CARDS ***
Dealt to f89f3127 
Dealt to d54ed20c 
Dealt to 23fd8493 
Dealt to 7bd94f9c 
Dealt to Hero [4s 6s]
Dealt to d76a4886 
Dealt to 6a83413b 
Dealt to 112347de 
d54ed20c: folds
23fd8493: folds
7bd94f9c: folds
Hero: folds
d76a4886: folds
6a83413b: calls 200
112347de: folds
f89f3127: checks
*** FLOP *** [9s Ks Qc]
f89f3127: checks
6a83413b: bets 740
f89f3127: folds
Uncalled bet (740) returned to 6a83413b
*** SHOWDOWN ***
6a83413b collected 740 from pot
*** SUMMARY ***
Total pot 740 | Rake 0 | Jackpot 0 | Bingo 0 | Fortune 0 | Tax 0
Board [9s Ks Qc]
Seat 1: f89f3127 (big blind) folded on the Flop
Seat 2: d54ed20c folded before Flop
Seat 3: 23fd8493 folded before Flop
Seat 4: 7bd94f9c folded before Flop
Seat 5: Hero folded before Flop
Seat 6: d76a4886 folded before Flop
Seat 7: 6a83413b (button) won (740)
Seat 8: 112347de (small blind) folded before Flop


Poker Hand #TM5638364862: Tournament #266338738, Bounty Hunters Deepstack Turbo $8.88 Hold'em No Limit - Level4(100/200(30)) - 2026/02/27 14:41:48
Table '7' 8-max Seat #6 is the button
Seat 1: f89f3127 (16,932 in chips)
Seat 2: d54ed20c (17,393 in chips)
Seat 3: 23fd8493 (13,516 in chips)
Seat 4: 7bd94f9c (22,003 in chips)
Seat 5: Hero (22,633 in chips)
Seat 6: d76a4886 (19,540 in chips)
Seat 7: 6a83413b (19,770 in chips)
Seat 8: 112347de (40,772 in chips)
7bd94f9c: posts the ante 30
23fd8493: posts the ante 30
6a83413b: posts the ante 30
Hero: posts the ante 30
112347de: posts the ante 30
f89f3127: posts the ante 30
d76a4886: posts the ante 30
d54ed20c: posts the ante 30
6a83413b: posts small blind 100
112347de: posts big blind 200
*** HOLE CARDS ***
Dealt to f89f3127 
Dealt to d54ed20c 
Dealt to 23fd8493 
Dealt to 7bd94f9c 
Dealt to Hero [4s Jd]
Dealt to d76a4886 
Dealt to 6a83413b 
Dealt to 112347de 
f89f3127: folds
d54ed20c: folds
23fd8493: folds
7bd94f9c: raises 200 to 400
Hero: folds
d76a4886: folds
6a83413b: calls 300
112347de: calls 200
*** FLOP *** [Ac 7c 9h]
6a83413b: checks
112347de: checks
7bd94f9c: bets 720
6a83413b: folds
112347de: folds
Uncalled bet (720) returned to 7bd94f9c
*** SHOWDOWN ***
7bd94f9c collected 1,440 from pot
*** SUMMARY ***
Total pot 1,440 | Rake 0 | Jackpot 0 | Bingo 0 | Fortune 0 | Tax 0
Board [Ac 7c 9h]
Seat 1: f89f3127 folded before Flop
Seat 2: d54ed20c folded before Flop
Seat 3: 23fd8493 folded before Flop
Seat 4: 7bd94f9c won (1,440)
Seat 5: Hero folded before Flop
Seat 6: d76a4886 (button) folded before Flop
Seat 7: 6a83413b (small blind) folded on the Flop
Seat 8: 112347de (big blind) folded on the Flop


Poker Hand #TM5638364846: Tournament #266338738, Bounty Hunters Deepstack Turbo $8.88 Hold'em No Limit - Level4(100/200(30)) - 2026/02/27 14:40:28
Table '7' 8-max Seat #5 is the button
Seat 1: f89f3127 (16,962 in chips)
Seat 2: d54ed20c (20,558 in chips)
Seat 3: 23fd8493 (13,546 in chips)
Seat 4: 7bd94f9c (18,358 in chips)
Seat 5: Hero (22,663 in chips)
Seat 6: d76a4886 (19,670 in chips)
Seat 7: 6a83413b (20,000 in chips)
Seat 8: 112347de (40,802 in chips)
7bd94f9c: posts the ante 30
23fd8493: posts the ante 30
6a83413b: posts the ante 30
Hero: posts the ante 30
112347de: posts the ante 30
f89f3127: posts the ante 30
d76a4886: posts the ante 30
d54ed20c: posts the ante 30
d76a4886: posts small blind 100
6a83413b: posts big blind 200
*** HOLE CARDS ***
Dealt to f89f3127 
Dealt to d54ed20c 
Dealt to 23fd8493 
Dealt to 7bd94f9c 
Dealt to Hero [Ks 6s]
Dealt to d76a4886 
Dealt to 6a83413b 
Dealt to 112347de 
112347de: folds
f89f3127: folds
d54ed20c: raises 300 to 500
23fd8493: folds
7bd94f9c: raises 1,500 to 2,000
Hero: folds
d76a4886: folds
6a83413b: folds
d54ed20c: calls 1,500
*** FLOP *** [4c 8s Js]
d54ed20c: checks
7bd94f9c: bets 1,135
d54ed20c: calls 1,135
*** TURN *** [4c 8s Js] [Ts]
d54ed20c: checks
7bd94f9c: bets 3,405
d54ed20c: folds
Uncalled bet (3,405) returned to 7bd94f9c
*** SHOWDOWN ***
7bd94f9c collected 6,810 from pot
*** SUMMARY ***
Total pot 6,810 | Rake 0 | Jackpot 0 | Bingo 0 | Fortune 0 | Tax 0
Board [4c 8s Js Ts]
Seat 1: f89f3127 folded before Flop
Seat 2: d54ed20c folded on the Turn
Seat 3: 23fd8493 folded before Flop
Seat 4: 7bd94f9c won (6,810)
Seat 5: Hero (button) folded before Flop
Seat 6: d76a4886 (small blind) folded before Flop
Seat 7: 6a83413b (big blind) folded before Flop
Seat 8: 112347de folded before Flop


Poker Hand #TM5638364837: Tournament #266338738, Bounty Hunters Deepstack Turbo $8.88 Hold'em No Limit - Level4(100/200(30)) - 2026/02/27 14:39:40
Table '7' 8-max Seat #4 is the button
Seat 1: f89f3127 (16,992 in chips)
Seat 2: d54ed20c (19,402 in chips)
Seat 3: 23fd8493 (13,576 in chips)
Seat 4: 7bd94f9c (18,388 in chips)
Seat 5: Hero (23,469 in chips)
Seat 6: d76a4886 (19,900 in chips)
Seat 8: 112347de (40,832 in chips)
7bd94f9c: posts the ante 30
23fd8493: posts the ante 30
Hero: posts the ante 30
112347de: posts the ante 30
f89f3127: posts the ante 30
d76a4886: posts the ante 30
d54ed20c: posts the ante 30
Hero: posts small blind 100
d76a4886: posts big blind 200
*** HOLE CARDS ***
Dealt to f89f3127 
Dealt to d54ed20c 
Dealt to 23fd8493 
Dealt to 7bd94f9c 
Dealt to Hero [3c 3s]
Dealt to d76a4886 
Dealt to 112347de 
112347de: folds
f89f3127: folds
d54ed20c: raises 240 to 440
23fd8493: folds
7bd94f9c: folds
Hero: calls 340
d76a4886: folds
*** FLOP *** [Qh As Qd]
Hero: checks
d54ed20c: bets 336
Hero: calls 336
*** TURN *** [Qh As Qd] [5c]
Hero: checks
d54ed20c: bets 1,080
Hero: folds
Uncalled bet (1,080) returned to d54ed20c
*** SHOWDOWN ***
d54ed20c collected 1,962 from pot
*** SUMMARY ***
Total pot 1,962 | Rake 0 | Jackpot 0 | Bingo 0 | Fortune 0 | Tax 0
Board [Qh As Qd 5c]
Seat 1: f89f3127 folded before Flop
Seat 2: d54ed20c won (1,962)
Seat 3: 23fd8493 folded before Flop
Seat 4: 7bd94f9c (button) folded before Flop
Seat 5: Hero (small blind) folded on the Turn
Seat 6: d76a4886 (big blind) folded before Flop
Seat 8: 112347de folded before Flop


Poker Hand #TM5638364823: Tournament #266338738, Bounty Hunters Deepstack Turbo $8.88 Hold'em No Limit - Level3(75/150(20)) - 2026/02/27 14:38:19
Table '7' 8-max Seat #3 is the button
Seat 1: f89f3127 (17,012 in chips)
Seat 2: d54ed20c (19,422 in chips)
Seat 3: 23fd8493 (12,585 in chips)
Seat 4: 7bd94f9c (18,483 in chips)
Seat 5: Hero (23,639 in chips)
Seat 6: d76a4886 (19,920 in chips)
Seat 7: 7f5b2acc (11,968 in chips)
Seat 8: 112347de (40,852 in chips)
7bd94f9c: posts the ante 20
23fd8493: posts the ante 20
Hero: posts the ante 20
112347de: posts the ante 20
f89f3127: posts the ante 20
d76a4886: posts the ante 20
d54ed20c: posts the ante 20
7f5b2acc: posts the ante 20
7bd94f9c: posts small blind 75
Hero: posts big blind 150
*** HOLE CARDS ***
Dealt to f89f3127 
Dealt to d54ed20c 
Dealt to 23fd8493 
Dealt to 7bd94f9c 
Dealt to Hero [3s 8d]
Dealt to d76a4886 
Dealt to 7f5b2acc 
Dealt to 112347de 
d76a4886: folds
7f5b2acc: raises 150 to 300
112347de: folds
f89f3127: folds
d54ed20c: folds
23fd8493: calls 300
7bd94f9c: folds
Hero: folds
*** FLOP *** [9c 9s 4s]
7f5b2acc: bets 326
23fd8493: calls 326
*** TURN *** [9c 9s 4s] [6h]
7f5b2acc: checks
23fd8493: checks
*** RIVER *** [9c 9s 4s 6h] [7h]
7f5b2acc: checks
23fd8493: checks
7f5b2acc: shows [Td Jd] (a pair of Nines)
23fd8493: shows [Ks Qh] (a pair of Nines)
*** SHOWDOWN ***
23fd8493 collected 1,637 from pot
*** SUMMARY ***
Total pot 1,637 | Rake 0 | Jackpot 0 | Bingo 0 | Fortune 0 | Tax 0
Board [9c 9s 4s 6h 7h]
Seat 1: f89f3127 folded before Flop
Seat 2: d54ed20c folded before Flop
Seat 3: 23fd8493 (button) showed [Ks Qh] and won (1,637) with a pair of Nines
Seat 4: 7bd94f9c (small blind) folded before Flop
Seat 5: Hero (big blind) folded before Flop
Seat 6: d76a4886 folded before Flop
Seat 7: 7f5b2acc showed [Td Jd] and lost with a pair of Nines
Seat 8: 112347de folded before Flop


Poker Hand #TM5638364809: Tournament #266338738, Bounty Hunters Deepstack Turbo $8.88 Hold'em No Limit - Level3(75/150(20)) - 2026/02/27 14:37:05
Table '7' 8-max Seat #2 is the button
Seat 1: f89f3127 (19,413 in chips)
Seat 2: d54ed20c (16,676 in chips)
Seat 3: 23fd8493 (12,680 in chips)
Seat 4: 7bd94f9c (18,653 in chips)
Seat 5: Hero (23,659 in chips)
Seat 6: d76a4886 (19,940 in chips)
Seat 7: 7f5b2acc (11,988 in chips)
Seat 8: 112347de (40,872 in chips)
7bd94f9c: posts the ante 20
23fd8493: posts the ante 20
Hero: posts the ante 20
112347de: posts the ante 20
f89f3127: posts the ante 20
d76a4886: posts the ante 20
d54ed20c: posts the ante 20
7f5b2acc: posts the ante 20
23fd8493: posts small blind 75
7bd94f9c: posts big blind 150
*** HOLE CARDS ***
Dealt to f89f3127 
Dealt to d54ed20c 
Dealt to 23fd8493 
Dealt to 7bd94f9c 
Dealt to Hero [4d 6c]
Dealt to d76a4886 
Dealt to 7f5b2acc 
Dealt to 112347de 
Hero: folds
d76a4886: folds
7f5b2acc: folds
112347de: folds
f89f3127: raises 180 to 330
d54ed20c: raises 1,170 to 1,500
23fd8493: folds
7bd94f9c: folds
f89f3127: calls 1,170
*** FLOP *** [3d Th Ad]
f89f3127: checks
d54ed20c: bets 881
f89f3127: calls 881
*** TURN *** [3d Th Ad] [6d]
f89f3127: checks
d54ed20c: bets 2,550
f89f3127: folds
Uncalled bet (2,550) returned to d54ed20c
*** SHOWDOWN ***
d54ed20c collected 5,147 from pot
*** SUMMARY ***
Total pot 5,147 | Rake 0 | Jackpot 0 | Bingo 0 | Fortune 0 | Tax 0
Board [3d Th Ad 6d]
Seat 1: f89f3127 folded on the Turn
Seat 2: d54ed20c (button) won (5,147)
Seat 3: 23fd8493 (small blind) folded before Flop
Seat 4: 7bd94f9c (big blind) folded before Flop
Seat 5: Hero folded before Flop
Seat 6: d76a4886 folded before Flop
Seat 7: 7f5b2acc folded before Flop
Seat 8: 112347de folded before Flop


Poker Hand #TM5638364798: Tournament #266338738, Bounty Hunters Deepstack Turbo $8.88 Hold'em No Limit - Level3(75/150(20)) - 2026/02/27 14:36:04
Table '7' 8-max Seat #1 is the button
Seat 1: f89f3127 (18,868 in chips)
Seat 2: d54ed20c (16,771 in chips)
Seat 3: 23fd8493 (13,030 in chips)
Seat 4: 7bd94f9c (18,673 in chips)
Seat 5: Hero (23,679 in chips)
Seat 6: d76a4886 (19,960 in chips)
Seat 7: 7f5b2acc (12,008 in chips)
Seat 8: 112347de (40,892 in chips)
7bd94f9c: posts the ante 20
23fd8493: posts the ante 20
Hero: posts the ante 20
112347de: posts the ante 20
f89f3127: posts the ante 20
d76a4886: posts the ante 20
d54ed20c: posts the ante 20
7f5b2acc: posts the ante 20
d54ed20c: posts small blind 75
23fd8493: posts big blind 150
*** HOLE CARDS ***
Dealt to f89f3127 
Dealt to d54ed20c 
Dealt to 23fd8493 
Dealt to 7bd94f9c 
Dealt to Hero [4h Jh]
Dealt to d76a4886 
Dealt to 7f5b2acc 
Dealt to 112347de 
7bd94f9c: folds
Hero: folds
d76a4886: folds
7f5b2acc: folds
112347de: folds
f89f3127: raises 180 to 330
d54ed20c: folds
23fd8493: calls 180
*** FLOP *** [7h Th 3h]
23fd8493: checks
f89f3127: checks
*** TURN *** [7h Th 3h] [Ac]
23fd8493: checks
f89f3127: bets 300
23fd8493: folds
Uncalled bet (300) returned to f89f3127
*** SHOWDOWN ***
f89f3127 collected 895 from pot
*** SUMMARY ***
Total pot 895 | Rake 0 | Jackpot 0 | Bingo 0 | Fortune 0 | Tax 0
Board [7h Th 3h Ac]
Seat 1: f89f3127 (button) won (895)
Seat 2: d54ed20c (small blind) folded before Flop
Seat 3: 23fd8493 (big blind) folded on the Turn
Seat 4: 7bd94f9c folded before Flop
Seat 5: Hero folded before Flop
Seat 6: d76a4886 folded before Flop
Seat 7: 7f5b2acc folded before Flop
Seat 8: 112347de folded before Flop


Poker Hand #TM5638364794: Tournament #266338738, Bounty Hunters Deepstack Turbo $8.88 Hold'em No Limit - Level3(75/150(20)) - 2026/02/27 14:35:43
Table '7' 8-max Seat #8 is the button
Seat 1: f89f3127 (18,963 in chips)
Seat 2: d54ed20c (16,941 in chips)
Seat 3: 23fd8493 (13,050 in chips)
Seat 4: 7bd94f9c (18,693 in chips)
Seat 5: Hero (23,999 in chips)
Seat 6: d76a4886 (19,980 in chips)
Seat 7: 7f5b2acc (11,343 in chips)
Seat 8: 112347de (40,912 in chips)
7bd94f9c: posts the ante 20
23fd8493: posts the ante 20
Hero: posts the ante 20
112347de: posts the ante 20
f89f3127: posts the ante 20
d76a4886: posts the ante 20
d54ed20c: posts the ante 20
7f5b2acc: posts the ante 20
f89f3127: posts small blind 75
d54ed20c: posts big blind 150
*** HOLE CARDS ***
Dealt to f89f3127 
Dealt to d54ed20c 
Dealt to 23fd8493 
Dealt to 7bd94f9c 
Dealt to Hero [Ks 2s]
Dealt to d76a4886 
Dealt to 7f5b2acc 
Dealt to 112347de 
23fd8493: folds
7bd94f9c: folds
Hero: raises 150 to 300
d76a4886: folds
7f5b2acc: raises 692 to 992
112347de: folds
f89f3127: folds
d54ed20c: folds
Hero: folds
Uncalled bet (692) returned to 7f5b2acc
*** SHOWDOWN ***
7f5b2acc collected 985 from pot
*** SUMMARY ***
Total pot 985 | Rake 0 | Jackpot 0 | Bingo 0 | Fortune 0 | Tax 0
Seat 1: f89f3127 (small blind) folded before Flop
Seat 2: d54ed20c (big blind) folded before Flop
Seat 3: 23fd8493 folded before Flop
Seat 4: 7bd94f9c folded before Flop
Seat 5: Hero folded before Flop
Seat 6: d76a4886 folded before Flop
Seat 7: 7f5b2acc collected (985)
Seat 8: 112347de (button) folded before Flop


Poker Hand #TM5638364786: Tournament #266338738, Bounty Hunters Deepstack Turbo $8.88 Hold'em No Limit - Level3(75/150(20)) - 2026/02/27 14:35:05
Table '7' 8-max Seat #7 is the button
Seat 1: f89f3127 (19,283 in chips)
Seat 2: d54ed20c (16,961 in chips)
Seat 3: 23fd8493 (13,070 in chips)
Seat 4: 7bd94f9c (18,713 in chips)
Seat 5: Hero (23,484 in chips)
Seat 6: d76a4886 (20,000 in chips)
Seat 7: 7f5b2acc (11,363 in chips)
Seat 8: 112347de (41,007 in chips)
7bd94f9c: posts the ante 20
23fd8493: posts the ante 20
Hero: posts the ante 20
112347de: posts the ante 20
f89f3127: posts the ante 20
d76a4886: posts the ante 20
d54ed20c: posts the ante 20
7f5b2acc: posts the ante 20
112347de: posts small blind 75
f89f3127: posts big blind 150
*** HOLE CARDS ***
Dealt to f89f3127 
Dealt to d54ed20c 
Dealt to 23fd8493 
Dealt to 7bd94f9c 
Dealt to Hero [Kh 2h]
Dealt to d76a4886 
Dealt to 7f5b2acc 
Dealt to 112347de 
d54ed20c: folds
23fd8493: folds
7bd94f9c: folds
Hero: raises 150 to 300
d76a4886: folds
7f5b2acc: folds
112347de: folds
f89f3127: calls 150
*** FLOP *** [8h 7h 7s]
f89f3127: checks
Hero: checks
*** TURN *** [8h 7h 7s] [5d]
f89f3127: checks
Hero: checks
*** RIVER *** [8h 7h 7s 5d] [8s]
f89f3127: checks
Hero: checks
f89f3127: shows [Qd Jd] (two pair, Eights and Sevens)
Hero: shows [Kh 2h] (two pair, Eights and Sevens)
*** SHOWDOWN ***
Hero collected 835 from pot
*** SUMMARY ***
Total pot 835 | Rake 0 | Jackpot 0 | Bingo 0 | Fortune 0 | Tax 0
Board [8h 7h 7s 5d 8s]
Seat 1: f89f3127 (big blind) showed [Qd Jd] and lost with two pair, Eights and Sevens
Seat 2: d54ed20c folded before Flop
Seat 3: 23fd8493 folded before Flop
Seat 4: 7bd94f9c folded before Flop
Seat 5: Hero showed [Kh 2h] and won (835) with two pair, Eights and Sevens
Seat 6: d76a4886 folded before Flop
Seat 7: 7f5b2acc (button) folded before Flop
Seat 8: 112347de (small blind) folded before Flop


Poker Hand #TM5638364779: Tournament #266338738, Bounty Hunters Deepstack Turbo $8.88 Hold'em No Limit - Level3(75/150(20)) - 2026/02/27 14:34:09
Table '7' 8-max Seat #5 is the button
Seat 1: f89f3127 (19,303 in chips)
Seat 2: d54ed20c (16,981 in chips)
Seat 3: 23fd8493 (13,090 in chips)
Seat 4: 7bd94f9c (18,733 in chips)
Seat 5: Hero (23,504 in chips)
Seat 7: 7f5b2acc (17,253 in chips)
Seat 8: 112347de (35,017 in chips)
7bd94f9c: posts the ante 20
23fd8493: posts the ante 20
Hero: posts the ante 20
112347de: posts the ante 20
f89f3127: posts the ante 20
d54ed20c: posts the ante 20
7f5b2acc: posts the ante 20
7f5b2acc: posts small blind 75
112347de: posts big blind 150
*** HOLE CARDS ***
Dealt to f89f3127 
Dealt to d54ed20c 
Dealt to 23fd8493 
Dealt to 7bd94f9c 
Dealt to Hero [2h 7s]
Dealt to 7f5b2acc 
Dealt to 112347de 
f89f3127: folds
d54ed20c: folds
23fd8493: folds
7bd94f9c: folds
Hero: folds
7f5b2acc: raises 440 to 590
112347de: raises 1,320 to 1,910
7f5b2acc: calls 1,320
*** FLOP *** [Kd 9d 5s]
7f5b2acc: checks
112347de: bets 3,960
7f5b2acc: calls 3,960
*** TURN *** [Kd 9d 5s] [Ac]
7f5b2acc: checks
112347de: bets 11,880
7f5b2acc: folds
Uncalled bet (11,880) returned to 112347de
*** SHOWDOWN ***
112347de collected 11,880 from pot
*** SUMMARY ***
Total pot 11,880 | Rake 0 | Jackpot 0 | Bingo 0 | Fortune 0 | Tax 0
Board [Kd 9d 5s Ac]
Seat 1: f89f3127 folded before Flop
Seat 2: d54ed20c folded before Flop
Seat 3: 23fd8493 folded before Flop
Seat 4: 7bd94f9c folded before Flop
Seat 5: Hero (button) folded before Flop
Seat 7: 7f5b2acc (small blind) folded on the Turn
Seat 8: 112347de (big blind) won (11,880)


Poker Hand #TM5638364772: Tournament #266338738, Bounty Hunters Deepstack Turbo $8.88 Hold'em No Limit - Level3(75/150(20)) - 2026/02/27 14:33:39
Table '7' 8-max Seat #4 is the button
Seat 1: f89f3127 (19,323 in chips)
Seat 2: d54ed20c (17,001 in chips)
Seat 3: 23fd8493 (13,110 in chips)
Seat 4: 7bd94f9c (18,753 in chips)
Seat 5: Hero (23,599 in chips)
Seat 7: 7f5b2acc (17,058 in chips)
Seat 8: 112347de (35,037 in chips)
7bd94f9c: posts the ante 20
23fd8493: posts the ante 20
Hero: posts the ante 20
112347de: posts the ante 20
f89f3127: posts the ante 20
d54ed20c: posts the ante 20
7f5b2acc: posts the ante 20
Hero: posts small blind 75
7f5b2acc: posts big blind 150
*** HOLE CARDS ***
Dealt to f89f3127 
Dealt to d54ed20c 
Dealt to 23fd8493 
Dealt to 7bd94f9c 
Dealt to Hero [4h 9c]
Dealt to 7f5b2acc 
Dealt to 112347de 
112347de: folds
f89f3127: folds
d54ed20c: folds
23fd8493: folds
7bd94f9c: folds
Hero: folds
Uncalled bet (75) returned to 7f5b2acc
*** SHOWDOWN ***
7f5b2acc collected 290 from pot
*** SUMMARY ***
Total pot 290 | Rake 0 | Jackpot 0 | Bingo 0 | Fortune 0 | Tax 0
Seat 1: f89f3127 folded before Flop
Seat 2: d54ed20c folded before Flop
Seat 3: 23fd8493 folded before Flop
Seat 4: 7bd94f9c (button) folded before Flop
Seat 5: Hero (small blind) folded before Flop
Seat 7: 7f5b2acc (big blind) collected (290)
Seat 8: 112347de folded before Flop


Poker Hand #TM5638364761: Tournament #266338738, Bounty Hunters Deepstack Turbo $8.88 Hold'em No Limit - Level3(75/150(20)) - 2026/02/27 14:32:25
Table '7' 8-max Seat #3 is the button
Seat 1: f89f3127 (19,343 in chips)
Seat 2: d54ed20c (20,053 in chips)
Seat 3: 23fd8493 (13,130 in chips)
Seat 4: 7bd94f9c (18,848 in chips)
Seat 5: Hero (20,352 in chips)
Seat 6: 8f23beb8 (18,191 in chips)
Seat 7: 7f5b2acc (17,078 in chips)
Seat 8: 112347de (35,057 in chips)
7bd94f9c: posts the ante 20
23fd8493: posts the ante 20
8f23beb8: posts the ante 20
Hero: posts the ante 20
112347de: posts the ante 20
f89f3127: posts the ante 20
d54ed20c: posts the ante 20
7f5b2acc: posts the ante 20
7bd94f9c: posts small blind 75
Hero: posts big blind 150
*** HOLE CARDS ***
Dealt to f89f3127 
Dealt to d54ed20c 
Dealt to 23fd8493 
Dealt to 7bd94f9c 
Dealt to Hero [3s Qs]
Dealt to 8f23beb8 
Dealt to 7f5b2acc 
Dealt to 112347de 
8f23beb8: folds
7f5b2acc: folds
112347de: folds
f89f3127: folds
d54ed20c: raises 225 to 375
23fd8493: folds
7bd94f9c: folds
Hero: calls 225
*** FLOP *** [5h 4h Qh]
Hero: checks
d54ed20c: bets 257
Hero: calls 257
*** TURN *** [5h 4h Qh] [6s]
Hero: checks
d54ed20c: bets 825
Hero: raises 1,575 to 2,400
d54ed20c: calls 1,575
*** RIVER *** [5h 4h Qh 6s] [Ks]
Hero: checks
d54ed20c: checks
Hero: shows [3s Qs] (a pair of Queens)
d54ed20c: shows [Ah 5d] (a pair of Fives)
*** SHOWDOWN ***
Hero collected 6,299 from pot
*** SUMMARY ***
Total pot 6,299 | Rake 0 | Jackpot 0 | Bingo 0 | Fortune 0 | Tax 0
Board [5h 4h Qh 6s Ks]
Seat 1: f89f3127 folded before Flop
Seat 2: d54ed20c showed [Ah 5d] and lost with a pair of Fives
Seat 3: 23fd8493 (button) folded before Flop
Seat 4: 7bd94f9c (small blind) folded before Flop
Seat 5: Hero (big blind) showed [3s Qs] and won (6,299) with a pair of Queens
Seat 6: 8f23beb8 folded before Flop
Seat 7: 7f5b2acc folded before Flop
Seat 8: 112347de folded before Flop


Poker Hand #TM5638364750: Tournament #266338738, Bounty Hunters Deepstack Turbo $8.88 Hold'em No Limit - Level3(75/150(20)) - 2026/02/27 14:31:00
Table '7' 8-max Seat #2 is the button
Seat 1: f89f3127 (19,663 in chips)
Seat 2: d54ed20c (20,073 in chips)
Seat 3: 23fd8493 (13,225 in chips)
Seat 4: 7bd94f9c (19,168 in chips)
Seat 5: Hero (20,372 in chips)
Seat 6: 8f23beb8 (17,376 in chips)
Seat 7: 7f5b2acc (17,098 in chips)
Seat 8: 112347de (35,077 in chips)
7bd94f9c: posts the ante 20
23fd8493: posts the ante 20
8f23beb8: posts the ante 20
Hero: posts the ante 20
112347de: posts the ante 20
f89f3127: posts the ante 20
d54ed20c: posts the ante 20
7f5b2acc: posts the ante 20
23fd8493: posts small blind 75
7bd94f9c: posts big blind 150
*** HOLE CARDS ***
Dealt to f89f3127 
Dealt to d54ed20c 
Dealt to 23fd8493 
Dealt to 7bd94f9c 
Dealt to Hero [Kd 4s]
Dealt to 8f23beb8 
Dealt to 7f5b2acc 
Dealt to 112347de 
Hero: folds
8f23beb8: raises 150 to 300
7f5b2acc: folds
112347de: folds
f89f3127: calls 300
d54ed20c: folds
23fd8493: folds
7bd94f9c: calls 150
*** FLOP *** [Kh Qs 6h]
7bd94f9c: checks
8f23beb8: bets 568
f89f3127: folds
7bd94f9c: folds
Uncalled bet (568) returned to 8f23beb8
*** SHOWDOWN ***
8f23beb8 collected 1,135 from pot
*** SUMMARY ***
Total pot 1,135 | Rake 0 | Jackpot 0 | Bingo 0 | Fortune 0 | Tax 0
Board [Kh Qs 6h]
Seat 1: f89f3127 folded on the Flop
Seat 2: d54ed20c (button) folded before Flop
Seat 3: 23fd8493 (small blind) folded before Flop
Seat 4: 7bd94f9c (big blind) folded on the Flop
Seat 5: Hero folded before Flop
Seat 6: 8f23beb8 won (1,135)
Seat 7: 7f5b2acc folded before Flop
Seat 8: 112347de folded before Flop


Poker Hand #TM5638364739: Tournament #266338738, Bounty Hunters Deepstack Turbo $8.88 Hold'em No Limit - Level2(60/120(18)) - 2026/02/27 14:30:08
Table '7' 8-max Seat #1 is the button
Seat 1: f89f3127 (19,681 in chips)
Seat 2: d54ed20c (20,151 in chips)
Seat 3: 23fd8493 (13,483 in chips)
Seat 4: 7bd94f9c (19,186 in chips)
Seat 5: Hero (19,946 in chips)
Seat 6: 8f23beb8 (17,394 in chips)
Seat 7: 7f5b2acc (17,116 in chips)
Seat 8: 112347de (35,095 in chips)
7bd94f9c: posts the ante 18
23fd8493: posts the ante 18
8f23beb8: posts the ante 18
Hero: posts the ante 18
112347de: posts the ante 18
f89f3127: posts the ante 18
d54ed20c: posts the ante 18
7f5b2acc: posts the ante 18
d54ed20c: posts small blind 60
23fd8493: posts big blind 120
*** HOLE CARDS ***
Dealt to f89f3127 
Dealt to d54ed20c 
Dealt to 23fd8493 
Dealt to 7bd94f9c 
Dealt to Hero [4c 4s]
Dealt to 8f23beb8 
Dealt to 7f5b2acc 
Dealt to 112347de 
7bd94f9c: folds
Hero: raises 120 to 240
8f23beb8: folds
7f5b2acc: folds
112347de: folds
f89f3127: folds
d54ed20c: folds
23fd8493: calls 120
*** FLOP *** [2s 7s 8s]
23fd8493: checks
Hero: checks
*** TURN *** [2s 7s 8s] [Kh]
23fd8493: checks
Hero: bets 226
23fd8493: folds
Uncalled bet (226) returned to Hero
*** SHOWDOWN ***
Hero collected 684 from pot
*** SUMMARY ***
Total pot 684 | Rake 0 | Jackpot 0 | Bingo 0 | Fortune 0 | Tax 0
Board [2s 7s 8s Kh]
Seat 1: f89f3127 (button) folded before Flop
Seat 2: d54ed20c (small blind) folded before Flop
Seat 3: 23fd8493 (big blind) folded on the Turn
Seat 4: 7bd94f9c folded before Flop
Seat 5: Hero won (684)
Seat 6: 8f23beb8 folded before Flop
Seat 7: 7f5b2acc folded before Flop
Seat 8: 112347de folded before Flop


Poker Hand #TM5638364731: Tournament #266338738, Bounty Hunters Deepstack Turbo $8.88 Hold'em No Limit - Level2(60/120(18)) - 2026/02/27 14:29:16
Table '7' 8-max Seat #8 is the button
Seat 1: f89f3127 (19,759 in chips)
Seat 2: d54ed20c (20,289 in chips)
Seat 3: 23fd8493 (13,501 in chips)
Seat 4: 7bd94f9c (19,444 in chips)
Seat 5: Hero (19,964 in chips)
Seat 6: 8f23beb8 (16,848 in chips)
Seat 7: 7f5b2acc (17,134 in chips)
Seat 8: 112347de (35,113 in chips)
7bd94f9c: posts the ante 18
23fd8493: posts the ante 18
8f23beb8: posts the ante 18
Hero: posts the ante 18
112347de: posts the ante 18
f89f3127: posts the ante 18
d54ed20c: posts the ante 18
7f5b2acc: posts the ante 18
f89f3127: posts small blind 60
d54ed20c: posts big blind 120
*** HOLE CARDS ***
Dealt to f89f3127 
Dealt to d54ed20c 
Dealt to 23fd8493 
Dealt to 7bd94f9c 
Dealt to Hero [Ac 2h]
Dealt to 8f23beb8 
Dealt to 7f5b2acc 
Dealt to 112347de 
23fd8493: folds
7bd94f9c: raises 120 to 240
Hero: folds
8f23beb8: raises 603 to 843
7f5b2acc: folds
112347de: folds
f89f3127: folds
d54ed20c: folds
7bd94f9c: folds
Uncalled bet (603) returned to 8f23beb8
*** SHOWDOWN ***
8f23beb8 collected 804 from pot
*** SUMMARY ***
Total pot 804 | Rake 0 | Jackpot 0 | Bingo 0 | Fortune 0 | Tax 0
Seat 1: f89f3127 (small blind) folded before Flop
Seat 2: d54ed20c (big blind) folded before Flop
Seat 3: 23fd8493 folded before Flop
Seat 4: 7bd94f9c folded before Flop
Seat 5: Hero folded before Flop
Seat 6: 8f23beb8 collected (804)
Seat 7: 7f5b2acc folded before Flop
Seat 8: 112347de (button) folded before Flop


Poker Hand #TM5638364717: Tournament #266338738, Bounty Hunters Deepstack Turbo $8.88 Hold'em No Limit - Level2(60/120(18)) - 2026/02/27 14:27:47
Table '7' 8-max Seat #7 is the button
Seat 1: f89f3127 (19,897 in chips)
Seat 2: d54ed20c (20,607 in chips)
Seat 3: 23fd8493 (17,840 in chips)
Seat 4: 7bd94f9c (19,462 in chips)
Seat 5: Hero (19,982 in chips)
Seat 6: 8f23beb8 (16,866 in chips)
Seat 7: 7f5b2acc (12,207 in chips)
Seat 8: 112347de (35,191 in chips)
7bd94f9c: posts the ante 18
23fd8493: posts the ante 18
8f23beb8: posts the ante 18
Hero: posts the ante 18
112347de: posts the ante 18
f89f3127: posts the ante 18
d54ed20c: posts the ante 18
7f5b2acc: posts the ante 18
112347de: posts small blind 60
f89f3127: posts big blind 120
*** HOLE CARDS ***
Dealt to f89f3127 
Dealt to d54ed20c 
Dealt to 23fd8493 
Dealt to 7bd94f9c 
Dealt to Hero [Jc Qd]
Dealt to 8f23beb8 
Dealt to 7f5b2acc 
Dealt to 112347de 
d54ed20c: raises 180 to 300
23fd8493: calls 300
7bd94f9c: folds
Hero: folds
8f23beb8: folds
7f5b2acc: calls 300
112347de: folds
f89f3127: folds
*** FLOP *** [4h 6h Qh]
d54ed20c: checks
23fd8493: checks
7f5b2acc: bets 794
d54ed20c: folds
23fd8493: calls 794
*** TURN *** [4h 6h Qh] [Ts]
23fd8493: checks
7f5b2acc: bets 1,547
23fd8493: calls 1,547
*** RIVER *** [4h 6h Qh Ts] [5h]
23fd8493: bets 1,680
7f5b2acc: raises 7,868 to 9,548 and is all-in
23fd8493: folds
Uncalled bet (7,868) returned to 7f5b2acc
*** SHOWDOWN ***
7f5b2acc collected 9,266 from pot
*** SUMMARY ***
Total pot 9,266 | Rake 0 | Jackpot 0 | Bingo 0 | Fortune 0 | Tax 0
Board [4h 6h Qh Ts 5h]
Seat 1: f89f3127 (big blind) folded before Flop
Seat 2: d54ed20c folded on the Flop
Seat 3: 23fd8493 folded on the River
Seat 4: 7bd94f9c folded before Flop
Seat 5: Hero folded before Flop
Seat 6: 8f23beb8 folded before Flop
Seat 7: 7f5b2acc (button) won (9,266)
Seat 8: 112347de (small blind) folded before Flop


Poker Hand #TM5638364711: Tournament #266338738, Bounty Hunters Deepstack Turbo $8.88 Hold'em No Limit - Level2(60/120(18)) - 2026/02/27 14:27:19
Table '7' 8-max Seat #6 is the button
Seat 1: f89f3127 (19,915 in chips)
Seat 2: d54ed20c (20,625 in chips)
Seat 3: 23fd8493 (17,858 in chips)
Seat 4: 7bd94f9c (19,480 in chips)
Seat 5: Hero (20,000 in chips)
Seat 6: 8f23beb8 (16,560 in chips)
Seat 7: 7f5b2acc (12,285 in chips)
Seat 8: 112347de (35,329 in chips)
7bd94f9c: posts the ante 18
23fd8493: posts the ante 18
8f23beb8: posts the ante 18
Hero: posts the ante 18
112347de: posts the ante 18
f89f3127: posts the ante 18
d54ed20c: posts the ante 18
7f5b2acc: posts the ante 18
7f5b2acc: posts small blind 60
112347de: posts big blind 120
*** HOLE CARDS ***
Dealt to f89f3127 
Dealt to d54ed20c 
Dealt to 23fd8493 
Dealt to 7bd94f9c 
Dealt to Hero [2h Qs]
Dealt to 8f23beb8 
Dealt to 7f5b2acc 
Dealt to 112347de 
f89f3127: folds
d54ed20c: folds
23fd8493: folds
7bd94f9c: folds
Hero: folds
8f23beb8: raises 444 to 564
7f5b2acc: folds
112347de: folds
Uncalled bet (444) returned to 8f23beb8
*** SHOWDOWN ***
8f23beb8 collected 444 from pot
*** SUMMARY ***
Total pot 444 | Rake 0 | Jackpot 0 | Bingo 0 | Fortune 0 | Tax 0
Seat 1: f89f3127 folded before Flop
Seat 2: d54ed20c folded before Flop
Seat 3: 23fd8493 folded before Flop
Seat 4: 7bd94f9c folded before Flop
Seat 5: Hero folded before Flop
Seat 6: 8f23beb8 (button) collected (444)
Seat 7: 7f5b2acc (small blind) folded before Flop
Seat 8: 112347de (big blind) folded before Flop


