Poker Hand #TM5546931535: Tournament #261079109, Bounty Hunters Special $15 [7-Max] Hold'em No Limit - Level6(150/300(45)) - 2026/02/04 23:44:44
Table '10' 7-max Seat #3 is the button
Seat 1: 6438a7cf (25,175 in chips)
Seat 2: 8884bc3e (10,355 in chips)
Seat 3: Hero (8,784 in chips)
Seat 4: b07f34a4 (10,370 in chips)
Seat 5: a2fde23e (38,293 in chips)
Seat 6: eb77b612 (9,013 in chips)
Seat 7: 3ec7908 (10,160 in chips)
6438a7cf: posts the ante 45
Hero: posts the ante 45
8884bc3e: posts the ante 45
eb77b612: posts the ante 45
3ec7908: posts the ante 45
a2fde23e: posts the ante 45
b07f34a4: posts the ante 45
b07f34a4: posts small blind 150
a2fde23e: posts big blind 300
*** HOLE CARDS ***
Dealt to 6438a7cf 
Dealt to 8884bc3e 
Dealt to Hero [9c Td]
Dealt to b07f34a4 
Dealt to a2fde23e 
Dealt to eb77b612 
Dealt to 3ec7908 
eb77b612: folds
3ec7908: folds
6438a7cf: folds
8884bc3e: raises 300 to 600
Hero: calls 600
b07f34a4: folds
a2fde23e: folds
*** FLOP *** [8c Qs Qd]
8884bc3e: checks
Hero: bets 649
8884bc3e: raises 1,751 to 2,400
Hero: calls 1,751
*** TURN *** [8c Qs Qd] [2h]
8884bc3e: bets 2,412
Hero: raises 3,327 to 5,739 and is all-in
8884bc3e: calls 3,327
Hero: shows [9c Td] (a pair of Queens)
8884bc3e: shows [8h 8d] (a full house, Eights full of Queens)
*** RIVER *** [8c Qs Qd 2h] [5h]
*** SHOWDOWN ***
8884bc3e collected 18,243 from pot
*** SUMMARY ***
Total pot 18,243 | Rake 0 | Jackpot 0 | Bingo 0 | Fortune 0 | Tax 0
Board [8c Qs Qd 2h 5h]
Seat 1: 6438a7cf folded before Flop
Seat 2: 8884bc3e showed [8h 8d] and won (18,243) with a full house, Eights full of Queens
Seat 3: Hero (button) showed [9c Td] and lost with a pair of Queens
Seat 4: b07f34a4 (small blind) folded before Flop
Seat 5: a2fde23e (big blind) folded before Flop
Seat 6: eb77b612 folded before Flop
Seat 7: 3ec7908 folded before Flop


Poker Hand #TM5546931524: Tournament #261079109, Bounty Hunters Special $15 [7-Max] Hold'em No Limit - Level6(150/300(45)) - 2026/02/04 23:44:08
Table '10' 7-max Seat #2 is the button
Seat 1: 6438a7cf (25,220 in chips)
Seat 2: 8884bc3e (10,400 in chips)
Seat 3: Hero (8,979 in chips)
Seat 4: b07f34a4 (10,715 in chips)
Seat 5: a2fde23e (37,573 in chips)
Seat 6: eb77b612 (9,058 in chips)
Seat 7: 3ec7908 (10,205 in chips)
6438a7cf: posts the ante 45
Hero: posts the ante 45
8884bc3e: posts the ante 45
eb77b612: posts the ante 45
3ec7908: posts the ante 45
a2fde23e: posts the ante 45
b07f34a4: posts the ante 45
Hero: posts small blind 150
b07f34a4: posts big blind 300
*** HOLE CARDS ***
Dealt to 6438a7cf 
Dealt to 8884bc3e 
Dealt to Hero [4s Kd]
Dealt to b07f34a4 
Dealt to a2fde23e 
Dealt to eb77b612 
Dealt to 3ec7908 
a2fde23e: raises 330 to 630
eb77b612: folds
3ec7908: folds
6438a7cf: folds
8884bc3e: folds
Hero: folds
b07f34a4: folds
Uncalled bet (330) returned to a2fde23e
*** SHOWDOWN ***
a2fde23e collected 1,065 from pot
*** SUMMARY ***
Total pot 1,065 | Rake 0 | Jackpot 0 | Bingo 0 | Fortune 0 | Tax 0
Seat 1: 6438a7cf folded before Flop
Seat 2: 8884bc3e (button) folded before Flop
Seat 3: Hero (small blind) folded before Flop
Seat 4: b07f34a4 (big blind) folded before Flop
Seat 5: a2fde23e collected (1,065)
Seat 6: eb77b612 folded before Flop
Seat 7: 3ec7908 folded before Flop


Poker Hand #TM5546931511: Tournament #261079109, Bounty Hunters Special $15 [7-Max] Hold'em No Limit - Level6(150/300(45)) - 2026/02/04 23:43:33
Table '10' 7-max Seat #1 is the button
Seat 1: 6438a7cf (24,245 in chips)
Seat 2: 8884bc3e (10,595 in chips)
Seat 3: Hero (9,624 in chips)
Seat 4: b07f34a4 (10,760 in chips)
Seat 5: a2fde23e (37,618 in chips)
Seat 6: eb77b612 (9,103 in chips)
6438a7cf: posts the ante 45
Hero: posts the ante 45
eb77b612: posts the ante 45
8884bc3e: posts the ante 45
a2fde23e: posts the ante 45
b07f34a4: posts the ante 45
8884bc3e: posts small blind 150
Hero: posts big blind 300
*** HOLE CARDS ***
Dealt to 6438a7cf 
Dealt to 8884bc3e 
Dealt to Hero [6s 5h]
Dealt to b07f34a4 
Dealt to a2fde23e 
Dealt to eb77b612 
b07f34a4: folds
a2fde23e: folds
eb77b612: folds
6438a7cf: raises 300 to 600
8884bc3e: folds
Hero: calls 300
*** FLOP *** [Qc 9h Ah]
Hero: checks
6438a7cf: bets 535
Hero: folds
Uncalled bet (535) returned to 6438a7cf
*** SHOWDOWN ***
6438a7cf collected 1,620 from pot
*** SUMMARY ***
Total pot 1,620 | Rake 0 | Jackpot 0 | Bingo 0 | Fortune 0 | Tax 0
Board [Qc 9h Ah]
Seat 1: 6438a7cf (button) won (1,620)
Seat 2: 8884bc3e (small blind) folded before Flop
Seat 3: Hero (big blind) folded on the Flop
Seat 4: b07f34a4 folded before Flop
Seat 5: a2fde23e folded before Flop
Seat 6: eb77b612 folded before Flop


Poker Hand #TM5546931479: Tournament #261079109, Bounty Hunters Special $15 [7-Max] Hold'em No Limit - Level6(150/300(45)) - 2026/02/04 23:42:19
Table '10' 7-max Seat #6 is the button
Seat 1: 6438a7cf (14,306 in chips)
Seat 2: 8884bc3e (11,240 in chips)
Seat 3: Hero (11,552 in chips)
Seat 4: b07f34a4 (10,805 in chips)
Seat 5: a2fde23e (37,663 in chips)
Seat 6: eb77b612 (9,148 in chips)
Seat 7: 127a86bd (7,231 in chips)
6438a7cf: posts the ante 45
Hero: posts the ante 45
eb77b612: posts the ante 45
8884bc3e: posts the ante 45
a2fde23e: posts the ante 45
b07f34a4: posts the ante 45
127a86bd: posts the ante 45
127a86bd: posts small blind 150
6438a7cf: posts big blind 300
*** HOLE CARDS ***
Dealt to 6438a7cf 
Dealt to 8884bc3e 
Dealt to Hero [Qh Jc]
Dealt to b07f34a4 
Dealt to a2fde23e 
Dealt to eb77b612 
Dealt to 127a86bd 
8884bc3e: raises 300 to 600
Hero: raises 1,283 to 1,883
b07f34a4: folds
a2fde23e: folds
eb77b612: folds
127a86bd: raises 5,303 to 7,186 and is all-in
6438a7cf: raises 7,075 to 14,261 and is all-in
8884bc3e: folds
Hero: folds
Uncalled bet (7,075) returned to 6438a7cf
6438a7cf: shows [As Ad]
127a86bd: shows [Tc Ac]
*** FLOP *** [7h Jh 6s]
*** TURN *** [7h Jh 6s] [Qc]
*** RIVER *** [7h Jh 6s Qc] [Qd]
Hero: shows [Qh] (three of a kind, Queens)
*** SHOWDOWN ***
6438a7cf collected 17,170 from pot
*** SUMMARY ***
Total pot 17,170 | Rake 0 | Jackpot 0 | Bingo 0 | Fortune 0 | Tax 0
Board [7h Jh 6s Qc Qd]
Seat 1: 6438a7cf (big blind) showed [As Ad] and won (17,170) with two pair, Aces and Queens
Seat 2: 8884bc3e folded before Flop
Seat 3: Hero folded before Flop
Seat 4: b07f34a4 folded before Flop
Seat 5: a2fde23e folded before Flop
Seat 6: eb77b612 (button) folded before Flop
Seat 7: 127a86bd (small blind) showed [Tc Ac] and lost with a pair of Queens


Poker Hand #TM5546931467: Tournament #261079109, Bounty Hunters Special $15 [7-Max] Hold'em No Limit - Level6(150/300(45)) - 2026/02/04 23:41:41
Table '10' 7-max Seat #5 is the button
Seat 1: 6438a7cf (14,351 in chips)
Seat 2: 8884bc3e (11,285 in chips)
Seat 3: Hero (11,597 in chips)
Seat 4: b07f34a4 (10,850 in chips)
Seat 5: a2fde23e (37,708 in chips)
Seat 6: eb77b612 (8,578 in chips)
Seat 7: 127a86bd (7,576 in chips)
6438a7cf: posts the ante 45
Hero: posts the ante 45
8884bc3e: posts the ante 45
eb77b612: posts the ante 45
a2fde23e: posts the ante 45
b07f34a4: posts the ante 45
127a86bd: posts the ante 45
eb77b612: posts small blind 150
127a86bd: posts big blind 300
*** HOLE CARDS ***
Dealt to 6438a7cf 
Dealt to 8884bc3e 
Dealt to Hero [2s Jh]
Dealt to b07f34a4 
Dealt to a2fde23e 
Dealt to eb77b612 
Dealt to 127a86bd 
6438a7cf: folds
8884bc3e: folds
Hero: folds
b07f34a4: folds
a2fde23e: folds
eb77b612: raises 450 to 750
127a86bd: folds
Uncalled bet (450) returned to eb77b612
*** SHOWDOWN ***
eb77b612 collected 915 from pot
*** SUMMARY ***
Total pot 915 | Rake 0 | Jackpot 0 | Bingo 0 | Fortune 0 | Tax 0
Seat 1: 6438a7cf folded before Flop
Seat 2: 8884bc3e folded before Flop
Seat 3: Hero folded before Flop
Seat 4: b07f34a4 folded before Flop
Seat 5: a2fde23e (button) folded before Flop
Seat 6: eb77b612 (small blind) collected (915)
Seat 7: 127a86bd (big blind) folded before Flop


Poker Hand #TM5546931441: Tournament #261079109, Bounty Hunters Special $15 [7-Max] Hold'em No Limit - Level6(150/300(45)) - 2026/02/04 23:40:24
Table '10' 7-max Seat #4 is the button
Seat 1: 6438a7cf (14,396 in chips)
Seat 2: 8884bc3e (16,746 in chips)
Seat 3: Hero (5,461 in chips)
Seat 4: b07f34a4 (10,895 in chips)
Seat 5: a2fde23e (37,903 in chips)
Seat 6: eb77b612 (8,923 in chips)
Seat 7: 127a86bd (7,621 in chips)
6438a7cf: posts the ante 45
Hero: posts the ante 45
8884bc3e: posts the ante 45
eb77b612: posts the ante 45
b07f34a4: posts the ante 45
a2fde23e: posts the ante 45
127a86bd: posts the ante 45
a2fde23e: posts small blind 150
eb77b612: posts big blind 300
*** HOLE CARDS ***
Dealt to 6438a7cf 
Dealt to 8884bc3e 
Dealt to Hero [Kd Ks]
Dealt to b07f34a4 
Dealt to a2fde23e 
Dealt to eb77b612 
Dealt to 127a86bd 
127a86bd: folds
6438a7cf: folds
8884bc3e: raises 300 to 600
Hero: raises 4,816 to 5,416 and is all-in
b07f34a4: folds
a2fde23e: folds
eb77b612: folds
8884bc3e: calls 4,816
Hero: shows [Kd Ks]
8884bc3e: shows [As Ac]
*** FLOP *** [7s Kh 9c]
*** TURN *** [7s Kh 9c] [Qc]
*** RIVER *** [7s Kh 9c Qc] [2s]
*** SHOWDOWN ***
Hero collected 11,597 from pot
*** SUMMARY ***
Total pot 11,597 | Rake 0 | Jackpot 0 | Bingo 0 | Fortune 0 | Tax 0
Board [7s Kh 9c Qc 2s]
Seat 1: 6438a7cf folded before Flop
Seat 2: 8884bc3e showed [As Ac] and lost with a pair of Aces
Seat 3: Hero showed [Kd Ks] and won (11,597) with three of a kind, Kings
Seat 4: b07f34a4 (button) folded before Flop
Seat 5: a2fde23e (small blind) folded before Flop
Seat 6: eb77b612 (big blind) folded before Flop
Seat 7: 127a86bd folded before Flop


Poker Hand #TM5546931412: Tournament #261079109, Bounty Hunters Special $15 [7-Max] Hold'em No Limit - Level6(150/300(45)) - 2026/02/04 23:39:14
Table '10' 7-max Seat #3 is the button
Seat 1: 6438a7cf (15,041 in chips)
Seat 2: 8884bc3e (17,391 in chips)
Seat 3: Hero (7,539 in chips)
Seat 4: b07f34a4 (11,090 in chips)
Seat 5: a2fde23e (34,250 in chips)
Seat 6: eb77b612 (8,968 in chips)
Seat 7: 127a86bd (7,666 in chips)
6438a7cf: posts the ante 45
Hero: posts the ante 45
8884bc3e: posts the ante 45
eb77b612: posts the ante 45
a2fde23e: posts the ante 45
b07f34a4: posts the ante 45
127a86bd: posts the ante 45
b07f34a4: posts small blind 150
a2fde23e: posts big blind 300
*** HOLE CARDS ***
Dealt to 6438a7cf 
Dealt to 8884bc3e 
Dealt to Hero [6h 5h]
Dealt to b07f34a4 
Dealt to a2fde23e 
Dealt to eb77b612 
Dealt to 127a86bd 
eb77b612: folds
127a86bd: folds
6438a7cf: raises 300 to 600
8884bc3e: calls 600
Hero: calls 600
b07f34a4: folds
a2fde23e: raises 1,433 to 2,033
6438a7cf: folds
8884bc3e: folds
Hero: calls 1,433
*** FLOP *** [Ks 9d Ah]
a2fde23e: bets 1,892
Hero: folds
Uncalled bet (1,892) returned to a2fde23e
*** SHOWDOWN ***
a2fde23e collected 5,731 from pot
*** SUMMARY ***
Total pot 5,731 | Rake 0 | Jackpot 0 | Bingo 0 | Fortune 0 | Tax 0
Board [Ks 9d Ah]
Seat 1: 6438a7cf folded before Flop
Seat 2: 8884bc3e folded before Flop
Seat 3: Hero (button) folded on the Flop
Seat 4: b07f34a4 (small blind) folded before Flop
Seat 5: a2fde23e (big blind) won (5,731)
Seat 6: eb77b612 folded before Flop
Seat 7: 127a86bd folded before Flop


Poker Hand #TM5546931401: Tournament #261079109, Bounty Hunters Special $15 [7-Max] Hold'em No Limit - Level6(150/300(45)) - 2026/02/04 23:38:47
Table '10' 7-max Seat #2 is the button
Seat 1: 6438a7cf (15,086 in chips)
Seat 2: 8884bc3e (17,436 in chips)
Seat 3: Hero (7,734 in chips)
Seat 4: b07f34a4 (10,670 in chips)
Seat 5: a2fde23e (34,295 in chips)
Seat 6: eb77b612 (9,013 in chips)
Seat 7: 127a86bd (7,711 in chips)
6438a7cf: posts the ante 45
Hero: posts the ante 45
8884bc3e: posts the ante 45
eb77b612: posts the ante 45
a2fde23e: posts the ante 45
b07f34a4: posts the ante 45
127a86bd: posts the ante 45
Hero: posts small blind 150
b07f34a4: posts big blind 300
*** HOLE CARDS ***
Dealt to 6438a7cf 
Dealt to 8884bc3e 
Dealt to Hero [Js 2d]
Dealt to b07f34a4 
Dealt to a2fde23e 
Dealt to eb77b612 
Dealt to 127a86bd 
a2fde23e: folds
eb77b612: folds
127a86bd: folds
6438a7cf: folds
8884bc3e: folds
Hero: folds
Uncalled bet (150) returned to b07f34a4
*** SHOWDOWN ***
b07f34a4 collected 615 from pot
*** SUMMARY ***
Total pot 615 | Rake 0 | Jackpot 0 | Bingo 0 | Fortune 0 | Tax 0
Seat 1: 6438a7cf folded before Flop
Seat 2: 8884bc3e (button) folded before Flop
Seat 3: Hero (small blind) folded before Flop
Seat 4: b07f34a4 (big blind) collected (615)
Seat 5: a2fde23e folded before Flop
Seat 6: eb77b612 folded before Flop
Seat 7: 127a86bd folded before Flop


Poker Hand #TM5546931373: Tournament #261079109, Bounty Hunters Special $15 [7-Max] Hold'em No Limit - Level6(150/300(45)) - 2026/02/04 23:37:43
Table '10' 7-max Seat #1 is the button
Seat 1: 6438a7cf (15,131 in chips)
Seat 2: 8884bc3e (15,502 in chips)
Seat 3: Hero (9,443 in chips)
Seat 4: b07f34a4 (10,715 in chips)
Seat 5: a2fde23e (34,340 in chips)
Seat 6: eb77b612 (9,058 in chips)
Seat 7: 127a86bd (7,756 in chips)
6438a7cf: posts the ante 45
Hero: posts the ante 45
eb77b612: posts the ante 45
8884bc3e: posts the ante 45
a2fde23e: posts the ante 45
b07f34a4: posts the ante 45
127a86bd: posts the ante 45
8884bc3e: posts small blind 150
Hero: posts big blind 300
*** HOLE CARDS ***
Dealt to 6438a7cf 
Dealt to 8884bc3e 
Dealt to Hero [5d Ah]
Dealt to b07f34a4 
Dealt to a2fde23e 
Dealt to eb77b612 
Dealt to 127a86bd 
b07f34a4: folds
a2fde23e: folds
eb77b612: folds
127a86bd: folds
6438a7cf: folds
8884bc3e: calls 150
Hero: raises 600 to 900
8884bc3e: calls 600
*** FLOP *** [6s 4s 5h]
8884bc3e: checks
Hero: checks
*** TURN *** [6s 4s 5h] [Jc]
8884bc3e: checks
Hero: checks
*** RIVER *** [6s 4s 5h Jc] [8h]
8884bc3e: bets 764
Hero: calls 764
8884bc3e: shows [8d 6c] (two pair, Eights and Sixes)
Hero: shows [5d Ah] (a pair of Fives)
*** SHOWDOWN ***
8884bc3e collected 3,643 from pot
*** SUMMARY ***
Total pot 3,643 | Rake 0 | Jackpot 0 | Bingo 0 | Fortune 0 | Tax 0
Board [6s 4s 5h Jc 8h]
Seat 1: 6438a7cf (button) folded before Flop
Seat 2: 8884bc3e (small blind) showed [8d 6c] and won (3,643) with two pair, Eights and Sixes
Seat 3: Hero (big blind) showed [5d Ah] and lost with a pair of Fives
Seat 4: b07f34a4 folded before Flop
Seat 5: a2fde23e folded before Flop
Seat 6: eb77b612 folded before Flop
Seat 7: 127a86bd folded before Flop


Poker Hand #TM5546931352: Tournament #261079109, Bounty Hunters Special $15 [7-Max] Hold'em No Limit - Level6(150/300(45)) - 2026/02/04 23:36:49
Table '10' 7-max Seat #7 is the button
Seat 1: 6438a7cf (15,326 in chips)
Seat 2: 8884bc3e (16,147 in chips)
Seat 3: Hero (9,488 in chips)
Seat 4: b07f34a4 (10,760 in chips)
Seat 5: a2fde23e (34,385 in chips)
Seat 6: eb77b612 (9,103 in chips)
Seat 7: 127a86bd (6,736 in chips)
6438a7cf: posts the ante 45
Hero: posts the ante 45
eb77b612: posts the ante 45
8884bc3e: posts the ante 45
a2fde23e: posts the ante 45
b07f34a4: posts the ante 45
127a86bd: posts the ante 45
6438a7cf: posts small blind 150
8884bc3e: posts big blind 300
*** HOLE CARDS ***
Dealt to 6438a7cf 
Dealt to 8884bc3e 
Dealt to Hero [Qd 2h]
Dealt to b07f34a4 
Dealt to a2fde23e 
Dealt to eb77b612 
Dealt to 127a86bd 
Hero: folds
b07f34a4: folds
a2fde23e: folds
eb77b612: folds
127a86bd: raises 300 to 600
6438a7cf: folds
8884bc3e: calls 300
*** FLOP *** [9h Qs Ts]
8884bc3e: checks
127a86bd: bets 833
8884bc3e: folds
Uncalled bet (833) returned to 127a86bd
*** SHOWDOWN ***
127a86bd collected 1,665 from pot
*** SUMMARY ***
Total pot 1,665 | Rake 0 | Jackpot 0 | Bingo 0 | Fortune 0 | Tax 0
Board [9h Qs Ts]
Seat 1: 6438a7cf (small blind) folded before Flop
Seat 2: 8884bc3e (big blind) folded on the Flop
Seat 3: Hero folded before Flop
Seat 4: b07f34a4 folded before Flop
Seat 5: a2fde23e folded before Flop
Seat 6: eb77b612 folded before Flop
Seat 7: 127a86bd (button) won (1,665)


Poker Hand #TM5546931317: Tournament #261079109, Bounty Hunters Special $15 [7-Max] Hold'em No Limit - Level5(125/250(35)) - 2026/02/04 23:35:26
Table '10' 7-max Seat #6 is the button
Seat 1: 6438a7cf (15,861 in chips)
Seat 2: 8884bc3e (16,682 in chips)
Seat 3: Hero (9,523 in chips)
Seat 4: b07f34a4 (8,925 in chips)
Seat 5: a2fde23e (34,420 in chips)
Seat 6: eb77b612 (9,638 in chips)
Seat 7: 127a86bd (6,896 in chips)
6438a7cf: posts the ante 35
Hero: posts the ante 35
eb77b612: posts the ante 35
8884bc3e: posts the ante 35
a2fde23e: posts the ante 35
b07f34a4: posts the ante 35
127a86bd: posts the ante 35
127a86bd: posts small blind 125
6438a7cf: posts big blind 250
*** HOLE CARDS ***
Dealt to 6438a7cf 
Dealt to 8884bc3e 
Dealt to Hero [6c 2d]
Dealt to b07f34a4 
Dealt to a2fde23e 
Dealt to eb77b612 
Dealt to 127a86bd 
8884bc3e: raises 250 to 500
Hero: folds
b07f34a4: calls 500
a2fde23e: folds
eb77b612: calls 500
127a86bd: folds
6438a7cf: calls 250
*** FLOP *** [2c Qc 3s]
6438a7cf: checks
8884bc3e: checks
b07f34a4: bets 1,304
eb77b612: folds
6438a7cf: folds
8884bc3e: folds
Uncalled bet (1,304) returned to b07f34a4
*** SHOWDOWN ***
b07f34a4 collected 2,370 from pot
*** SUMMARY ***
Total pot 2,370 | Rake 0 | Jackpot 0 | Bingo 0 | Fortune 0 | Tax 0
Board [2c Qc 3s]
Seat 1: 6438a7cf (big blind) folded on the Flop
Seat 2: 8884bc3e folded on the Flop
Seat 3: Hero folded before Flop
Seat 4: b07f34a4 won (2,370)
Seat 5: a2fde23e folded before Flop
Seat 6: eb77b612 (button) folded on the Flop
Seat 7: 127a86bd (small blind) folded before Flop


Poker Hand #TM5546931298: Tournament #261079109, Bounty Hunters Special $15 [7-Max] Hold'em No Limit - Level5(125/250(35)) - 2026/02/04 23:34:40
Table '10' 7-max Seat #5 is the button
Seat 1: 6438a7cf (16,396 in chips)
Seat 2: 8884bc3e (18,467 in chips)
Seat 3: Hero (9,558 in chips)
Seat 4: b07f34a4 (8,960 in chips)
Seat 5: a2fde23e (34,455 in chips)
Seat 6: eb77b612 (6,928 in chips)
Seat 7: 127a86bd (7,181 in chips)
6438a7cf: posts the ante 35
Hero: posts the ante 35
8884bc3e: posts the ante 35
eb77b612: posts the ante 35
a2fde23e: posts the ante 35
b07f34a4: posts the ante 35
127a86bd: posts the ante 35
eb77b612: posts small blind 125
127a86bd: posts big blind 250
*** HOLE CARDS ***
Dealt to 6438a7cf 
Dealt to 8884bc3e 
Dealt to Hero [2c Kc]
Dealt to b07f34a4 
Dealt to a2fde23e 
Dealt to eb77b612 
Dealt to 127a86bd 
6438a7cf: raises 250 to 500
8884bc3e: raises 1,250 to 1,750
Hero: folds
b07f34a4: folds
a2fde23e: folds
eb77b612: raises 5,143 to 6,893 and is all-in
127a86bd: folds
6438a7cf: folds
8884bc3e: folds
Uncalled bet (5,143) returned to eb77b612
*** SHOWDOWN ***
eb77b612 collected 4,495 from pot
*** SUMMARY ***
Total pot 4,495 | Rake 0 | Jackpot 0 | Bingo 0 | Fortune 0 | Tax 0
Seat 1: 6438a7cf folded before Flop
Seat 2: 8884bc3e folded before Flop
Seat 3: Hero folded before Flop
Seat 4: b07f34a4 folded before Flop
Seat 5: a2fde23e (button) folded before Flop
Seat 6: eb77b612 (small blind) collected (4,495)
Seat 7: 127a86bd (big blind) folded before Flop


Poker Hand #TM5546931264: Tournament #261079109, Bounty Hunters Special $15 [7-Max] Hold'em No Limit - Level5(125/250(35)) - 2026/02/04 23:33:10
Table '10' 7-max Seat #4 is the button
Seat 1: 6438a7cf (16,431 in chips)
Seat 2: 8884bc3e (18,502 in chips)
Seat 3: Hero (9,593 in chips)
Seat 4: b07f34a4 (9,520 in chips)
Seat 5: a2fde23e (33,195 in chips)
Seat 6: eb77b612 (7,488 in chips)
Seat 7: 127a86bd (7,216 in chips)
6438a7cf: posts the ante 35
Hero: posts the ante 35
8884bc3e: posts the ante 35
eb77b612: posts the ante 35
b07f34a4: posts the ante 35
a2fde23e: posts the ante 35
127a86bd: posts the ante 35
a2fde23e: posts small blind 125
eb77b612: posts big blind 250
*** HOLE CARDS ***
Dealt to 6438a7cf 
Dealt to 8884bc3e 
Dealt to Hero [5d Ks]
Dealt to b07f34a4 
Dealt to a2fde23e 
Dealt to eb77b612 
Dealt to 127a86bd 
127a86bd: folds
6438a7cf: folds
8884bc3e: folds
Hero: folds
b07f34a4: raises 275 to 525
a2fde23e: calls 400
eb77b612: calls 275
*** FLOP *** [7d 2c 4c]
a2fde23e: checks
eb77b612: checks
b07f34a4: checks
*** TURN *** [7d 2c 4c] [Jh]
a2fde23e: bets 601
eb77b612: folds
b07f34a4: folds
Uncalled bet (601) returned to a2fde23e
*** SHOWDOWN ***
a2fde23e collected 1,820 from pot
*** SUMMARY ***
Total pot 1,820 | Rake 0 | Jackpot 0 | Bingo 0 | Fortune 0 | Tax 0
Board [7d 2c 4c Jh]
Seat 1: 6438a7cf folded before Flop
Seat 2: 8884bc3e folded before Flop
Seat 3: Hero folded before Flop
Seat 4: b07f34a4 (button) folded on the Turn
Seat 5: a2fde23e (small blind) won (1,820)
Seat 6: eb77b612 (big blind) folded on the Turn
Seat 7: 127a86bd folded before Flop


Poker Hand #TM5546931255: Tournament #261079109, Bounty Hunters Special $15 [7-Max] Hold'em No Limit - Level5(125/250(35)) - 2026/02/04 23:32:42
Table '10' 7-max Seat #3 is the button
Seat 1: 6438a7cf (16,466 in chips)
Seat 2: 8884bc3e (18,537 in chips)
Seat 3: Hero (9,628 in chips)
Seat 4: b07f34a4 (9,680 in chips)
Seat 5: a2fde23e (33,480 in chips)
Seat 6: eb77b612 (7,523 in chips)
Seat 7: 127a86bd (6,631 in chips)
6438a7cf: posts the ante 35
Hero: posts the ante 35
8884bc3e: posts the ante 35
eb77b612: posts the ante 35
a2fde23e: posts the ante 35
b07f34a4: posts the ante 35
127a86bd: posts the ante 35
b07f34a4: posts small blind 125
a2fde23e: posts big blind 250
*** HOLE CARDS ***
Dealt to 6438a7cf 
Dealt to 8884bc3e 
Dealt to Hero [3c Ad]
Dealt to b07f34a4 
Dealt to a2fde23e 
Dealt to eb77b612 
Dealt to 127a86bd 
eb77b612: folds
127a86bd: raises 250 to 500
6438a7cf: folds
8884bc3e: folds
Hero: folds
b07f34a4: folds
a2fde23e: folds
Uncalled bet (250) returned to 127a86bd
*** SHOWDOWN ***
127a86bd collected 870 from pot
*** SUMMARY ***
Total pot 870 | Rake 0 | Jackpot 0 | Bingo 0 | Fortune 0 | Tax 0
Seat 1: 6438a7cf folded before Flop
Seat 2: 8884bc3e folded before Flop
Seat 3: Hero (button) folded before Flop
Seat 4: b07f34a4 (small blind) folded before Flop
Seat 5: a2fde23e (big blind) folded before Flop
Seat 6: eb77b612 folded before Flop
Seat 7: 127a86bd collected (870)


Poker Hand #TM5546931230: Tournament #261079109, Bounty Hunters Special $15 [7-Max] Hold'em No Limit - Level5(125/250(35)) - 2026/02/04 23:31:52
Table '10' 7-max Seat #2 is the button
Seat 1: 6438a7cf (15,881 in chips)
Seat 2: 8884bc3e (18,572 in chips)
Seat 3: Hero (9,788 in chips)
Seat 4: b07f34a4 (9,965 in chips)
Seat 5: a2fde23e (33,515 in chips)
Seat 6: eb77b612 (7,558 in chips)
Seat 7: 127a86bd (6,666 in chips)
6438a7cf: posts the ante 35
Hero: posts the ante 35
8884bc3e: posts the ante 35
eb77b612: posts the ante 35
a2fde23e: posts the ante 35
b07f34a4: posts the ante 35
127a86bd: posts the ante 35
Hero: posts small blind 125
b07f34a4: posts big blind 250
*** HOLE CARDS ***
Dealt to 6438a7cf 
Dealt to 8884bc3e 
Dealt to Hero [4s 2s]
Dealt to b07f34a4 
Dealt to a2fde23e 
Dealt to eb77b612 
Dealt to 127a86bd 
a2fde23e: folds
eb77b612: folds
127a86bd: folds
6438a7cf: raises 250 to 500
8884bc3e: folds
Hero: folds
b07f34a4: folds
Uncalled bet (250) returned to 6438a7cf
*** SHOWDOWN ***
6438a7cf collected 870 from pot
*** SUMMARY ***
Total pot 870 | Rake 0 | Jackpot 0 | Bingo 0 | Fortune 0 | Tax 0
Seat 1: 6438a7cf collected (870)
Seat 2: 8884bc3e (button) folded before Flop
Seat 3: Hero (small blind) folded before Flop
Seat 4: b07f34a4 (big blind) folded before Flop
Seat 5: a2fde23e folded before Flop
Seat 6: eb77b612 folded before Flop
Seat 7: 127a86bd folded before Flop


Poker Hand #TM5546931210: Tournament #261079109, Bounty Hunters Special $15 [7-Max] Hold'em No Limit - Level5(125/250(35)) - 2026/02/04 23:31:12
Table '10' 7-max Seat #1 is the button
Seat 1: 6438a7cf (15,916 in chips)
Seat 2: 8884bc3e (18,732 in chips)
Seat 3: Hero (10,073 in chips)
Seat 4: b07f34a4 (10,000 in chips)
Seat 5: a2fde23e (32,930 in chips)
Seat 6: eb77b612 (7,593 in chips)
Seat 7: 127a86bd (6,701 in chips)
6438a7cf: posts the ante 35
Hero: posts the ante 35
eb77b612: posts the ante 35
8884bc3e: posts the ante 35
a2fde23e: posts the ante 35
b07f34a4: posts the ante 35
127a86bd: posts the ante 35
8884bc3e: posts small blind 125
Hero: posts big blind 250
*** HOLE CARDS ***
Dealt to 6438a7cf 
Dealt to 8884bc3e 
Dealt to Hero [4d 3c]
Dealt to b07f34a4 
Dealt to a2fde23e 
Dealt to eb77b612 
Dealt to 127a86bd 
b07f34a4: folds
a2fde23e: calls 250
eb77b612: folds
127a86bd: folds
6438a7cf: folds
8884bc3e: folds
Hero: checks
*** FLOP *** [Ad Ks 4c]
Hero: checks
a2fde23e: bets 435
Hero: folds
Uncalled bet (435) returned to a2fde23e
*** SHOWDOWN ***
a2fde23e collected 870 from pot
*** SUMMARY ***
Total pot 870 | Rake 0 | Jackpot 0 | Bingo 0 | Fortune 0 | Tax 0
Board [Ad Ks 4c]
Seat 1: 6438a7cf (button) folded before Flop
Seat 2: 8884bc3e (small blind) folded before Flop
Seat 3: Hero (big blind) folded on the Flop
Seat 4: b07f34a4 folded before Flop
Seat 5: a2fde23e won (870)
Seat 6: eb77b612 folded before Flop
Seat 7: 127a86bd folded before Flop


Poker Hand #TM5546931181: Tournament #261079109, Bounty Hunters Special $15 [7-Max] Hold'em No Limit - Level5(125/250(35)) - 2026/02/04 23:30:05
Table '10' 7-max Seat #7 is the button
Seat 1: 6438a7cf (16,076 in chips)
Seat 2: 8884bc3e (19,017 in chips)
Seat 3: Hero (10,108 in chips)
Seat 5: a2fde23e (32,965 in chips)
Seat 6: eb77b612 (8,128 in chips)
Seat 7: 127a86bd (5,651 in chips)
6438a7cf: posts the ante 35
Hero: posts the ante 35
eb77b612: posts the ante 35
8884bc3e: posts the ante 35
a2fde23e: posts the ante 35
127a86bd: posts the ante 35
6438a7cf: posts small blind 125
8884bc3e: posts big blind 250
*** HOLE CARDS ***
Dealt to 6438a7cf 
Dealt to 8884bc3e 
Dealt to Hero [Ac 3s]
Dealt to a2fde23e 
Dealt to eb77b612 
Dealt to 127a86bd 
Hero: folds
a2fde23e: folds
eb77b612: raises 250 to 500
127a86bd: raises 524 to 1,024
6438a7cf: folds
8884bc3e: folds
eb77b612: folds
Uncalled bet (524) returned to 127a86bd
*** SHOWDOWN ***
127a86bd collected 1,585 from pot
*** SUMMARY ***
Total pot 1,585 | Rake 0 | Jackpot 0 | Bingo 0 | Fortune 0 | Tax 0
Seat 1: 6438a7cf (small blind) folded before Flop
Seat 2: 8884bc3e (big blind) folded before Flop
Seat 3: Hero folded before Flop
Seat 5: a2fde23e folded before Flop
Seat 6: eb77b612 folded before Flop
Seat 7: 127a86bd (button) collected (1,585)


Poker Hand #TM5546931139: Tournament #261079109, Bounty Hunters Special $15 [7-Max] Hold'em No Limit - Level5(125/250(35)) - 2026/02/04 23:28:34
Table '10' 7-max Seat #6 is the button
Seat 1: 6438a7cf (16,361 in chips)
Seat 2: 8884bc3e (19,052 in chips)
Seat 3: Hero (10,143 in chips)
Seat 4: 7ad86063 (8,428 in chips)
Seat 5: a2fde23e (23,987 in chips)
Seat 6: eb77b612 (8,163 in chips)
Seat 7: 127a86bd (5,811 in chips)
6438a7cf: posts the ante 35
7ad86063: posts the ante 35
Hero: posts the ante 35
eb77b612: posts the ante 35
8884bc3e: posts the ante 35
a2fde23e: posts the ante 35
127a86bd: posts the ante 35
127a86bd: posts small blind 125
6438a7cf: posts big blind 250
*** HOLE CARDS ***
Dealt to 6438a7cf 
Dealt to 8884bc3e 
Dealt to Hero [Ad 6s]
Dealt to 7ad86063 
Dealt to a2fde23e 
Dealt to eb77b612 
Dealt to 127a86bd 
8884bc3e: folds
Hero: folds
7ad86063: raises 750 to 1,000
a2fde23e: calls 1,000
eb77b612: folds
127a86bd: folds
6438a7cf: folds
*** FLOP *** [7h Kh Tc]
7ad86063: checks
a2fde23e: bets 865
7ad86063: raises 2,175 to 3,040
a2fde23e: calls 2,175
*** TURN *** [7h Kh Tc] [5d]
7ad86063: bets 4,353 and is all-in
a2fde23e: calls 4,353
7ad86063: shows [Ah Kd] (a pair of Kings)
a2fde23e: shows [Qs Ts] (a pair of Tens)
*** RIVER *** [7h Kh Tc 5d] [Qd]
*** SHOWDOWN ***
a2fde23e collected 17,406 from pot
*** SUMMARY ***
Total pot 17,406 | Rake 0 | Jackpot 0 | Bingo 0 | Fortune 0 | Tax 0
Board [7h Kh Tc 5d Qd]
Seat 1: 6438a7cf (big blind) folded before Flop
Seat 2: 8884bc3e folded before Flop
Seat 3: Hero folded before Flop
Seat 4: 7ad86063 showed [Ah Kd] and lost with a pair of Kings
Seat 5: a2fde23e showed [Qs Ts] and won (17,406) with two pair, Queens and Tens
Seat 6: eb77b612 (button) folded before Flop
Seat 7: 127a86bd (small blind) folded before Flop


Poker Hand #TM5546931125: Tournament #261079109, Bounty Hunters Special $15 [7-Max] Hold'em No Limit - Level5(125/250(35)) - 2026/02/04 23:27:57
Table '10' 7-max Seat #5 is the button
Seat 1: 6438a7cf (16,396 in chips)
Seat 2: 8884bc3e (19,087 in chips)
Seat 3: Hero (10,178 in chips)
Seat 4: 7ad86063 (8,463 in chips)
Seat 5: a2fde23e (23,402 in chips)
Seat 6: eb77b612 (8,323 in chips)
Seat 7: 127a86bd (6,096 in chips)
6438a7cf: posts the ante 35
7ad86063: posts the ante 35
Hero: posts the ante 35
8884bc3e: posts the ante 35
eb77b612: posts the ante 35
a2fde23e: posts the ante 35
127a86bd: posts the ante 35
eb77b612: posts small blind 125
127a86bd: posts big blind 250
*** HOLE CARDS ***
Dealt to 6438a7cf 
Dealt to 8884bc3e 
Dealt to Hero [3s Jd]
Dealt to 7ad86063 
Dealt to a2fde23e 
Dealt to eb77b612 
Dealt to 127a86bd 
6438a7cf: folds
8884bc3e: folds
Hero: folds
7ad86063: folds
a2fde23e: raises 275 to 525
eb77b612: folds
127a86bd: folds
Uncalled bet (275) returned to a2fde23e
*** SHOWDOWN ***
a2fde23e collected 870 from pot
*** SUMMARY ***
Total pot 870 | Rake 0 | Jackpot 0 | Bingo 0 | Fortune 0 | Tax 0
Seat 1: 6438a7cf folded before Flop
Seat 2: 8884bc3e folded before Flop
Seat 3: Hero folded before Flop
Seat 4: 7ad86063 folded before Flop
Seat 5: a2fde23e (button) collected (870)
Seat 6: eb77b612 (small blind) folded before Flop
Seat 7: 127a86bd (big blind) folded before Flop


Poker Hand #TM5546931097: Tournament #261079109, Bounty Hunters Special $15 [7-Max] Hold'em No Limit - Level5(125/250(35)) - 2026/02/04 23:26:46
Table '10' 7-max Seat #4 is the button
Seat 1: 6438a7cf (16,431 in chips)
Seat 2: 8884bc3e (19,122 in chips)
Seat 3: Hero (9,343 in chips)
Seat 4: 7ad86063 (8,498 in chips)
Seat 5: a2fde23e (23,562 in chips)
Seat 6: eb77b612 (8,858 in chips)
Seat 7: 127a86bd (6,131 in chips)
6438a7cf: posts the ante 35
7ad86063: posts the ante 35
Hero: posts the ante 35
8884bc3e: posts the ante 35
eb77b612: posts the ante 35
a2fde23e: posts the ante 35
127a86bd: posts the ante 35
a2fde23e: posts small blind 125
eb77b612: posts big blind 250
*** HOLE CARDS ***
Dealt to 6438a7cf 
Dealt to 8884bc3e 
Dealt to Hero [Jd Jh]
Dealt to 7ad86063 
Dealt to a2fde23e 
Dealt to eb77b612 
Dealt to 127a86bd 
127a86bd: folds
6438a7cf: folds
8884bc3e: folds
Hero: raises 250 to 500
7ad86063: folds
a2fde23e: folds
eb77b612: calls 250
*** FLOP *** [8s 5d 5s]
eb77b612: checks
Hero: bets 685
eb77b612: folds
Uncalled bet (685) returned to Hero
*** SHOWDOWN ***
Hero collected 1,370 from pot
*** SUMMARY ***
Total pot 1,370 | Rake 0 | Jackpot 0 | Bingo 0 | Fortune 0 | Tax 0
Board [8s 5d 5s]
Seat 1: 6438a7cf folded before Flop
Seat 2: 8884bc3e folded before Flop
Seat 3: Hero won (1,370)
Seat 4: 7ad86063 (button) folded before Flop
Seat 5: a2fde23e (small blind) folded before Flop
Seat 6: eb77b612 (big blind) folded on the Flop
Seat 7: 127a86bd folded before Flop


Poker Hand #TM5546931066: Tournament #261079109, Bounty Hunters Special $15 [7-Max] Hold'em No Limit - Level5(125/250(35)) - 2026/02/04 23:25:29
Table '10' 7-max Seat #3 is the button
Seat 1: 6438a7cf (16,466 in chips)
Seat 2: 8884bc3e (20,110 in chips)
Seat 3: Hero (9,378 in chips)
Seat 4: 7ad86063 (8,658 in chips)
Seat 5: a2fde23e (22,274 in chips)
Seat 6: eb77b612 (8,893 in chips)
Seat 7: 127a86bd (6,166 in chips)
6438a7cf: posts the ante 35
7ad86063: posts the ante 35
Hero: posts the ante 35
8884bc3e: posts the ante 35
eb77b612: posts the ante 35
a2fde23e: posts the ante 35
127a86bd: posts the ante 35
7ad86063: posts small blind 125
a2fde23e: posts big blind 250
*** HOLE CARDS ***
Dealt to 6438a7cf 
Dealt to 8884bc3e 
Dealt to Hero [5s Tc]
Dealt to 7ad86063 
Dealt to a2fde23e 
Dealt to eb77b612 
Dealt to 127a86bd 
eb77b612: folds
127a86bd: folds
6438a7cf: folds
8884bc3e: raises 250 to 500
Hero: folds
7ad86063: folds
a2fde23e: calls 250
*** FLOP *** [Kc Ac Jc]
a2fde23e: bets 453
8884bc3e: calls 453
*** TURN *** [Kc Ac Jc] [6c]
a2fde23e: bets 1,138
8884bc3e: folds
Uncalled bet (1,138) returned to a2fde23e
*** SHOWDOWN ***
a2fde23e collected 2,276 from pot
*** SUMMARY ***
Total pot 2,276 | Rake 0 | Jackpot 0 | Bingo 0 | Fortune 0 | Tax 0
Board [Kc Ac Jc 6c]
Seat 1: 6438a7cf folded before Flop
Seat 2: 8884bc3e folded on the Turn
Seat 3: Hero (button) folded before Flop
Seat 4: 7ad86063 (small blind) folded before Flop
Seat 5: a2fde23e (big blind) won (2,276)
Seat 6: eb77b612 folded before Flop
Seat 7: 127a86bd folded before Flop


Poker Hand #TM5546931040: Tournament #261079109, Bounty Hunters Special $15 [7-Max] Hold'em No Limit - Level4(100/200(30)) - 2026/02/04 23:24:15
Table '10' 7-max Seat #2 is the button
Seat 1: 6438a7cf (7,808 in chips)
Seat 2: 8884bc3e (20,140 in chips)
Seat 3: Hero (9,508 in chips)
Seat 4: 7ad86063 (8,888 in chips)
Seat 5: a2fde23e (30,082 in chips)
Seat 6: eb77b612 (8,923 in chips)
Seat 7: 127a86bd (6,596 in chips)
6438a7cf: posts the ante 30
7ad86063: posts the ante 30
Hero: posts the ante 30
8884bc3e: posts the ante 30
eb77b612: posts the ante 30
a2fde23e: posts the ante 30
127a86bd: posts the ante 30
Hero: posts small blind 100
7ad86063: posts big blind 200
*** HOLE CARDS ***
Dealt to 6438a7cf 
Dealt to 8884bc3e 
Dealt to Hero [6s Jc]
Dealt to 7ad86063 
Dealt to a2fde23e 
Dealt to eb77b612 
Dealt to 127a86bd 
a2fde23e: calls 200
eb77b612: folds
127a86bd: raises 200 to 400
6438a7cf: raises 7,378 to 7,778 and is all-in
8884bc3e: folds
Hero: folds
7ad86063: folds
a2fde23e: calls 7,578
127a86bd: folds
6438a7cf: shows [Qh Qc]
a2fde23e: shows [9h 9c]
*** FLOP *** [Ts 2s 5h]
*** TURN *** [Ts 2s 5h] [6c]
*** RIVER *** [Ts 2s 5h 6c] [7d]
*** SHOWDOWN ***
6438a7cf collected 16,466 from pot
*** SUMMARY ***
Total pot 16,466 | Rake 0 | Jackpot 0 | Bingo 0 | Fortune 0 | Tax 0
Board [Ts 2s 5h 6c 7d]
Seat 1: 6438a7cf showed [Qh Qc] and won (16,466) with a pair of Queens
Seat 2: 8884bc3e (button) folded before Flop
Seat 3: Hero (small blind) folded before Flop
Seat 4: 7ad86063 (big blind) folded before Flop
Seat 5: a2fde23e showed [9h 9c] and lost with a pair of Nines
Seat 6: eb77b612 folded before Flop
Seat 7: 127a86bd folded before Flop


Poker Hand #TM5546931014: Tournament #261079109, Bounty Hunters Special $15 [7-Max] Hold'em No Limit - Level4(100/200(30)) - 2026/02/04 23:23:29
Table '10' 7-max Seat #1 is the button
Seat 1: 6438a7cf (7,838 in chips)
Seat 2: 8884bc3e (20,270 in chips)
Seat 3: Hero (9,738 in chips)
Seat 4: 7ad86063 (8,408 in chips)
Seat 5: a2fde23e (30,112 in chips)
Seat 6: eb77b612 (8,953 in chips)
Seat 7: 127a86bd (6,626 in chips)
6438a7cf: posts the ante 30
7ad86063: posts the ante 30
Hero: posts the ante 30
eb77b612: posts the ante 30
8884bc3e: posts the ante 30
a2fde23e: posts the ante 30
127a86bd: posts the ante 30
8884bc3e: posts small blind 100
Hero: posts big blind 200
*** HOLE CARDS ***
Dealt to 6438a7cf 
Dealt to 8884bc3e 
Dealt to Hero [7s 2s]
Dealt to 7ad86063 
Dealt to a2fde23e 
Dealt to eb77b612 
Dealt to 127a86bd 
7ad86063: calls 200
a2fde23e: folds
eb77b612: folds
127a86bd: folds
6438a7cf: folds
8884bc3e: folds
Hero: checks
*** FLOP *** [9h As Ad]
Hero: checks
7ad86063: bets 355
Hero: folds
Uncalled bet (355) returned to 7ad86063
*** SHOWDOWN ***
7ad86063 collected 710 from pot
*** SUMMARY ***
Total pot 710 | Rake 0 | Jackpot 0 | Bingo 0 | Fortune 0 | Tax 0
Board [9h As Ad]
Seat 1: 6438a7cf (button) folded before Flop
Seat 2: 8884bc3e (small blind) folded before Flop
Seat 3: Hero (big blind) folded on the Flop
Seat 4: 7ad86063 won (710)
Seat 5: a2fde23e folded before Flop
Seat 6: eb77b612 folded before Flop
Seat 7: 127a86bd folded before Flop


Poker Hand #TM5546931006: Tournament #261079109, Bounty Hunters Special $15 [7-Max] Hold'em No Limit - Level4(100/200(30)) - 2026/02/04 23:23:07
Table '10' 7-max Seat #7 is the button
Seat 1: 6438a7cf (7,968 in chips)
Seat 2: 8884bc3e (19,990 in chips)
Seat 3: Hero (9,768 in chips)
Seat 4: 7ad86063 (8,438 in chips)
Seat 5: a2fde23e (30,142 in chips)
Seat 6: eb77b612 (8,983 in chips)
Seat 7: 127a86bd (6,656 in chips)
6438a7cf: posts the ante 30
7ad86063: posts the ante 30
Hero: posts the ante 30
eb77b612: posts the ante 30
8884bc3e: posts the ante 30
a2fde23e: posts the ante 30
127a86bd: posts the ante 30
6438a7cf: posts small blind 100
8884bc3e: posts big blind 200
*** HOLE CARDS ***
Dealt to 6438a7cf 
Dealt to 8884bc3e 
Dealt to Hero [Jh 7d]
Dealt to 7ad86063 
Dealt to a2fde23e 
Dealt to eb77b612 
Dealt to 127a86bd 
Hero: folds
7ad86063: folds
a2fde23e: folds
eb77b612: folds
127a86bd: folds
6438a7cf: folds
Uncalled bet (100) returned to 8884bc3e
*** SHOWDOWN ***
8884bc3e collected 410 from pot
*** SUMMARY ***
Total pot 410 | Rake 0 | Jackpot 0 | Bingo 0 | Fortune 0 | Tax 0
Seat 1: 6438a7cf (small blind) folded before Flop
Seat 2: 8884bc3e (big blind) collected (410)
Seat 3: Hero folded before Flop
Seat 4: 7ad86063 folded before Flop
Seat 5: a2fde23e folded before Flop
Seat 6: eb77b612 folded before Flop
Seat 7: 127a86bd (button) folded before Flop


Poker Hand #TM5546930974: Tournament #261079109, Bounty Hunters Special $15 [7-Max] Hold'em No Limit - Level4(100/200(30)) - 2026/02/04 23:21:57
Table '10' 7-max Seat #6 is the button
Seat 1: 6438a7cf (8,198 in chips)
Seat 2: 8884bc3e (20,020 in chips)
Seat 3: Hero (9,798 in chips)
Seat 4: 7ad86063 (4,044 in chips)
Seat 5: a2fde23e (30,172 in chips)
Seat 6: eb77b612 (9,013 in chips)
Seat 7: 127a86bd (10,700 in chips)
6438a7cf: posts the ante 30
7ad86063: posts the ante 30
Hero: posts the ante 30
eb77b612: posts the ante 30
8884bc3e: posts the ante 30
a2fde23e: posts the ante 30
127a86bd: posts the ante 30
127a86bd: posts small blind 100
6438a7cf: posts big blind 200
*** HOLE CARDS ***
Dealt to 6438a7cf 
Dealt to 8884bc3e 
Dealt to Hero [Tc 2c]
Dealt to 7ad86063 
Dealt to a2fde23e 
Dealt to eb77b612 
Dealt to 127a86bd 
8884bc3e: folds
Hero: folds
7ad86063: calls 200
a2fde23e: folds
eb77b612: folds
127a86bd: raises 810 to 1,010
6438a7cf: folds
7ad86063: raises 3,004 to 4,014 and is all-in
127a86bd: calls 3,004
7ad86063: shows [6d 6h]
127a86bd: shows [Ac Kh]
*** FLOP *** [Ah 3h 6c]
*** TURN *** [Ah 3h 6c] [4d]
*** RIVER *** [Ah 3h 6c 4d] [Kc]
*** SHOWDOWN ***
7ad86063 collected 8,438 from pot
*** SUMMARY ***
Total pot 8,438 | Rake 0 | Jackpot 0 | Bingo 0 | Fortune 0 | Tax 0
Board [Ah 3h 6c 4d Kc]
Seat 1: 6438a7cf (big blind) folded before Flop
Seat 2: 8884bc3e folded before Flop
Seat 3: Hero folded before Flop
Seat 4: 7ad86063 showed [6d 6h] and won (8,438) with three of a kind, Sixes
Seat 5: a2fde23e folded before Flop
Seat 6: eb77b612 (button) folded before Flop
Seat 7: 127a86bd (small blind) showed [Ac Kh] and lost with two pair, Aces and Kings


Poker Hand #TM5546930949: Tournament #261079109, Bounty Hunters Special $15 [7-Max] Hold'em No Limit - Level4(100/200(30)) - 2026/02/04 23:20:51
Table '10' 7-max Seat #5 is the button
Seat 1: 6438a7cf (8,228 in chips)
Seat 2: 8884bc3e (20,050 in chips)
Seat 3: Hero (9,828 in chips)
Seat 4: 7ad86063 (4,074 in chips)
Seat 5: a2fde23e (30,622 in chips)
Seat 6: eb77b612 (9,143 in chips)
Seat 7: 127a86bd (10,000 in chips)
6438a7cf: posts the ante 30
7ad86063: posts the ante 30
Hero: posts the ante 30
8884bc3e: posts the ante 30
eb77b612: posts the ante 30
a2fde23e: posts the ante 30
127a86bd: posts the ante 30
eb77b612: posts small blind 100
127a86bd: posts big blind 200
*** HOLE CARDS ***
Dealt to 6438a7cf 
Dealt to 8884bc3e 
Dealt to Hero [7c 9d]
Dealt to 7ad86063 
Dealt to a2fde23e 
Dealt to eb77b612 
Dealt to 127a86bd 
6438a7cf: folds
8884bc3e: folds
Hero: folds
7ad86063: folds
a2fde23e: raises 220 to 420
eb77b612: folds
127a86bd: calls 220
*** FLOP *** [6s Qh 2h]
127a86bd: checks
a2fde23e: checks
*** TURN *** [6s Qh 2h] [8s]
127a86bd: bets 575
a2fde23e: folds
Uncalled bet (575) returned to 127a86bd
*** SHOWDOWN ***
127a86bd collected 1,150 from pot
*** SUMMARY ***
Total pot 1,150 | Rake 0 | Jackpot 0 | Bingo 0 | Fortune 0 | Tax 0
Board [6s Qh 2h 8s]
Seat 1: 6438a7cf folded before Flop
Seat 2: 8884bc3e folded before Flop
Seat 3: Hero folded before Flop
Seat 4: 7ad86063 folded before Flop
Seat 5: a2fde23e (button) folded on the Turn
Seat 6: eb77b612 (small blind) folded before Flop
Seat 7: 127a86bd (big blind) won (1,150)


Poker Hand #TM5546930911: Tournament #261079109, Bounty Hunters Special $15 [7-Max] Hold'em No Limit - Level4(100/200(30)) - 2026/02/04 23:19:16
Table '10' 7-max Seat #4 is the button
Seat 1: 6438a7cf (8,258 in chips)
Seat 2: 8884bc3e (20,080 in chips)
Seat 3: Hero (9,858 in chips)
Seat 4: 7ad86063 (4,104 in chips)
Seat 5: a2fde23e (17,739 in chips)
Seat 6: eb77b612 (9,613 in chips)
Seat 7: 11ef1bf4 (12,293 in chips)
6438a7cf: posts the ante 30
7ad86063: posts the ante 30
Hero: posts the ante 30
8884bc3e: posts the ante 30
eb77b612: posts the ante 30
11ef1bf4: posts the ante 30
a2fde23e: posts the ante 30
a2fde23e: posts small blind 100
eb77b612: posts big blind 200
*** HOLE CARDS ***
Dealt to 6438a7cf 
Dealt to 8884bc3e 
Dealt to Hero [3h 9h]
Dealt to 7ad86063 
Dealt to a2fde23e 
Dealt to eb77b612 
Dealt to 11ef1bf4 
11ef1bf4: raises 240 to 440
6438a7cf: folds
8884bc3e: folds
Hero: folds
7ad86063: folds
a2fde23e: calls 340
eb77b612: calls 240
*** FLOP *** [9c Qh 7d]
a2fde23e: checks
eb77b612: checks
11ef1bf4: bets 505
a2fde23e: calls 505
eb77b612: folds
*** TURN *** [9c Qh 7d] [Ah]
a2fde23e: checks
11ef1bf4: bets 1,039
a2fde23e: calls 1,039
*** RIVER *** [9c Qh 7d Ah] [Ks]
a2fde23e: bets 4,618
11ef1bf4: raises 5,661 to 10,279 and is all-in
a2fde23e: calls 5,661
11ef1bf4: shows [Kh Ac] (two pair, Aces and Kings)
a2fde23e: shows [7h 7c] (three of a kind, Sevens)
*** SHOWDOWN ***
a2fde23e collected 25,176 from pot
*** SUMMARY ***
Total pot 25,176 | Rake 0 | Jackpot 0 | Bingo 0 | Fortune 0 | Tax 0
Board [9c Qh 7d Ah Ks]
Seat 1: 6438a7cf folded before Flop
Seat 2: 8884bc3e folded before Flop
Seat 3: Hero folded before Flop
Seat 4: 7ad86063 (button) folded before Flop
Seat 5: a2fde23e (small blind) showed [7h 7c] and won (25,176) with three of a kind, Sevens
Seat 6: eb77b612 (big blind) folded on the Flop
Seat 7: 11ef1bf4 showed [Kh Ac] and lost with two pair, Aces and Kings


Poker Hand #TM5546930895: Tournament #261079109, Bounty Hunters Special $15 [7-Max] Hold'em No Limit - Level4(100/200(30)) - 2026/02/04 23:18:37
Table '10' 7-max Seat #3 is the button
Seat 1: 6438a7cf (8,288 in chips)
Seat 2: 8884bc3e (20,110 in chips)
Seat 3: Hero (9,888 in chips)
Seat 4: 7ad86063 (4,534 in chips)
Seat 5: a2fde23e (16,759 in chips)
Seat 6: eb77b612 (10,043 in chips)
Seat 7: 11ef1bf4 (12,323 in chips)
6438a7cf: posts the ante 30
7ad86063: posts the ante 30
Hero: posts the ante 30
8884bc3e: posts the ante 30
eb77b612: posts the ante 30
11ef1bf4: posts the ante 30
a2fde23e: posts the ante 30
7ad86063: posts small blind 100
a2fde23e: posts big blind 200
*** HOLE CARDS ***
Dealt to 6438a7cf 
Dealt to 8884bc3e 
Dealt to Hero [7c 8h]
Dealt to 7ad86063 
Dealt to a2fde23e 
Dealt to eb77b612 
Dealt to 11ef1bf4 
eb77b612: raises 200 to 400
11ef1bf4: folds
6438a7cf: folds
8884bc3e: folds
Hero: folds
7ad86063: calls 300
a2fde23e: raises 16,329 to 16,729 and is all-in
eb77b612: folds
7ad86063: folds
Uncalled bet (16,329) returned to a2fde23e
*** SHOWDOWN ***
a2fde23e collected 1,410 from pot
*** SUMMARY ***
Total pot 1,410 | Rake 0 | Jackpot 0 | Bingo 0 | Fortune 0 | Tax 0
Seat 1: 6438a7cf folded before Flop
Seat 2: 8884bc3e folded before Flop
Seat 3: Hero (button) folded before Flop
Seat 4: 7ad86063 (small blind) folded before Flop
Seat 5: a2fde23e (big blind) collected (1,410)
Seat 6: eb77b612 folded before Flop
Seat 7: 11ef1bf4 folded before Flop


Poker Hand #TM5546930872: Tournament #261079109, Bounty Hunters Special $15 [7-Max] Hold'em No Limit - Level4(100/200(30)) - 2026/02/04 23:17:48
Table '10' 7-max Seat #2 is the button
Seat 1: 6438a7cf (8,318 in chips)
Seat 2: 8884bc3e (20,140 in chips)
Seat 3: Hero (10,018 in chips)
Seat 4: 7ad86063 (3,854 in chips)
Seat 5: a2fde23e (16,789 in chips)
Seat 6: eb77b612 (10,473 in chips)
Seat 7: 11ef1bf4 (12,353 in chips)
6438a7cf: posts the ante 30
7ad86063: posts the ante 30
Hero: posts the ante 30
8884bc3e: posts the ante 30
eb77b612: posts the ante 30
11ef1bf4: posts the ante 30
a2fde23e: posts the ante 30
Hero: posts small blind 100
7ad86063: posts big blind 200
*** HOLE CARDS ***
Dealt to 6438a7cf 
Dealt to 8884bc3e 
Dealt to Hero [7c Qd]
Dealt to 7ad86063 
Dealt to a2fde23e 
Dealt to eb77b612 
Dealt to 11ef1bf4 
a2fde23e: folds
eb77b612: raises 200 to 400
11ef1bf4: folds
6438a7cf: folds
8884bc3e: folds
Hero: folds
7ad86063: raises 3,424 to 3,824 and is all-in
eb77b612: folds
Uncalled bet (3,424) returned to 7ad86063
*** SHOWDOWN ***
7ad86063 collected 1,110 from pot
*** SUMMARY ***
Total pot 1,110 | Rake 0 | Jackpot 0 | Bingo 0 | Fortune 0 | Tax 0
Seat 1: 6438a7cf folded before Flop
Seat 2: 8884bc3e (button) folded before Flop
Seat 3: Hero (small blind) folded before Flop
Seat 4: 7ad86063 (big blind) collected (1,110)
Seat 5: a2fde23e folded before Flop
Seat 6: eb77b612 folded before Flop
Seat 7: 11ef1bf4 folded before Flop


Poker Hand #TM5546930841: Tournament #261079109, Bounty Hunters Special $15 [7-Max] Hold'em No Limit - Level4(100/200(30)) - 2026/02/04 23:16:22
Table '10' 7-max Seat #1 is the button
Seat 1: 6438a7cf (8,348 in chips)
Seat 2: 8884bc3e (20,570 in chips)
Seat 3: Hero (4,734 in chips)
Seat 4: 7ad86063 (3,884 in chips)
Seat 5: a2fde23e (16,819 in chips)
Seat 6: eb77b612 (15,207 in chips)
Seat 7: 11ef1bf4 (12,383 in chips)
6438a7cf: posts the ante 30
7ad86063: posts the ante 30
Hero: posts the ante 30
eb77b612: posts the ante 30
8884bc3e: posts the ante 30
11ef1bf4: posts the ante 30
a2fde23e: posts the ante 30
8884bc3e: posts small blind 100
Hero: posts big blind 200
*** HOLE CARDS ***
Dealt to 6438a7cf 
Dealt to 8884bc3e 
Dealt to Hero [Kh Kd]
Dealt to 7ad86063 
Dealt to a2fde23e 
Dealt to eb77b612 
Dealt to 11ef1bf4 
7ad86063: folds
a2fde23e: folds
eb77b612: raises 200 to 400
11ef1bf4: folds
6438a7cf: folds
8884bc3e: calls 300
Hero: raises 4,304 to 4,704 and is all-in
eb77b612: raises 10,473 to 15,177 and is all-in
8884bc3e: folds
Uncalled bet (10,473) returned to eb77b612
eb77b612: shows [8d 8s]
Hero: shows [Kh Kd]
*** FLOP *** [6d 5d As]
*** TURN *** [6d 5d As] [2h]
*** RIVER *** [6d 5d As 2h] [Ks]
*** SHOWDOWN ***
Hero collected 10,018 from pot
*** SUMMARY ***
Total pot 10,018 | Rake 0 | Jackpot 0 | Bingo 0 | Fortune 0 | Tax 0
Board [6d 5d As 2h Ks]
Seat 1: 6438a7cf (button) folded before Flop
Seat 2: 8884bc3e (small blind) folded before Flop
Seat 3: Hero (big blind) showed [Kh Kd] and won (10,018) with three of a kind, Kings
Seat 4: 7ad86063 folded before Flop
Seat 5: a2fde23e folded before Flop
Seat 6: eb77b612 showed [8d 8s] and lost with a pair of Eights
Seat 7: 11ef1bf4 folded before Flop


Poker Hand #TM5546930831: Tournament #261079109, Bounty Hunters Special $15 [7-Max] Hold'em No Limit - Level4(100/200(30)) - 2026/02/04 23:15:53
Table '10' 7-max Seat #7 is the button
Seat 1: 6438a7cf (8,478 in chips)
Seat 2: 8884bc3e (20,800 in chips)
Seat 3: Hero (4,764 in chips)
Seat 4: 7ad86063 (3,914 in chips)
Seat 5: a2fde23e (16,849 in chips)
Seat 6: eb77b612 (14,727 in chips)
Seat 7: 11ef1bf4 (12,413 in chips)
6438a7cf: posts the ante 30
7ad86063: posts the ante 30
Hero: posts the ante 30
eb77b612: posts the ante 30
8884bc3e: posts the ante 30
11ef1bf4: posts the ante 30
a2fde23e: posts the ante 30
6438a7cf: posts small blind 100
8884bc3e: posts big blind 200
*** HOLE CARDS ***
Dealt to 6438a7cf 
Dealt to 8884bc3e 
Dealt to Hero [Jh 4c]
Dealt to 7ad86063 
Dealt to a2fde23e 
Dealt to eb77b612 
Dealt to 11ef1bf4 
Hero: folds
7ad86063: folds
a2fde23e: folds
eb77b612: raises 200 to 400
11ef1bf4: folds
6438a7cf: folds
8884bc3e: folds
Uncalled bet (200) returned to eb77b612
*** SHOWDOWN ***
eb77b612 collected 710 from pot
*** SUMMARY ***
Total pot 710 | Rake 0 | Jackpot 0 | Bingo 0 | Fortune 0 | Tax 0
Seat 1: 6438a7cf (small blind) folded before Flop
Seat 2: 8884bc3e (big blind) folded before Flop
Seat 3: Hero folded before Flop
Seat 4: 7ad86063 folded before Flop
Seat 5: a2fde23e folded before Flop
Seat 6: eb77b612 collected (710)
Seat 7: 11ef1bf4 (button) folded before Flop


Poker Hand #TM5546930802: Tournament #261079109, Bounty Hunters Special $15 [7-Max] Hold'em No Limit - Level4(100/200(30)) - 2026/02/04 23:14:45
Table '10' 7-max Seat #6 is the button
Seat 1: 6438a7cf (4,114 in chips)
Seat 2: 8884bc3e (20,830 in chips)
Seat 3: Hero (4,794 in chips)
Seat 4: 7ad86063 (8,028 in chips)
Seat 5: a2fde23e (16,879 in chips)
Seat 6: eb77b612 (14,757 in chips)
Seat 7: 11ef1bf4 (12,543 in chips)
6438a7cf: posts the ante 30
7ad86063: posts the ante 30
Hero: posts the ante 30
eb77b612: posts the ante 30
8884bc3e: posts the ante 30
11ef1bf4: posts the ante 30
a2fde23e: posts the ante 30
11ef1bf4: posts small blind 100
6438a7cf: posts big blind 200
*** HOLE CARDS ***
Dealt to 6438a7cf 
Dealt to 8884bc3e 
Dealt to Hero [4c 2s]
Dealt to 7ad86063 
Dealt to a2fde23e 
Dealt to eb77b612 
Dealt to 11ef1bf4 
8884bc3e: folds
Hero: folds
7ad86063: raises 200 to 400
a2fde23e: folds
eb77b612: folds
11ef1bf4: folds
6438a7cf: raises 3,684 to 4,084 and is all-in
7ad86063: calls 3,684
6438a7cf: shows [Jc Jh]
7ad86063: shows [Ks Tc]
*** FLOP *** [Jd 8d 4s]
*** TURN *** [Jd 8d 4s] [6s]
*** RIVER *** [Jd 8d 4s 6s] [7d]
*** SHOWDOWN ***
6438a7cf collected 8,478 from pot
*** SUMMARY ***
Total pot 8,478 | Rake 0 | Jackpot 0 | Bingo 0 | Fortune 0 | Tax 0
Board [Jd 8d 4s 6s 7d]
Seat 1: 6438a7cf (big blind) showed [Jc Jh] and won (8,478) with three of a kind, Jacks
Seat 2: 8884bc3e folded before Flop
Seat 3: Hero folded before Flop
Seat 4: 7ad86063 showed [Ks Tc] and lost with King high
Seat 5: a2fde23e folded before Flop
Seat 6: eb77b612 (button) folded before Flop
Seat 7: 11ef1bf4 (small blind) folded before Flop


Poker Hand #TM5546930768: Tournament #261079109, Bounty Hunters Special $15 [7-Max] Hold'em No Limit - Level4(100/200(30)) - 2026/02/04 23:12:51
Table '10' 7-max Seat #5 is the button
Seat 1: 6438a7cf (4,144 in chips)
Seat 2: 8884bc3e (20,860 in chips)
Seat 3: Hero (4,824 in chips)
Seat 4: 7ad86063 (8,058 in chips)
Seat 5: a2fde23e (12,341 in chips)
Seat 6: eb77b612 (18,945 in chips)
Seat 7: 11ef1bf4 (12,773 in chips)
6438a7cf: posts the ante 30
7ad86063: posts the ante 30
Hero: posts the ante 30
8884bc3e: posts the ante 30
eb77b612: posts the ante 30
11ef1bf4: posts the ante 30
a2fde23e: posts the ante 30
eb77b612: posts small blind 100
11ef1bf4: posts big blind 200
*** HOLE CARDS ***
Dealt to 6438a7cf 
Dealt to 8884bc3e 
Dealt to Hero [8c 6d]
Dealt to 7ad86063 
Dealt to a2fde23e 
Dealt to eb77b612 
Dealt to 11ef1bf4 
6438a7cf: folds
8884bc3e: folds
Hero: folds
7ad86063: folds
a2fde23e: raises 220 to 420
eb77b612: raises 1,138 to 1,558
11ef1bf4: folds
a2fde23e: calls 1,138
*** FLOP *** [Ts 8s 9s]
eb77b612: bets 1,000
a2fde23e: calls 1,000
*** TURN *** [Ts 8s 9s] [2c]
eb77b612: bets 1,600
a2fde23e: calls 1,600
*** RIVER *** [Ts 8s 9s 2c] [2s]
eb77b612: checks
a2fde23e: bets 8,153 and is all-in
eb77b612: folds
Uncalled bet (8,153) returned to a2fde23e
*** SHOWDOWN ***
a2fde23e collected 8,726 from pot
*** SUMMARY ***
Total pot 8,726 | Rake 0 | Jackpot 0 | Bingo 0 | Fortune 0 | Tax 0
Board [Ts 8s 9s 2c 2s]
Seat 1: 6438a7cf folded before Flop
Seat 2: 8884bc3e folded before Flop
Seat 3: Hero folded before Flop
Seat 4: 7ad86063 folded before Flop
Seat 5: a2fde23e (button) won (8,726)
Seat 6: eb77b612 (small blind) folded on the River
Seat 7: 11ef1bf4 (big blind) folded before Flop


Poker Hand #TM5546930743: Tournament #261079109, Bounty Hunters Special $15 [7-Max] Hold'em No Limit - Level3(75/150(20)) - 2026/02/04 23:11:57
Table '10' 7-max Seat #4 is the button
Seat 1: 6438a7cf (4,164 in chips)
Seat 2: 8884bc3e (19,582 in chips)
Seat 3: Hero (5,777 in chips)
Seat 4: 7ad86063 (8,078 in chips)
Seat 5: a2fde23e (12,436 in chips)
Seat 6: eb77b612 (19,115 in chips)
Seat 7: 11ef1bf4 (12,793 in chips)
6438a7cf: posts the ante 20
7ad86063: posts the ante 20
Hero: posts the ante 20
8884bc3e: posts the ante 20
eb77b612: posts the ante 20
11ef1bf4: posts the ante 20
a2fde23e: posts the ante 20
a2fde23e: posts small blind 75
eb77b612: posts big blind 150
*** HOLE CARDS ***
Dealt to 6438a7cf 
Dealt to 8884bc3e 
Dealt to Hero [Kc Qh]
Dealt to 7ad86063 
Dealt to a2fde23e 
Dealt to eb77b612 
Dealt to 11ef1bf4 
11ef1bf4: folds
6438a7cf: folds
8884bc3e: raises 150 to 300
Hero: raises 633 to 933
7ad86063: folds
a2fde23e: folds
eb77b612: folds
8884bc3e: calls 633
*** FLOP *** [2s 6c 8d]
8884bc3e: checks
Hero: checks
*** TURN *** [2s 6c 8d] [9d]
8884bc3e: bets 1,950
Hero: folds
Uncalled bet (1,950) returned to 8884bc3e
*** SHOWDOWN ***
8884bc3e collected 2,231 from pot
*** SUMMARY ***
Total pot 2,231 | Rake 0 | Jackpot 0 | Bingo 0 | Fortune 0 | Tax 0
Board [2s 6c 8d 9d]
Seat 1: 6438a7cf folded before Flop
Seat 2: 8884bc3e won (2,231)
Seat 3: Hero folded on the Turn
Seat 4: 7ad86063 (button) folded before Flop
Seat 5: a2fde23e (small blind) folded before Flop
Seat 6: eb77b612 (big blind) folded before Flop
Seat 7: 11ef1bf4 folded before Flop


Poker Hand #TM5546930685: Tournament #261079109, Bounty Hunters Special $15 [7-Max] Hold'em No Limit - Level3(75/150(20)) - 2026/02/04 23:09:28
Table '10' 7-max Seat #3 is the button
Seat 1: 6438a7cf (4,184 in chips)
Seat 2: 8884bc3e (19,602 in chips)
Seat 3: Hero (7,725 in chips)
Seat 4: 7ad86063 (8,173 in chips)
Seat 5: a2fde23e (14,384 in chips)
Seat 6: eb77b612 (15,064 in chips)
Seat 7: 11ef1bf4 (12,813 in chips)
6438a7cf: posts the ante 20
7ad86063: posts the ante 20
Hero: posts the ante 20
8884bc3e: posts the ante 20
eb77b612: posts the ante 20
11ef1bf4: posts the ante 20
a2fde23e: posts the ante 20
7ad86063: posts small blind 75
a2fde23e: posts big blind 150
*** HOLE CARDS ***
Dealt to 6438a7cf 
Dealt to 8884bc3e 
Dealt to Hero [Qs Ks]
Dealt to 7ad86063 
Dealt to a2fde23e 
Dealt to eb77b612 
Dealt to 11ef1bf4 
eb77b612: raises 150 to 300
11ef1bf4: folds
6438a7cf: folds
8884bc3e: folds
Hero: raises 633 to 933
7ad86063: folds
a2fde23e: calls 783
eb77b612: calls 633
*** FLOP *** [Ac 3s Jh]
a2fde23e: checks
eb77b612: checks
Hero: bets 995
a2fde23e: calls 995
eb77b612: calls 995
*** TURN *** [Ac 3s Jh] [5c]
a2fde23e: checks
eb77b612: checks
Hero: checks
*** RIVER *** [Ac 3s Jh 5c] [8c]
a2fde23e: checks
eb77b612: checks
Hero: checks
a2fde23e: shows [9h Th] (Ace high)
eb77b612: shows [Js 9s] (a pair of Jacks)
Hero: shows [Qs Ks] (Ace high)
*** SHOWDOWN ***
eb77b612 collected 5,999 from pot
*** SUMMARY ***
Total pot 5,999 | Rake 0 | Jackpot 0 | Bingo 0 | Fortune 0 | Tax 0
Board [Ac 3s Jh 5c 8c]
Seat 1: 6438a7cf folded before Flop
Seat 2: 8884bc3e folded before Flop
Seat 3: Hero (button) showed [Qs Ks] and lost with Ace high
Seat 4: 7ad86063 (small blind) folded before Flop
Seat 5: a2fde23e (big blind) showed [9h Th] and lost with Ace high
Seat 6: eb77b612 showed [Js 9s] and won (5,999) with a pair of Jacks
Seat 7: 11ef1bf4 folded before Flop


Poker Hand #TM5546930638: Tournament #261079109, Bounty Hunters Special $15 [7-Max] Hold'em No Limit - Level3(75/150(20)) - 2026/02/04 23:07:41
Table '10' 7-max Seat #2 is the button
Seat 1: 6438a7cf (4,204 in chips)
Seat 2: 8884bc3e (22,004 in chips)
Seat 3: Hero (7,820 in chips)
Seat 4: 7ad86063 (8,343 in chips)
Seat 5: a2fde23e (14,404 in chips)
Seat 6: eb77b612 (12,337 in chips)
Seat 7: 11ef1bf4 (12,833 in chips)
6438a7cf: posts the ante 20
7ad86063: posts the ante 20
Hero: posts the ante 20
8884bc3e: posts the ante 20
eb77b612: posts the ante 20
11ef1bf4: posts the ante 20
a2fde23e: posts the ante 20
Hero: posts small blind 75
7ad86063: posts big blind 150
*** HOLE CARDS ***
Dealt to 6438a7cf 
Dealt to 8884bc3e 
Dealt to Hero [2d Td]
Dealt to 7ad86063 
Dealt to a2fde23e 
Dealt to eb77b612 
Dealt to 11ef1bf4 
a2fde23e: folds
eb77b612: raises 150 to 300
11ef1bf4: folds
6438a7cf: folds
8884bc3e: raises 750 to 1,050
Hero: folds
7ad86063: folds
eb77b612: calls 750
*** FLOP *** [9d Jc Qd]
eb77b612: checks
8884bc3e: bets 1,332
eb77b612: calls 1,332
*** TURN *** [9d Jc Qd] [Jh]
eb77b612: checks
8884bc3e: checks
*** RIVER *** [9d Jc Qd Jh] [5s]
eb77b612: bets 4,297
8884bc3e: folds
Uncalled bet (4,297) returned to eb77b612
*** SHOWDOWN ***
eb77b612 collected 5,129 from pot
*** SUMMARY ***
Total pot 5,129 | Rake 0 | Jackpot 0 | Bingo 0 | Fortune 0 | Tax 0
Board [9d Jc Qd Jh 5s]
Seat 1: 6438a7cf folded before Flop
Seat 2: 8884bc3e (button) folded on the River
Seat 3: Hero (small blind) folded before Flop
Seat 4: 7ad86063 (big blind) folded before Flop
Seat 5: a2fde23e folded before Flop
Seat 6: eb77b612 won (5,129)
Seat 7: 11ef1bf4 folded before Flop


Poker Hand #TM5546930600: Tournament #261079109, Bounty Hunters Special $15 [7-Max] Hold'em No Limit - Level3(75/150(20)) - 2026/02/04 23:06:21
Table '10' 7-max Seat #1 is the button
Seat 1: 6438a7cf (4,524 in chips)
Seat 2: 8884bc3e (22,099 in chips)
Seat 3: Hero (8,698 in chips)
Seat 4: 7ad86063 (8,363 in chips)
Seat 5: a2fde23e (14,424 in chips)
Seat 6: eb77b612 (10,984 in chips)
Seat 7: 11ef1bf4 (12,853 in chips)
6438a7cf: posts the ante 20
7ad86063: posts the ante 20
Hero: posts the ante 20
eb77b612: posts the ante 20
8884bc3e: posts the ante 20
11ef1bf4: posts the ante 20
a2fde23e: posts the ante 20
8884bc3e: posts small blind 75
Hero: posts big blind 150
*** HOLE CARDS ***
Dealt to 6438a7cf 
Dealt to 8884bc3e 
Dealt to Hero [Tc 7c]
Dealt to 7ad86063 
Dealt to a2fde23e 
Dealt to eb77b612 
Dealt to 11ef1bf4 
7ad86063: folds
a2fde23e: folds
eb77b612: raises 150 to 300
11ef1bf4: folds
6438a7cf: calls 300
8884bc3e: folds
Hero: calls 150
*** FLOP *** [8s Td Jh]
Hero: checks
eb77b612: bets 558
6438a7cf: folds
Hero: calls 558
*** TURN *** [8s Td Jh] [Qd]
Hero: checks
eb77b612: bets 1,116
Hero: folds
Uncalled bet (1,116) returned to eb77b612
*** SHOWDOWN ***
eb77b612 collected 2,231 from pot
*** SUMMARY ***
Total pot 2,231 | Rake 0 | Jackpot 0 | Bingo 0 | Fortune 0 | Tax 0
Board [8s Td Jh Qd]
Seat 1: 6438a7cf (button) folded on the Flop
Seat 2: 8884bc3e (small blind) folded before Flop
Seat 3: Hero (big blind) folded on the Turn
Seat 4: 7ad86063 folded before Flop
Seat 5: a2fde23e folded before Flop
Seat 6: eb77b612 won (2,231)
Seat 7: 11ef1bf4 folded before Flop


Poker Hand #TM5546930567: Tournament #261079109, Bounty Hunters Special $15 [7-Max] Hold'em No Limit - Level3(75/150(20)) - 2026/02/04 23:04:52
Table '10' 7-max Seat #7 is the button
Seat 1: 6438a7cf (4,619 in chips)
Seat 2: 8884bc3e (25,719 in chips)
Seat 3: Hero (8,718 in chips)
Seat 4: 7ad86063 (8,383 in chips)
Seat 5: a2fde23e (14,444 in chips)
Seat 6: eb77b612 (11,004 in chips)
Seat 7: 11ef1bf4 (9,058 in chips)
6438a7cf: posts the ante 20
7ad86063: posts the ante 20
Hero: posts the ante 20
eb77b612: posts the ante 20
8884bc3e: posts the ante 20
11ef1bf4: posts the ante 20
a2fde23e: posts the ante 20
6438a7cf: posts small blind 75
8884bc3e: posts big blind 150
*** HOLE CARDS ***
Dealt to 6438a7cf 
Dealt to 8884bc3e 
Dealt to Hero [Tc 6s]
Dealt to 7ad86063 
Dealt to a2fde23e 
Dealt to eb77b612 
Dealt to 11ef1bf4 
Hero: folds
7ad86063: folds
a2fde23e: folds
eb77b612: folds
11ef1bf4: raises 150 to 300
6438a7cf: folds
8884bc3e: calls 150
*** FLOP *** [9h 6h 3c]
8884bc3e: checks
11ef1bf4: bets 269
8884bc3e: raises 856 to 1,125
11ef1bf4: calls 856
*** TURN *** [9h 6h 3c] [4d]
8884bc3e: bets 2,175
11ef1bf4: calls 2,175
*** RIVER *** [9h 6h 3c 4d] [Jc]
8884bc3e: checks
11ef1bf4: bets 5,438 and is all-in
8884bc3e: folds
Uncalled bet (5,438) returned to 11ef1bf4
*** SHOWDOWN ***
11ef1bf4 collected 7,415 from pot
*** SUMMARY ***
Total pot 7,415 | Rake 0 | Jackpot 0 | Bingo 0 | Fortune 0 | Tax 0
Board [9h 6h 3c 4d Jc]
Seat 1: 6438a7cf (small blind) folded before Flop
Seat 2: 8884bc3e (big blind) folded on the River
Seat 3: Hero folded before Flop
Seat 4: 7ad86063 folded before Flop
Seat 5: a2fde23e folded before Flop
Seat 6: eb77b612 folded before Flop
Seat 7: 11ef1bf4 (button) won (7,415)


Poker Hand #TM5546930541: Tournament #261079109, Bounty Hunters Special $15 [7-Max] Hold'em No Limit - Level3(75/150(20)) - 2026/02/04 23:03:40
Table '10' 7-max Seat #6 is the button
Seat 1: 6438a7cf (4,789 in chips)
Seat 2: 8884bc3e (25,739 in chips)
Seat 3: Hero (9,357 in chips)
Seat 4: 7ad86063 (7,419 in chips)
Seat 5: a2fde23e (14,464 in chips)
Seat 6: eb77b612 (11,024 in chips)
Seat 7: 11ef1bf4 (9,153 in chips)
6438a7cf: posts the ante 20
7ad86063: posts the ante 20
Hero: posts the ante 20
eb77b612: posts the ante 20
8884bc3e: posts the ante 20
11ef1bf4: posts the ante 20
a2fde23e: posts the ante 20
11ef1bf4: posts small blind 75
6438a7cf: posts big blind 150
*** HOLE CARDS ***
Dealt to 6438a7cf 
Dealt to 8884bc3e 
Dealt to Hero [3c 3d]
Dealt to 7ad86063 
Dealt to a2fde23e 
Dealt to eb77b612 
Dealt to 11ef1bf4 
8884bc3e: folds
Hero: raises 150 to 300
7ad86063: calls 300
a2fde23e: folds
eb77b612: folds
11ef1bf4: folds
6438a7cf: folds
*** FLOP *** [Kd 9h Jc]
Hero: bets 319
7ad86063: calls 319
*** TURN *** [Kd 9h Jc] [4h]
Hero: checks
7ad86063: bets 802
Hero: folds
Uncalled bet (802) returned to 7ad86063
*** SHOWDOWN ***
7ad86063 collected 1,603 from pot
*** SUMMARY ***
Total pot 1,603 | Rake 0 | Jackpot 0 | Bingo 0 | Fortune 0 | Tax 0
Board [Kd 9h Jc 4h]
Seat 1: 6438a7cf (big blind) folded before Flop
Seat 2: 8884bc3e folded before Flop
Seat 3: Hero folded on the Turn
Seat 4: 7ad86063 won (1,603)
Seat 5: a2fde23e folded before Flop
Seat 6: eb77b612 (button) folded before Flop
Seat 7: 11ef1bf4 (small blind) folded before Flop


Poker Hand #TM5546930510: Tournament #261079109, Bounty Hunters Special $15 [7-Max] Hold'em No Limit - Level3(75/150(20)) - 2026/02/04 23:02:34
Table '10' 7-max Seat #5 is the button
Seat 1: 6438a7cf (4,809 in chips)
Seat 2: 8884bc3e (25,759 in chips)
Seat 3: Hero (9,377 in chips)
Seat 4: 7ad86063 (8,084 in chips)
Seat 5: a2fde23e (14,484 in chips)
Seat 6: eb77b612 (10,109 in chips)
Seat 7: 11ef1bf4 (9,323 in chips)
6438a7cf: posts the ante 20
7ad86063: posts the ante 20
Hero: posts the ante 20
8884bc3e: posts the ante 20
eb77b612: posts the ante 20
11ef1bf4: posts the ante 20
a2fde23e: posts the ante 20
eb77b612: posts small blind 75
11ef1bf4: posts big blind 150
*** HOLE CARDS ***
Dealt to 6438a7cf 
Dealt to 8884bc3e 
Dealt to Hero [6s Kh]
Dealt to 7ad86063 
Dealt to a2fde23e 
Dealt to eb77b612 
Dealt to 11ef1bf4 
6438a7cf: folds
8884bc3e: folds
Hero: folds
7ad86063: calls 150
a2fde23e: folds
eb77b612: raises 495 to 645
11ef1bf4: folds
7ad86063: calls 495
*** FLOP *** [9h 4d Ad]
eb77b612: bets 790
7ad86063: folds
Uncalled bet (790) returned to eb77b612
*** SHOWDOWN ***
eb77b612 collected 1,580 from pot
*** SUMMARY ***
Total pot 1,580 | Rake 0 | Jackpot 0 | Bingo 0 | Fortune 0 | Tax 0
Board [9h 4d Ad]
Seat 1: 6438a7cf folded before Flop
Seat 2: 8884bc3e folded before Flop
Seat 3: Hero folded before Flop
Seat 4: 7ad86063 folded on the Flop
Seat 5: a2fde23e (button) folded before Flop
Seat 6: eb77b612 (small blind) won (1,580)
Seat 7: 11ef1bf4 (big blind) folded before Flop


Poker Hand #TM5546930493: Tournament #261079109, Bounty Hunters Special $15 [7-Max] Hold'em No Limit - Level3(75/150(20)) - 2026/02/04 23:01:48
Table '10' 7-max Seat #4 is the button
Seat 1: 6438a7cf (4,829 in chips)
Seat 2: 8884bc3e (25,779 in chips)
Seat 3: Hero (9,397 in chips)
Seat 4: 7ad86063 (8,254 in chips)
Seat 5: a2fde23e (14,064 in chips)
Seat 6: eb77b612 (10,279 in chips)
Seat 7: 11ef1bf4 (9,343 in chips)
6438a7cf: posts the ante 20
7ad86063: posts the ante 20
Hero: posts the ante 20
8884bc3e: posts the ante 20
eb77b612: posts the ante 20
11ef1bf4: posts the ante 20
a2fde23e: posts the ante 20
a2fde23e: posts small blind 75
eb77b612: posts big blind 150
*** HOLE CARDS ***
Dealt to 6438a7cf 
Dealt to 8884bc3e 
Dealt to Hero [Js 5c]
Dealt to 7ad86063 
Dealt to a2fde23e 
Dealt to eb77b612 
Dealt to 11ef1bf4 
11ef1bf4: folds
6438a7cf: folds
8884bc3e: folds
Hero: folds
7ad86063: calls 150
a2fde23e: raises 345 to 495
eb77b612: folds
7ad86063: folds
Uncalled bet (345) returned to a2fde23e
*** SHOWDOWN ***
a2fde23e collected 590 from pot
*** SUMMARY ***
Total pot 590 | Rake 0 | Jackpot 0 | Bingo 0 | Fortune 0 | Tax 0
Seat 1: 6438a7cf folded before Flop
Seat 2: 8884bc3e folded before Flop
Seat 3: Hero folded before Flop
Seat 4: 7ad86063 (button) folded before Flop
Seat 5: a2fde23e (small blind) collected (590)
Seat 6: eb77b612 (big blind) folded before Flop
Seat 7: 11ef1bf4 folded before Flop


Poker Hand #TM5546930460: Tournament #261079109, Bounty Hunters Special $15 [7-Max] Hold'em No Limit - Level3(75/150(20)) - 2026/02/04 22:54:41
Table '10' 7-max Seat #3 is the button
Seat 1: 6438a7cf (4,849 in chips)
Seat 2: 8884bc3e (25,799 in chips)
Seat 3: Hero (9,417 in chips)
Seat 4: 7ad86063 (8,349 in chips)
Seat 5: a2fde23e (18,966 in chips)
Seat 6: eb77b612 (4,902 in chips)
Seat 7: 11ef1bf4 (9,663 in chips)
6438a7cf: posts the ante 20
7ad86063: posts the ante 20
Hero: posts the ante 20
8884bc3e: posts the ante 20
eb77b612: posts the ante 20
11ef1bf4: posts the ante 20
a2fde23e: posts the ante 20
7ad86063: posts small blind 75
a2fde23e: posts big blind 150
*** HOLE CARDS ***
Dealt to 6438a7cf 
Dealt to 8884bc3e 
Dealt to Hero [8c 6h]
Dealt to 7ad86063 
Dealt to a2fde23e 
Dealt to eb77b612 
Dealt to 11ef1bf4 
eb77b612: raises 150 to 300
11ef1bf4: calls 300
6438a7cf: folds
8884bc3e: folds
Hero: folds
7ad86063: folds
a2fde23e: calls 150
*** FLOP *** [5s 4d 3d]
a2fde23e: bets 368
eb77b612: raises 1,061 to 1,429
11ef1bf4: folds
a2fde23e: calls 1,061
*** TURN *** [5s 4d 3d] [9s]
a2fde23e: checks
eb77b612: bets 3,153 and is all-in
a2fde23e: calls 3,153
eb77b612: shows [Td Tc] (a pair of Tens)
a2fde23e: shows [8h 5d] (a pair of Fives)
*** RIVER *** [5s 4d 3d 9s] [Kc]
*** SHOWDOWN ***
eb77b612 collected 10,279 from pot
*** SUMMARY ***
Total pot 10,279 | Rake 0 | Jackpot 0 | Bingo 0 | Fortune 0 | Tax 0
Board [5s 4d 3d 9s Kc]
Seat 1: 6438a7cf folded before Flop
Seat 2: 8884bc3e folded before Flop
Seat 3: Hero (button) folded before Flop
Seat 4: 7ad86063 (small blind) folded before Flop
Seat 5: a2fde23e (big blind) showed [8h 5d] and lost with a pair of Fives
Seat 6: eb77b612 showed [Td Tc] and won (10,279) with a pair of Tens
Seat 7: 11ef1bf4 folded on the Flop


Poker Hand #TM5546930443: Tournament #261079109, Bounty Hunters Special $15 [7-Max] Hold'em No Limit - Level2(60/120(18)) - 2026/02/04 22:53:52
Table '10' 7-max Seat #2 is the button
Seat 1: 6438a7cf (4,867 in chips)
Seat 2: 8884bc3e (25,817 in chips)
Seat 3: Hero (12,315 in chips)
Seat 4: 7ad86063 (8,487 in chips)
Seat 5: a2fde23e (15,858 in chips)
Seat 6: eb77b612 (4,920 in chips)
Seat 7: 11ef1bf4 (9,681 in chips)
6438a7cf: posts the ante 18
7ad86063: posts the ante 18
Hero: posts the ante 18
8884bc3e: posts the ante 18
eb77b612: posts the ante 18
11ef1bf4: posts the ante 18
a2fde23e: posts the ante 18
Hero: posts small blind 60
7ad86063: posts big blind 120
*** HOLE CARDS ***
Dealt to 6438a7cf 
Dealt to 8884bc3e 
Dealt to Hero [Ah Qd]
Dealt to 7ad86063 
Dealt to a2fde23e 
Dealt to eb77b612 
Dealt to 11ef1bf4 
a2fde23e: calls 120
eb77b612: folds
11ef1bf4: folds
6438a7cf: folds
8884bc3e: folds
Hero: raises 360 to 480
7ad86063: folds
a2fde23e: calls 360
*** FLOP *** [9s 7c Tc]
Hero: bets 398
a2fde23e: calls 398
*** TURN *** [9s 7c Tc] [Ac]
Hero: checks
a2fde23e: bets 2,002
Hero: calls 2,002
*** RIVER *** [9s 7c Tc Ac] [5c]
Hero: checks
a2fde23e: checks
Hero: shows [Ah Qd] (a pair of Aces)
a2fde23e: shows [7h As] (two pair, Aces and Sevens)
*** SHOWDOWN ***
a2fde23e collected 6,006 from pot
*** SUMMARY ***
Total pot 6,006 | Rake 0 | Jackpot 0 | Bingo 0 | Fortune 0 | Tax 0
Board [9s 7c Tc Ac 5c]
Seat 1: 6438a7cf folded before Flop
Seat 2: 8884bc3e (button) folded before Flop
Seat 3: Hero (small blind) showed [Ah Qd] and lost with a pair of Aces
Seat 4: 7ad86063 (big blind) folded before Flop
Seat 5: a2fde23e showed [7h As] and won (6,006) with two pair, Aces and Sevens
Seat 6: eb77b612 folded before Flop
Seat 7: 11ef1bf4 folded before Flop


Poker Hand #TM5546930422: Tournament #261079109, Bounty Hunters Special $15 [7-Max] Hold'em No Limit - Level2(60/120(18)) - 2026/02/04 22:53:05
Table '10' 7-max Seat #1 is the button
Seat 1: 6438a7cf (4,885 in chips)
Seat 2: 8884bc3e (25,895 in chips)
Seat 3: Hero (12,634 in chips)
Seat 4: 7ad86063 (8,505 in chips)
Seat 5: a2fde23e (15,088 in chips)
Seat 6: eb77b612 (4,938 in chips)
Seat 7: 11ef1bf4 (10,000 in chips)
6438a7cf: posts the ante 18
7ad86063: posts the ante 18
Hero: posts the ante 18
eb77b612: posts the ante 18
8884bc3e: posts the ante 18
11ef1bf4: posts the ante 18
a2fde23e: posts the ante 18
8884bc3e: posts small blind 60
Hero: posts big blind 120
*** HOLE CARDS ***
Dealt to 6438a7cf 
Dealt to 8884bc3e 
Dealt to Hero [Qh Js]
Dealt to 7ad86063 
Dealt to a2fde23e 
Dealt to eb77b612 
Dealt to 11ef1bf4 
7ad86063: folds
a2fde23e: calls 120
eb77b612: folds
11ef1bf4: raises 181 to 301
6438a7cf: folds
8884bc3e: folds
Hero: calls 181
a2fde23e: raises 14,759 to 15,060
11ef1bf4: folds
Hero: folds
Uncalled bet (14,759) returned to a2fde23e
*** SHOWDOWN ***
a2fde23e collected 1,089 from pot
*** SUMMARY ***
Total pot 1,089 | Rake 0 | Jackpot 0 | Bingo 0 | Fortune 0 | Tax 0
Seat 1: 6438a7cf (button) folded before Flop
Seat 2: 8884bc3e (small blind) folded before Flop
Seat 3: Hero (big blind) folded before Flop
Seat 4: 7ad86063 folded before Flop
Seat 5: a2fde23e collected (1,089)
Seat 6: eb77b612 folded before Flop
Seat 7: 11ef1bf4 folded before Flop


Poker Hand #TM5546930409: Tournament #261079109, Bounty Hunters Special $15 [7-Max] Hold'em No Limit - Level2(60/120(18)) - 2026/02/04 22:52:35
Table '10' 7-max Seat #6 is the button
Seat 1: 6438a7cf (4,675 in chips)
Seat 2: 8884bc3e (26,033 in chips)
Seat 3: Hero (12,652 in chips)
Seat 4: 7ad86063 (8,523 in chips)
Seat 5: a2fde23e (15,106 in chips)
Seat 6: eb77b612 (4,956 in chips)
6438a7cf: posts the ante 18
7ad86063: posts the ante 18
Hero: posts the ante 18
eb77b612: posts the ante 18
8884bc3e: posts the ante 18
a2fde23e: posts the ante 18
6438a7cf: posts small blind 60
8884bc3e: posts big blind 120
*** HOLE CARDS ***
Dealt to 6438a7cf 
Dealt to 8884bc3e 
Dealt to Hero [8s Ad]
Dealt to 7ad86063 
Dealt to a2fde23e 
Dealt to eb77b612 
Hero: folds
7ad86063: folds
a2fde23e: folds
eb77b612: folds
6438a7cf: calls 60
8884bc3e: checks
*** FLOP *** [Kd Kh 7c]
6438a7cf: bets 120
8884bc3e: folds
Uncalled bet (120) returned to 6438a7cf
*** SHOWDOWN ***
6438a7cf collected 348 from pot
*** SUMMARY ***
Total pot 348 | Rake 0 | Jackpot 0 | Bingo 0 | Fortune 0 | Tax 0
Board [Kd Kh 7c]
Seat 1: 6438a7cf (small blind) won (348)
Seat 2: 8884bc3e (big blind) folded on the Flop
Seat 3: Hero folded before Flop
Seat 4: 7ad86063 folded before Flop
Seat 5: a2fde23e folded before Flop
Seat 6: eb77b612 (button) folded before Flop


Poker Hand #TM5546930398: Tournament #261079109, Bounty Hunters Special $15 [7-Max] Hold'em No Limit - Level2(60/120(18)) - 2026/02/04 22:52:08
Table '10' 7-max Seat #5 is the button
Seat 1: 6438a7cf (4,813 in chips)
Seat 2: 8884bc3e (26,051 in chips)
Seat 3: Hero (12,670 in chips)
Seat 4: 7ad86063 (8,541 in chips)
Seat 5: a2fde23e (14,836 in chips)
Seat 6: eb77b612 (5,034 in chips)
6438a7cf: posts the ante 18
7ad86063: posts the ante 18
Hero: posts the ante 18
8884bc3e: posts the ante 18
eb77b612: posts the ante 18
a2fde23e: posts the ante 18
eb77b612: posts small blind 60
6438a7cf: posts big blind 120
*** HOLE CARDS ***
Dealt to 6438a7cf 
Dealt to 8884bc3e 
Dealt to Hero [3h Qh]
Dealt to 7ad86063 
Dealt to a2fde23e 
Dealt to eb77b612 
8884bc3e: folds
Hero: folds
7ad86063: folds
a2fde23e: raises 276 to 396
eb77b612: folds
6438a7cf: folds
Uncalled bet (276) returned to a2fde23e
*** SHOWDOWN ***
a2fde23e collected 408 from pot
*** SUMMARY ***
Total pot 408 | Rake 0 | Jackpot 0 | Bingo 0 | Fortune 0 | Tax 0
Seat 1: 6438a7cf (big blind) folded before Flop
Seat 2: 8884bc3e folded before Flop
Seat 3: Hero folded before Flop
Seat 4: 7ad86063 folded before Flop
Seat 5: a2fde23e (button) collected (408)
Seat 6: eb77b612 (small blind) folded before Flop


Poker Hand #TM5546930393: Tournament #261079109, Bounty Hunters Special $15 [7-Max] Hold'em No Limit - Level2(60/120(18)) - 2026/02/04 22:51:48
Table '10' 7-max Seat #4 is the button
Seat 1: 6438a7cf (4,525 in chips)
Seat 2: 8884bc3e (26,069 in chips)
Seat 3: Hero (12,688 in chips)
Seat 4: 7ad86063 (8,559 in chips)
Seat 5: a2fde23e (14,914 in chips)
Seat 6: eb77b612 (5,172 in chips)
Seat 7: 45554d0 (8,838 in chips)
6438a7cf: posts the ante 18
7ad86063: posts the ante 18
45554d0: posts the ante 18
Hero: posts the ante 18
8884bc3e: posts the ante 18
eb77b612: posts the ante 18
a2fde23e: posts the ante 18
a2fde23e: posts small blind 60
eb77b612: posts big blind 120
*** HOLE CARDS ***
Dealt to 6438a7cf 
Dealt to 8884bc3e 
Dealt to Hero [6h 4c]
Dealt to 7ad86063 
Dealt to a2fde23e 
Dealt to eb77b612 
Dealt to 45554d0 
45554d0: folds
6438a7cf: raises 120 to 240
8884bc3e: folds
Hero: folds
7ad86063: folds
a2fde23e: folds
eb77b612: folds
Uncalled bet (120) returned to 6438a7cf
*** SHOWDOWN ***
6438a7cf collected 426 from pot
*** SUMMARY ***
Total pot 426 | Rake 0 | Jackpot 0 | Bingo 0 | Fortune 0 | Tax 0
Seat 1: 6438a7cf collected (426)
Seat 2: 8884bc3e folded before Flop
Seat 3: Hero folded before Flop
Seat 4: 7ad86063 (button) folded before Flop
Seat 5: a2fde23e (small blind) folded before Flop
Seat 6: eb77b612 (big blind) folded before Flop
Seat 7: 45554d0 folded before Flop


Poker Hand #TM5546930372: Tournament #261079109, Bounty Hunters Special $15 [7-Max] Hold'em No Limit - Level2(60/120(18)) - 2026/02/04 22:50:59
Table '10' 7-max Seat #3 is the button
Seat 1: 6438a7cf (4,543 in chips)
Seat 2: 8884bc3e (25,028 in chips)
Seat 3: Hero (13,459 in chips)
Seat 4: 7ad86063 (8,637 in chips)
Seat 5: a2fde23e (15,052 in chips)
Seat 6: eb77b612 (5,190 in chips)
Seat 7: 45554d0 (8,856 in chips)
6438a7cf: posts the ante 18
7ad86063: posts the ante 18
45554d0: posts the ante 18
Hero: posts the ante 18
8884bc3e: posts the ante 18
eb77b612: posts the ante 18
a2fde23e: posts the ante 18
7ad86063: posts small blind 60
a2fde23e: posts big blind 120
*** HOLE CARDS ***
Dealt to 6438a7cf 
Dealt to 8884bc3e 
Dealt to Hero [Jh Ah]
Dealt to 7ad86063 
Dealt to a2fde23e 
Dealt to eb77b612 
Dealt to 45554d0 
eb77b612: folds
45554d0: folds
6438a7cf: folds
8884bc3e: raises 120 to 240
Hero: raises 513 to 753
7ad86063: folds
a2fde23e: folds
8884bc3e: calls 513
*** FLOP *** [9d Td 4c]
8884bc3e: checks
Hero: checks
*** TURN *** [9d Td 4c] [2h]
8884bc3e: bets 1,920
Hero: folds
Uncalled bet (1,920) returned to 8884bc3e
*** SHOWDOWN ***
8884bc3e collected 1,812 from pot
*** SUMMARY ***
Total pot 1,812 | Rake 0 | Jackpot 0 | Bingo 0 | Fortune 0 | Tax 0
Board [9d Td 4c 2h]
Seat 1: 6438a7cf folded before Flop
Seat 2: 8884bc3e won (1,812)
Seat 3: Hero (button) folded on the Turn
Seat 4: 7ad86063 (small blind) folded before Flop
Seat 5: a2fde23e (big blind) folded before Flop
Seat 6: eb77b612 folded before Flop
Seat 7: 45554d0 folded before Flop


Poker Hand #TM5546930348: Tournament #261079109, Bounty Hunters Special $15 [7-Max] Hold'em No Limit - Level2(60/120(18)) - 2026/02/04 22:50:10
Table '10' 7-max Seat #2 is the button
Seat 1: 6438a7cf (4,561 in chips)
Seat 2: 8884bc3e (25,046 in chips)
Seat 3: Hero (11,551 in chips)
Seat 4: 7ad86063 (8,775 in chips)
Seat 5: a2fde23e (15,910 in chips)
Seat 6: eb77b612 (6,048 in chips)
Seat 7: 45554d0 (8,874 in chips)
6438a7cf: posts the ante 18
7ad86063: posts the ante 18
45554d0: posts the ante 18
Hero: posts the ante 18
8884bc3e: posts the ante 18
eb77b612: posts the ante 18
a2fde23e: posts the ante 18
Hero: posts small blind 60
7ad86063: posts big blind 120
*** HOLE CARDS ***
Dealt to 6438a7cf 
Dealt to 8884bc3e 
Dealt to Hero [Th Ts]
Dealt to 7ad86063 
Dealt to a2fde23e 
Dealt to eb77b612 
Dealt to 45554d0 
a2fde23e: raises 132 to 252
eb77b612: raises 588 to 840
45554d0: folds
6438a7cf: folds
8884bc3e: folds
Hero: calls 780
7ad86063: folds
a2fde23e: calls 588
*** FLOP *** [4d 3d 8s]
Hero: bets 1,383
a2fde23e: folds
eb77b612: folds
Uncalled bet (1,383) returned to Hero
*** SHOWDOWN ***
Hero collected 2,766 from pot
*** SUMMARY ***
Total pot 2,766 | Rake 0 | Jackpot 0 | Bingo 0 | Fortune 0 | Tax 0
Board [4d 3d 8s]
Seat 1: 6438a7cf folded before Flop
Seat 2: 8884bc3e (button) folded before Flop
Seat 3: Hero (small blind) won (2,766)
Seat 4: 7ad86063 (big blind) folded before Flop
Seat 5: a2fde23e folded on the Flop
Seat 6: eb77b612 folded on the Flop
Seat 7: 45554d0 folded before Flop


Poker Hand #TM5546930321: Tournament #261079109, Bounty Hunters Special $15 [7-Max] Hold'em No Limit - Level2(60/120(18)) - 2026/02/04 22:49:04
Table '10' 7-max Seat #1 is the button
Seat 1: 6438a7cf (4,579 in chips)
Seat 2: 8884bc3e (25,124 in chips)
Seat 3: Hero (11,689 in chips)
Seat 4: 7ad86063 (8,793 in chips)
Seat 5: a2fde23e (14,231 in chips)
Seat 6: eb77b612 (7,457 in chips)
Seat 7: 45554d0 (8,892 in chips)
6438a7cf: posts the ante 18
7ad86063: posts the ante 18
45554d0: posts the ante 18
Hero: posts the ante 18
eb77b612: posts the ante 18
8884bc3e: posts the ante 18
a2fde23e: posts the ante 18
8884bc3e: posts small blind 60
Hero: posts big blind 120
*** HOLE CARDS ***
Dealt to 6438a7cf 
Dealt to 8884bc3e 
Dealt to Hero [Tc 7d]
Dealt to 7ad86063 
Dealt to a2fde23e 
Dealt to eb77b612 
Dealt to 45554d0 
7ad86063: folds
a2fde23e: raises 132 to 252
eb77b612: raises 525 to 777
45554d0: folds
6438a7cf: folds
8884bc3e: folds
Hero: folds
a2fde23e: calls 525
*** FLOP *** [8h Ac 8c]
a2fde23e: checks
eb77b612: bets 614
a2fde23e: raises 12,822 to 13,436 and is all-in
eb77b612: folds
Uncalled bet (12,822) returned to a2fde23e
*** SHOWDOWN ***
a2fde23e collected 3,088 from pot
*** SUMMARY ***
Total pot 3,088 | Rake 0 | Jackpot 0 | Bingo 0 | Fortune 0 | Tax 0
Board [8h Ac 8c]
Seat 1: 6438a7cf (button) folded before Flop
Seat 2: 8884bc3e (small blind) folded before Flop
Seat 3: Hero (big blind) folded before Flop
Seat 4: 7ad86063 folded before Flop
Seat 5: a2fde23e won (3,088)
Seat 6: eb77b612 folded on the Flop
Seat 7: 45554d0 folded before Flop


Poker Hand #TM5546930297: Tournament #261079109, Bounty Hunters Special $15 [7-Max] Hold'em No Limit - Level2(60/120(18)) - 2026/02/04 22:48:03
Table '10' 7-max Seat #7 is the button
Seat 1: 6438a7cf (4,657 in chips)
Seat 2: 8884bc3e (25,262 in chips)
Seat 3: Hero (10,248 in chips)
Seat 4: 7ad86063 (9,964 in chips)
Seat 5: a2fde23e (14,249 in chips)
Seat 6: eb77b612 (7,475 in chips)
Seat 7: 45554d0 (8,910 in chips)
6438a7cf: posts the ante 18
7ad86063: posts the ante 18
45554d0: posts the ante 18
Hero: posts the ante 18
eb77b612: posts the ante 18
8884bc3e: posts the ante 18
a2fde23e: posts the ante 18
6438a7cf: posts small blind 60
8884bc3e: posts big blind 120
*** HOLE CARDS ***
Dealt to 6438a7cf 
Dealt to 8884bc3e 
Dealt to Hero [Qd As]
Dealt to 7ad86063 
Dealt to a2fde23e 
Dealt to eb77b612 
Dealt to 45554d0 
Hero: raises 120 to 240
7ad86063: calls 240
a2fde23e: folds
eb77b612: folds
45554d0: folds
6438a7cf: folds
8884bc3e: folds
*** FLOP *** [9d 4s Ks]
Hero: bets 260
7ad86063: calls 260
*** TURN *** [9d 4s Ks] [Qh]
Hero: bets 653
7ad86063: calls 653
*** RIVER *** [9d 4s Ks Qh] [2h]
Hero: checks
7ad86063: checks
Hero: shows [Qd As] (a pair of Queens)
7ad86063: shows [Ts Qs] (a pair of Queens)
*** SHOWDOWN ***
Hero collected 2,612 from pot
*** SUMMARY ***
Total pot 2,612 | Rake 0 | Jackpot 0 | Bingo 0 | Fortune 0 | Tax 0
Board [9d 4s Ks Qh 2h]
Seat 1: 6438a7cf (small blind) folded before Flop
Seat 2: 8884bc3e (big blind) folded before Flop
Seat 3: Hero showed [Qd As] and won (2,612) with a pair of Queens
Seat 4: 7ad86063 showed [Ts Qs] and lost with a pair of Queens
Seat 5: a2fde23e folded before Flop
Seat 6: eb77b612 folded before Flop
Seat 7: 45554d0 (button) folded before Flop


Poker Hand #TM5546930278: Tournament #261079109, Bounty Hunters Special $15 [7-Max] Hold'em No Limit - Level2(60/120(18)) - 2026/02/04 22:47:05
Table '10' 7-max Seat #6 is the button
Seat 1: 6438a7cf (4,369 in chips)
Seat 2: 8884bc3e (25,280 in chips)
Seat 3: Hero (10,266 in chips)
Seat 4: 7ad86063 (9,982 in chips)
Seat 5: a2fde23e (14,387 in chips)
Seat 6: eb77b612 (7,493 in chips)
Seat 7: 45554d0 (8,988 in chips)
6438a7cf: posts the ante 18
7ad86063: posts the ante 18
45554d0: posts the ante 18
Hero: posts the ante 18
eb77b612: posts the ante 18
8884bc3e: posts the ante 18
a2fde23e: posts the ante 18
45554d0: posts small blind 60
6438a7cf: posts big blind 120
*** HOLE CARDS ***
Dealt to 6438a7cf 
Dealt to 8884bc3e 
Dealt to Hero [Js Tc]
Dealt to 7ad86063 
Dealt to a2fde23e 
Dealt to eb77b612 
Dealt to 45554d0 
8884bc3e: folds
Hero: folds
7ad86063: folds
a2fde23e: calls 120
eb77b612: folds
45554d0: folds
6438a7cf: raises 4,231 to 4,351 and is all-in
a2fde23e: folds
Uncalled bet (4,231) returned to 6438a7cf
*** SHOWDOWN ***
6438a7cf collected 426 from pot
*** SUMMARY ***
Total pot 426 | Rake 0 | Jackpot 0 | Bingo 0 | Fortune 0 | Tax 0
Seat 1: 6438a7cf (big blind) collected (426)
Seat 2: 8884bc3e folded before Flop
Seat 3: Hero folded before Flop
Seat 4: 7ad86063 folded before Flop
Seat 5: a2fde23e folded before Flop
Seat 6: eb77b612 (button) folded before Flop
Seat 7: 45554d0 (small blind) folded before Flop


Poker Hand #TM5546930260: Tournament #261079109, Bounty Hunters Special $15 [7-Max] Hold'em No Limit - Level2(60/120(18)) - 2026/02/04 22:46:28
Table '10' 7-max Seat #5 is the button
Seat 1: 6438a7cf (4,387 in chips)
Seat 2: 8884bc3e (25,298 in chips)
Seat 3: Hero (10,524 in chips)
Seat 4: 7ad86063 (10,000 in chips)
Seat 5: a2fde23e (13,859 in chips)
Seat 6: eb77b612 (7,571 in chips)
Seat 7: 45554d0 (9,126 in chips)
6438a7cf: posts the ante 18
7ad86063: posts the ante 18
45554d0: posts the ante 18
Hero: posts the ante 18
8884bc3e: posts the ante 18
eb77b612: posts the ante 18
a2fde23e: posts the ante 18
eb77b612: posts small blind 60
45554d0: posts big blind 120
*** HOLE CARDS ***
Dealt to 6438a7cf 
Dealt to 8884bc3e 
Dealt to Hero [Ts Kd]
Dealt to 7ad86063 
Dealt to a2fde23e 
Dealt to eb77b612 
Dealt to 45554d0 
6438a7cf: folds
8884bc3e: folds
Hero: raises 120 to 240
7ad86063: folds
a2fde23e: raises 786 to 1,026
eb77b612: folds
45554d0: folds
Hero: folds
Uncalled bet (786) returned to a2fde23e
*** SHOWDOWN ***
a2fde23e collected 786 from pot
*** SUMMARY ***
Total pot 786 | Rake 0 | Jackpot 0 | Bingo 0 | Fortune 0 | Tax 0
Seat 1: 6438a7cf folded before Flop
Seat 2: 8884bc3e folded before Flop
Seat 3: Hero folded before Flop
Seat 4: 7ad86063 folded before Flop
Seat 5: a2fde23e (button) collected (786)
Seat 6: eb77b612 (small blind) folded before Flop
Seat 7: 45554d0 (big blind) folded before Flop


Poker Hand #TM5546930235: Tournament #261079109, Bounty Hunters Special $15 [7-Max] Hold'em No Limit - Level2(60/120(18)) - 2026/02/04 22:45:23
Table '10' 7-max Seat #3 is the button
Seat 1: 6438a7cf (4,405 in chips)
Seat 2: 8884bc3e (24,728 in chips)
Seat 3: Hero (10,542 in chips)
Seat 5: a2fde23e (14,117 in chips)
Seat 6: eb77b612 (7,829 in chips)
Seat 7: 45554d0 (9,144 in chips)
6438a7cf: posts the ante 18
45554d0: posts the ante 18
Hero: posts the ante 18
8884bc3e: posts the ante 18
eb77b612: posts the ante 18
a2fde23e: posts the ante 18
a2fde23e: posts small blind 60
eb77b612: posts big blind 120
*** HOLE CARDS ***
Dealt to 6438a7cf 
Dealt to 8884bc3e 
Dealt to Hero [6c 4s]
Dealt to a2fde23e 
Dealt to eb77b612 
Dealt to 45554d0 
45554d0: folds
6438a7cf: folds
8884bc3e: raises 120 to 240
Hero: folds
a2fde23e: calls 180
eb77b612: calls 120
*** FLOP *** [Qh 9c 8c]
a2fde23e: checks
eb77b612: checks
8884bc3e: checks
*** TURN *** [Qh 9c 8c] [Kd]
a2fde23e: checks
eb77b612: checks
8884bc3e: bets 725
a2fde23e: folds
eb77b612: folds
Uncalled bet (725) returned to 8884bc3e
*** SHOWDOWN ***
8884bc3e collected 828 from pot
*** SUMMARY ***
Total pot 828 | Rake 0 | Jackpot 0 | Bingo 0 | Fortune 0 | Tax 0
Board [Qh 9c 8c Kd]
Seat 1: 6438a7cf folded before Flop
Seat 2: 8884bc3e won (828)
Seat 3: Hero (button) folded before Flop
Seat 5: a2fde23e (small blind) folded on the Turn
Seat 6: eb77b612 (big blind) folded on the Turn
Seat 7: 45554d0 folded before Flop


Poker Hand #TM5546930221: Tournament #261079109, Bounty Hunters Special $15 [7-Max] Hold'em No Limit - Level2(60/120(18)) - 2026/02/04 22:44:49
Table '10' 7-max Seat #2 is the button
Seat 1: 6438a7cf (4,423 in chips)
Seat 2: 8884bc3e (24,218 in chips)
Seat 3: Hero (10,620 in chips)
Seat 5: a2fde23e (14,255 in chips)
Seat 6: eb77b612 (7,847 in chips)
Seat 7: 45554d0 (9,402 in chips)
6438a7cf: posts the ante 18
45554d0: posts the ante 18
Hero: posts the ante 18
8884bc3e: posts the ante 18
eb77b612: posts the ante 18
a2fde23e: posts the ante 18
Hero: posts small blind 60
a2fde23e: posts big blind 120
*** HOLE CARDS ***
Dealt to 6438a7cf 
Dealt to 8884bc3e 
Dealt to Hero [Ac Jc]
Dealt to a2fde23e 
Dealt to eb77b612 
Dealt to 45554d0 
eb77b612: folds
45554d0: raises 120 to 240
6438a7cf: folds
8884bc3e: raises 600 to 840
Hero: folds
a2fde23e: folds
45554d0: folds
Uncalled bet (600) returned to 8884bc3e
*** SHOWDOWN ***
8884bc3e collected 768 from pot
*** SUMMARY ***
Total pot 768 | Rake 0 | Jackpot 0 | Bingo 0 | Fortune 0 | Tax 0
Seat 1: 6438a7cf folded before Flop
Seat 2: 8884bc3e (button) collected (768)
Seat 3: Hero (small blind) folded before Flop
Seat 5: a2fde23e (big blind) folded before Flop
Seat 6: eb77b612 folded before Flop
Seat 7: 45554d0 folded before Flop


Poker Hand #TM5546930200: Tournament #261079109, Bounty Hunters Special $15 [7-Max] Hold'em No Limit - Level2(60/120(18)) - 2026/02/04 22:44:05
Table '10' 7-max Seat #1 is the button
Seat 1: 6438a7cf (4,441 in chips)
Seat 2: 8884bc3e (24,356 in chips)
Seat 3: Hero (10,392 in chips)
Seat 4: f9b55c90 (9,298 in chips)
Seat 5: a2fde23e (14,273 in chips)
Seat 6: eb77b612 (7,865 in chips)
Seat 7: 45554d0 (9,420 in chips)
6438a7cf: posts the ante 18
45554d0: posts the ante 18
f9b55c90: posts the ante 18
Hero: posts the ante 18
eb77b612: posts the ante 18
8884bc3e: posts the ante 18
a2fde23e: posts the ante 18
8884bc3e: posts small blind 60
Hero: posts big blind 120
*** HOLE CARDS ***
Dealt to 6438a7cf 
Dealt to 8884bc3e 
Dealt to Hero [Jh Qh]
Dealt to f9b55c90 
Dealt to a2fde23e 
Dealt to eb77b612 
Dealt to 45554d0 
f9b55c90: folds
a2fde23e: folds
eb77b612: folds
45554d0: folds
6438a7cf: folds
8884bc3e: calls 60
Hero: raises 360 to 480
8884bc3e: folds
Uncalled bet (360) returned to Hero
*** SHOWDOWN ***
Hero collected 366 from pot
*** SUMMARY ***
Total pot 366 | Rake 0 | Jackpot 0 | Bingo 0 | Fortune 0 | Tax 0
Seat 1: 6438a7cf (button) folded before Flop
Seat 2: 8884bc3e (small blind) folded before Flop
Seat 3: Hero (big blind) collected (366)
Seat 4: f9b55c90 folded before Flop
Seat 5: a2fde23e folded before Flop
Seat 6: eb77b612 folded before Flop
Seat 7: 45554d0 folded before Flop


Poker Hand #TM5546930168: Tournament #261079109, Bounty Hunters Special $15 [7-Max] Hold'em No Limit - Level2(60/120(18)) - 2026/02/04 22:42:54
Table '10' 7-max Seat #7 is the button
Seat 1: 6438a7cf (4,519 in chips)
Seat 2: 8884bc3e (23,567 in chips)
Seat 3: Hero (10,410 in chips)
Seat 4: f9b55c90 (9,937 in chips)
Seat 5: a2fde23e (14,291 in chips)
Seat 6: eb77b612 (7,883 in chips)
Seat 7: 45554d0 (9,438 in chips)
6438a7cf: posts the ante 18
45554d0: posts the ante 18
f9b55c90: posts the ante 18
Hero: posts the ante 18
eb77b612: posts the ante 18
8884bc3e: posts the ante 18
a2fde23e: posts the ante 18
6438a7cf: posts small blind 60
8884bc3e: posts big blind 120
*** HOLE CARDS ***
Dealt to 6438a7cf 
Dealt to 8884bc3e 
Dealt to Hero [9d 7c]
Dealt to f9b55c90 
Dealt to a2fde23e 
Dealt to eb77b612 
Dealt to 45554d0 
Hero: folds
f9b55c90: raises 144 to 264
a2fde23e: folds
eb77b612: folds
45554d0: folds
6438a7cf: folds
8884bc3e: calls 144
*** FLOP *** [6s Kd 2d]
8884bc3e: checks
f9b55c90: bets 357
8884bc3e: raises 963 to 1,320
f9b55c90: folds
Uncalled bet (963) returned to 8884bc3e
*** SHOWDOWN ***
8884bc3e collected 1,428 from pot
*** SUMMARY ***
Total pot 1,428 | Rake 0 | Jackpot 0 | Bingo 0 | Fortune 0 | Tax 0
Board [6s Kd 2d]
Seat 1: 6438a7cf (small blind) folded before Flop
Seat 2: 8884bc3e (big blind) won (1,428)
Seat 3: Hero folded before Flop
Seat 4: f9b55c90 folded on the Flop
Seat 5: a2fde23e folded before Flop
Seat 6: eb77b612 folded before Flop
Seat 7: 45554d0 (button) folded before Flop


Poker Hand #TM5546930139: Tournament #261079109, Bounty Hunters Special $15 [7-Max] Hold'em No Limit - Level1(50/100(15)) - 2026/02/04 22:41:42
Table '10' 7-max Seat #6 is the button
Seat 1: 6438a7cf (3,503 in chips)
Seat 2: 8884bc3e (23,582 in chips)
Seat 3: Hero (10,425 in chips)
Seat 4: f9b55c90 (10,828 in chips)
Seat 5: a2fde23e (14,306 in chips)
Seat 6: eb77b612 (7,898 in chips)
Seat 7: 45554d0 (9,503 in chips)
6438a7cf: posts the ante 15
45554d0: posts the ante 15
f9b55c90: posts the ante 15
Hero: posts the ante 15
eb77b612: posts the ante 15
8884bc3e: posts the ante 15
a2fde23e: posts the ante 15
45554d0: posts small blind 50
6438a7cf: posts big blind 100
*** HOLE CARDS ***
Dealt to 6438a7cf 
Dealt to 8884bc3e 
Dealt to Hero [Kc 3d]
Dealt to f9b55c90 
Dealt to a2fde23e 
Dealt to eb77b612 
Dealt to 45554d0 
8884bc3e: folds
Hero: folds
f9b55c90: raises 120 to 220
a2fde23e: folds
eb77b612: folds
45554d0: folds
6438a7cf: calls 120
*** FLOP *** [6d 7c Jh]
6438a7cf: checks
f9b55c90: bets 179
6438a7cf: calls 179
*** TURN *** [6d 7c Jh] [7s]
6438a7cf: checks
f9b55c90: checks
*** RIVER *** [6d 7c Jh 7s] [7d]
6438a7cf: checks
f9b55c90: bets 477
6438a7cf: calls 477
f9b55c90: shows [Ks Qh] (three of a kind, Sevens)
6438a7cf: shows [9s Jd] (a full house, Sevens full of Jacks)
*** SHOWDOWN ***
6438a7cf collected 1,907 from pot
*** SUMMARY ***
Total pot 1,907 | Rake 0 | Jackpot 0 | Bingo 0 | Fortune 0 | Tax 0
Board [6d 7c Jh 7s 7d]
Seat 1: 6438a7cf (big blind) showed [9s Jd] and won (1,907) with a full house, Sevens full of Jacks
Seat 2: 8884bc3e folded before Flop
Seat 3: Hero folded before Flop
Seat 4: f9b55c90 showed [Ks Qh] and lost with three of a kind, Sevens
Seat 5: a2fde23e folded before Flop
Seat 6: eb77b612 (button) folded before Flop
Seat 7: 45554d0 (small blind) folded before Flop


Poker Hand #TM5546930120: Tournament #261079109, Bounty Hunters Special $15 [7-Max] Hold'em No Limit - Level1(50/100(15)) - 2026/02/04 22:41:15
Table '10' 7-max Seat #5 is the button
Seat 1: 6438a7cf (3,518 in chips)
Seat 2: 8884bc3e (23,597 in chips)
Seat 3: Hero (9,985 in chips)
Seat 4: f9b55c90 (11,043 in chips)
Seat 5: a2fde23e (14,321 in chips)
Seat 6: eb77b612 (7,963 in chips)
Seat 7: 45554d0 (9,618 in chips)
6438a7cf: posts the ante 15
45554d0: posts the ante 15
f9b55c90: posts the ante 15
Hero: posts the ante 15
8884bc3e: posts the ante 15
eb77b612: posts the ante 15
a2fde23e: posts the ante 15
eb77b612: posts small blind 50
45554d0: posts big blind 100
*** HOLE CARDS ***
Dealt to 6438a7cf 
Dealt to 8884bc3e 
Dealt to Hero [9d Td]
Dealt to f9b55c90 
Dealt to a2fde23e 
Dealt to eb77b612 
Dealt to 45554d0 
6438a7cf: folds
8884bc3e: folds
Hero: raises 100 to 200
f9b55c90: calls 200
a2fde23e: folds
eb77b612: folds
45554d0: folds
*** FLOP *** [4c Ad 2d]
Hero: bets 317
f9b55c90: folds
Uncalled bet (317) returned to Hero
*** SHOWDOWN ***
Hero collected 655 from pot
*** SUMMARY ***
Total pot 655 | Rake 0 | Jackpot 0 | Bingo 0 | Fortune 0 | Tax 0
Board [4c Ad 2d]
Seat 1: 6438a7cf folded before Flop
Seat 2: 8884bc3e folded before Flop
Seat 3: Hero won (655)
Seat 4: f9b55c90 folded on the Flop
Seat 5: a2fde23e (button) folded before Flop
Seat 6: eb77b612 (small blind) folded before Flop
Seat 7: 45554d0 (big blind) folded before Flop


Poker Hand #TM5546930091: Tournament #261079109, Bounty Hunters Special $15 [7-Max] Hold'em No Limit - Level1(50/100(15)) - 2026/02/04 22:40:08
Table '10' 7-max Seat #4 is the button
Seat 1: 6438a7cf (8,457 in chips)
Seat 2: 8884bc3e (23,612 in chips)
Seat 3: Hero (10,000 in chips)
Seat 4: f9b55c90 (11,058 in chips)
Seat 5: a2fde23e (9,207 in chips)
Seat 6: eb77b612 (8,078 in chips)
Seat 7: 45554d0 (9,633 in chips)
6438a7cf: posts the ante 15
45554d0: posts the ante 15
f9b55c90: posts the ante 15
Hero: posts the ante 15
8884bc3e: posts the ante 15
eb77b612: posts the ante 15
a2fde23e: posts the ante 15
a2fde23e: posts small blind 50
eb77b612: posts big blind 100
*** HOLE CARDS ***
Dealt to 6438a7cf 
Dealt to 8884bc3e 
Dealt to Hero [3d 4d]
Dealt to f9b55c90 
Dealt to a2fde23e 
Dealt to eb77b612 
Dealt to 45554d0 
45554d0: folds
6438a7cf: raises 100 to 200
8884bc3e: folds
Hero: folds
f9b55c90: folds
a2fde23e: raises 454 to 654
eb77b612: folds
6438a7cf: calls 454
*** FLOP *** [5h Th 7s]
a2fde23e: bets 757
6438a7cf: calls 757
*** TURN *** [5h Th 7s] [Tc]
a2fde23e: bets 1,514
6438a7cf: calls 1,514
*** RIVER *** [5h Th 7s Tc] [Qh]
a2fde23e: bets 1,999
6438a7cf: calls 1,999
a2fde23e: shows [Js Jd] (two pair, Jacks and Tens)
6438a7cf: shows [9c 9d] (two pair, Tens and Nines)
*** SHOWDOWN ***
a2fde23e collected 10,053 from pot
*** SUMMARY ***
Total pot 10,053 | Rake 0 | Jackpot 0 | Bingo 0 | Fortune 0 | Tax 0
Board [5h Th 7s Tc Qh]
Seat 1: 6438a7cf showed [9c 9d] and lost with two pair, Tens and Nines
Seat 2: 8884bc3e folded before Flop
Seat 3: Hero folded before Flop
Seat 4: f9b55c90 (button) folded before Flop
Seat 5: a2fde23e (small blind) showed [Js Jd] and won (10,053) with two pair, Jacks and Tens
Seat 6: eb77b612 (big blind) folded before Flop
Seat 7: 45554d0 folded before Flop


