Poker Hand #TM5643319338: Tournament #266375393, APL Series: ¥110 Zodiac Bounty + Rat Hold'em No Limit - Level7(150/300(35)) - 2026/02/28 16:40:20
Table '3' 8-max Seat #1 is the button
Seat 1: 63c1e2bb (49,931 in chips)
Seat 2: 6e3b5a5c (6,795 in chips)
Seat 3: Hero (24,131 in chips)
Seat 4: 13ad5e22 (38,770 in chips)
Seat 5: a9fd7a47 (34,879 in chips)
Seat 6: 9984654 (11,175 in chips)
Seat 8: d6873d39 (4,737 in chips)
63c1e2bb: posts the ante 35
a9fd7a47: posts the ante 35
13ad5e22: posts the ante 35
Hero: posts the ante 35
6e3b5a5c: posts the ante 35
d6873d39: posts the ante 35
9984654: posts the ante 35
6e3b5a5c: posts small blind 150
Hero: posts big blind 300
*** HOLE CARDS ***
Dealt to 63c1e2bb 
Dealt to 6e3b5a5c 
Dealt to Hero [Qh Ah]
Dealt to 13ad5e22 
Dealt to a9fd7a47 
Dealt to 9984654 
Dealt to d6873d39 
13ad5e22: raises 300 to 600
a9fd7a47: folds
9984654: folds
d6873d39: folds
63c1e2bb: folds
6e3b5a5c: folds
Hero: calls 300
*** FLOP *** [Qc 9c 3s]
Hero: checks
13ad5e22: bets 798
Hero: raises 1,596 to 2,394
13ad5e22: raises 4,788 to 7,182
Hero: raises 16,314 to 23,496 and is all-in
13ad5e22: calls 16,314
Hero: shows [Qh Ah] (a pair of Queens)
13ad5e22: shows [As Ad] (a pair of Aces)
*** TURN *** [Qc 9c 3s] [2c]
*** RIVER *** [Qc 9c 3s 2c] [9d]
*** SHOWDOWN ***
13ad5e22 collected 48,587 from pot
*** SUMMARY ***
Total pot 48,587 | Rake 0 | Jackpot 0 | Bingo 0 | Fortune 0 | Tax 0
Board [Qc 9c 3s 2c 9d]
Seat 1: 63c1e2bb (button) folded before Flop
Seat 2: 6e3b5a5c (small blind) folded before Flop
Seat 3: Hero (big blind) showed [Qh Ah] and lost with two pair, Queens and Nines
Seat 4: 13ad5e22 showed [As Ad] and won (48,587) with two pair, Aces and Nines
Seat 5: a9fd7a47 folded before Flop
Seat 6: 9984654 folded before Flop
Seat 8: d6873d39 folded before Flop


Poker Hand #TM5643319335: Tournament #266375393, APL Series: ¥110 Zodiac Bounty + Rat Hold'em No Limit - Level7(150/300(35)) - 2026/02/28 16:40:06
Table '3' 8-max Seat #8 is the button
Seat 1: 63c1e2bb (50,116 in chips)
Seat 2: 6e3b5a5c (6,435 in chips)
Seat 3: Hero (24,166 in chips)
Seat 4: 13ad5e22 (38,805 in chips)
Seat 5: a9fd7a47 (34,914 in chips)
Seat 6: 9984654 (11,210 in chips)
Seat 8: d6873d39 (4,772 in chips)
a9fd7a47: posts the ante 35
63c1e2bb: posts the ante 35
13ad5e22: posts the ante 35
Hero: posts the ante 35
6e3b5a5c: posts the ante 35
d6873d39: posts the ante 35
9984654: posts the ante 35
63c1e2bb: posts small blind 150
6e3b5a5c: posts big blind 300
*** HOLE CARDS ***
Dealt to 63c1e2bb 
Dealt to 6e3b5a5c 
Dealt to Hero [Tc 3c]
Dealt to 13ad5e22 
Dealt to a9fd7a47 
Dealt to 9984654 
Dealt to d6873d39 
Hero: folds
13ad5e22: folds
a9fd7a47: folds
9984654: folds
d6873d39: folds
63c1e2bb: folds
Uncalled bet (150) returned to 6e3b5a5c
*** SHOWDOWN ***
6e3b5a5c collected 545 from pot
*** SUMMARY ***
Total pot 545 | Rake 0 | Jackpot 0 | Bingo 0 | Fortune 0 | Tax 0
Seat 1: 63c1e2bb (small blind) folded before Flop
Seat 2: 6e3b5a5c (big blind) collected (545)
Seat 3: Hero folded before Flop
Seat 4: 13ad5e22 folded before Flop
Seat 5: a9fd7a47 folded before Flop
Seat 6: 9984654 folded before Flop
Seat 8: d6873d39 (button) folded before Flop


Poker Hand #TM5643319323: Tournament #266375393, APL Series: ¥110 Zodiac Bounty + Rat Hold'em No Limit - Level7(150/300(35)) - 2026/02/28 16:39:05
Table '3' 8-max Seat #7 is the button
Seat 1: 63c1e2bb (45,419 in chips)
Seat 2: 6e3b5a5c (6,470 in chips)
Seat 3: Hero (24,201 in chips)
Seat 4: 13ad5e22 (38,840 in chips)
Seat 5: a9fd7a47 (34,949 in chips)
Seat 6: 9984654 (11,245 in chips)
Seat 7: 9c0a6993 (4,337 in chips)
Seat 8: d6873d39 (4,957 in chips)
a9fd7a47: posts the ante 35
63c1e2bb: posts the ante 35
13ad5e22: posts the ante 35
Hero: posts the ante 35
9c0a6993: posts the ante 35
6e3b5a5c: posts the ante 35
d6873d39: posts the ante 35
9984654: posts the ante 35
d6873d39: posts small blind 150
63c1e2bb: posts big blind 300
*** HOLE CARDS ***
Dealt to 63c1e2bb 
Dealt to 6e3b5a5c 
Dealt to Hero [Ah 6s]
Dealt to 13ad5e22 
Dealt to a9fd7a47 
Dealt to 9984654 
Dealt to 9c0a6993 
Dealt to d6873d39 
6e3b5a5c: folds
Hero: folds
13ad5e22: folds
a9fd7a47: folds
9984654: folds
9c0a6993: calls 300
d6873d39: folds
63c1e2bb: checks
*** FLOP *** [5h 4s Qd]
63c1e2bb: checks
9c0a6993: bets 450
63c1e2bb: raises 637 to 1,087
9c0a6993: calls 637
*** TURN *** [5h 4s Qd] [3h]
63c1e2bb: checks
9c0a6993: bets 1,602
63c1e2bb: raises 6,408 to 8,010
9c0a6993: calls 1,313 and is all-in
Uncalled bet (5,095) returned to 63c1e2bb
63c1e2bb: shows [Qh Td] (a pair of Queens)
9c0a6993: shows [Qc 9c] (a pair of Queens)
*** RIVER *** [5h 4s Qd 3h] [7c]
*** SHOWDOWN ***
63c1e2bb collected 9,034 from pot
*** SUMMARY ***
Total pot 9,034 | Rake 0 | Jackpot 0 | Bingo 0 | Fortune 0 | Tax 0
Board [5h 4s Qd 3h 7c]
Seat 1: 63c1e2bb (big blind) showed [Qh Td] and won (9,034) with a pair of Queens
Seat 2: 6e3b5a5c folded before Flop
Seat 3: Hero folded before Flop
Seat 4: 13ad5e22 folded before Flop
Seat 5: a9fd7a47 folded before Flop
Seat 6: 9984654 folded before Flop
Seat 7: 9c0a6993 (button) showed [Qc 9c] and lost with a pair of Queens
Seat 8: d6873d39 (small blind) folded before Flop


Poker Hand #TM5643319311: Tournament #266375393, APL Series: ¥110 Zodiac Bounty + Rat Hold'em No Limit - Level7(150/300(35)) - 2026/02/28 16:38:12
Table '3' 8-max Seat #6 is the button
Seat 1: 63c1e2bb (45,454 in chips)
Seat 2: 6e3b5a5c (6,805 in chips)
Seat 3: Hero (24,236 in chips)
Seat 4: 13ad5e22 (38,875 in chips)
Seat 5: a9fd7a47 (34,984 in chips)
Seat 6: 9984654 (10,840 in chips)
Seat 7: 9c0a6993 (3,932 in chips)
Seat 8: d6873d39 (5,292 in chips)
a9fd7a47: posts the ante 35
63c1e2bb: posts the ante 35
13ad5e22: posts the ante 35
Hero: posts the ante 35
9c0a6993: posts the ante 35
6e3b5a5c: posts the ante 35
d6873d39: posts the ante 35
9984654: posts the ante 35
9c0a6993: posts small blind 150
d6873d39: posts big blind 300
*** HOLE CARDS ***
Dealt to 63c1e2bb 
Dealt to 6e3b5a5c 
Dealt to Hero [4h 2s]
Dealt to 13ad5e22 
Dealt to a9fd7a47 
Dealt to 9984654 
Dealt to 9c0a6993 
Dealt to d6873d39 
63c1e2bb: folds
6e3b5a5c: calls 300
Hero: folds
13ad5e22: folds
a9fd7a47: folds
9984654: calls 300
9c0a6993: raises 3,597 to 3,897 and is all-in
d6873d39: folds
6e3b5a5c: folds
9984654: calls 3,597
9c0a6993: shows [Qs As]
9984654: shows [Ah 9s]
*** FLOP *** [Th Kc 4s]
*** TURN *** [Th Kc 4s] [Td]
*** RIVER *** [Th Kc 4s Td] [Ks]
a9fd7a47: shows [Kd] (a full house, Kings full of Tens)
*** SHOWDOWN ***
9c0a6993 collected 4,337 from pot
9984654 collected 4,337 from pot
*** SUMMARY ***
Total pot 8,674 | Rake 0 | Jackpot 0 | Bingo 0 | Fortune 0 | Tax 0
Board [Th Kc 4s Td Ks]
Seat 1: 63c1e2bb folded before Flop
Seat 2: 6e3b5a5c folded before Flop
Seat 3: Hero folded before Flop
Seat 4: 13ad5e22 folded before Flop
Seat 5: a9fd7a47 folded before Flop
Seat 6: 9984654 (button) showed [Ah 9s] and won (4,337) with two pair, Kings and Tens
Seat 7: 9c0a6993 (small blind) showed [Qs As] and won (4,337) with two pair, Kings and Tens
Seat 8: d6873d39 (big blind) folded before Flop


Poker Hand #TM5641777632: Tournament #266375393, APL Series: ¥110 Zodiac Bounty + Rat Hold'em No Limit - Level6(125/250(30)) - 2026/02/28 16:37:00
Table '41' 8-max Seat #3 is the button
Seat 1: bdbf5f4c (30,145 in chips)
Seat 2: 72eca970 (17,793 in chips)
Seat 3: 219d74b6 (18,085 in chips)
Seat 4: 92724d0c (10,375 in chips)
Seat 5: b8ff502b (10,763 in chips)
Seat 7: Hero (24,266 in chips)
Seat 8: 76b1149b (11,430 in chips)
219d74b6: posts the ante 30
Hero: posts the ante 30
76b1149b: posts the ante 30
92724d0c: posts the ante 30
bdbf5f4c: posts the ante 30
72eca970: posts the ante 30
b8ff502b: posts the ante 30
92724d0c: posts small blind 125
b8ff502b: posts big blind 250
*** HOLE CARDS ***
Dealt to bdbf5f4c 
Dealt to 72eca970 
Dealt to 219d74b6 
Dealt to 92724d0c 
Dealt to b8ff502b 
Dealt to Hero [7c Qc]
Dealt to 76b1149b 
Hero: folds
76b1149b: folds
bdbf5f4c: folds
72eca970: folds
219d74b6: folds
92724d0c: calls 125
b8ff502b: raises 750 to 1,000
92724d0c: calls 750
*** FLOP *** [Jc Tc 6d]
92724d0c: checks
b8ff502b: checks
*** TURN *** [Jc Tc 6d] [4c]
92724d0c: bets 1,825
b8ff502b: calls 1,825
*** RIVER *** [Jc Tc 6d 4c] [3h]
92724d0c: bets 7,520 and is all-in
b8ff502b: calls 7,520
92724d0c: shows [5h 9h] (Jack high)
b8ff502b: shows [Ad Ts] (a pair of Tens)
*** SHOWDOWN ***
b8ff502b collected 20,900 from pot
*** SUMMARY ***
Total pot 20,900 | Rake 0 | Jackpot 0 | Bingo 0 | Fortune 0 | Tax 0
Board [Jc Tc 6d 4c 3h]
Seat 1: bdbf5f4c folded before Flop
Seat 2: 72eca970 folded before Flop
Seat 3: 219d74b6 (button) folded before Flop
Seat 4: 92724d0c (small blind) showed [5h 9h] and lost with Jack high
Seat 5: b8ff502b (big blind) showed [Ad Ts] and won (20,900) with a pair of Tens
Seat 7: Hero folded before Flop
Seat 8: 76b1149b folded before Flop


Poker Hand #TM5641777625: Tournament #266375393, APL Series: ¥110 Zodiac Bounty + Rat Hold'em No Limit - Level6(125/250(30)) - 2026/02/28 16:36:30
Table '41' 8-max Seat #2 is the button
Seat 1: bdbf5f4c (29,090 in chips)
Seat 2: 72eca970 (17,823 in chips)
Seat 3: 219d74b6 (18,240 in chips)
Seat 4: 92724d0c (10,655 in chips)
Seat 5: b8ff502b (11,293 in chips)
Seat 7: Hero (24,296 in chips)
Seat 8: 76b1149b (11,460 in chips)
Hero: posts the ante 30
219d74b6: posts the ante 30
76b1149b: posts the ante 30
92724d0c: posts the ante 30
bdbf5f4c: posts the ante 30
72eca970: posts the ante 30
b8ff502b: posts the ante 30
219d74b6: posts small blind 125
92724d0c: posts big blind 250
*** HOLE CARDS ***
Dealt to bdbf5f4c 
Dealt to 72eca970 
Dealt to 219d74b6 
Dealt to 92724d0c 
Dealt to b8ff502b 
Dealt to Hero [3d 7s]
Dealt to 76b1149b 
b8ff502b: raises 250 to 500
Hero: folds
76b1149b: folds
bdbf5f4c: calls 500
72eca970: folds
219d74b6: folds
92724d0c: folds
*** FLOP *** [4h 5h 5s]
b8ff502b: checks
bdbf5f4c: checks
*** TURN *** [4h 5h 5s] [6h]
b8ff502b: checks
bdbf5f4c: bets 1,189
b8ff502b: folds
Uncalled bet (1,189) returned to bdbf5f4c
*** SHOWDOWN ***
bdbf5f4c collected 1,585 from pot
*** SUMMARY ***
Total pot 1,585 | Rake 0 | Jackpot 0 | Bingo 0 | Fortune 0 | Tax 0
Board [4h 5h 5s 6h]
Seat 1: bdbf5f4c won (1,585)
Seat 2: 72eca970 (button) folded before Flop
Seat 3: 219d74b6 (small blind) folded before Flop
Seat 4: 92724d0c (big blind) folded before Flop
Seat 5: b8ff502b folded on the Turn
Seat 7: Hero folded before Flop
Seat 8: 76b1149b folded before Flop


Poker Hand #TM5641777616: Tournament #266375393, APL Series: ¥110 Zodiac Bounty + Rat Hold'em No Limit - Level6(125/250(30)) - 2026/02/28 16:35:50
Table '41' 8-max Seat #1 is the button
Seat 1: bdbf5f4c (29,120 in chips)
Seat 2: 72eca970 (18,353 in chips)
Seat 3: 219d74b6 (18,520 in chips)
Seat 4: 92724d0c (10,685 in chips)
Seat 5: b8ff502b (11,823 in chips)
Seat 7: Hero (24,326 in chips)
Seat 8: 76b1149b (10,030 in chips)
Hero: posts the ante 30
219d74b6: posts the ante 30
76b1149b: posts the ante 30
92724d0c: posts the ante 30
bdbf5f4c: posts the ante 30
b8ff502b: posts the ante 30
72eca970: posts the ante 30
72eca970: posts small blind 125
219d74b6: posts big blind 250
*** HOLE CARDS ***
Dealt to bdbf5f4c 
Dealt to 72eca970 
Dealt to 219d74b6 
Dealt to 92724d0c 
Dealt to b8ff502b 
Dealt to Hero [Kc 9h]
Dealt to 76b1149b 
92724d0c: folds
b8ff502b: raises 250 to 500
Hero: folds
76b1149b: calls 500
bdbf5f4c: folds
72eca970: calls 375
219d74b6: folds
*** FLOP *** [Th 2h 4h]
72eca970: checks
b8ff502b: checks
76b1149b: bets 615
72eca970: folds
b8ff502b: folds
Uncalled bet (615) returned to 76b1149b
*** SHOWDOWN ***
76b1149b collected 1,960 from pot
*** SUMMARY ***
Total pot 1,960 | Rake 0 | Jackpot 0 | Bingo 0 | Fortune 0 | Tax 0
Board [Th 2h 4h]
Seat 1: bdbf5f4c (button) folded before Flop
Seat 2: 72eca970 (small blind) folded on the Flop
Seat 3: 219d74b6 (big blind) folded before Flop
Seat 4: 92724d0c folded before Flop
Seat 5: b8ff502b folded on the Flop
Seat 7: Hero folded before Flop
Seat 8: 76b1149b won (1,960)


Poker Hand #TM5641777609: Tournament #266375393, APL Series: ¥110 Zodiac Bounty + Rat Hold'em No Limit - Level6(125/250(30)) - 2026/02/28 16:35:24
Table '41' 8-max Seat #8 is the button
Seat 1: bdbf5f4c (29,275 in chips)
Seat 2: 72eca970 (18,633 in chips)
Seat 3: 219d74b6 (18,550 in chips)
Seat 4: 92724d0c (10,715 in chips)
Seat 5: b8ff502b (11,853 in chips)
Seat 7: Hero (23,771 in chips)
Seat 8: 76b1149b (10,060 in chips)
Hero: posts the ante 30
219d74b6: posts the ante 30
76b1149b: posts the ante 30
92724d0c: posts the ante 30
bdbf5f4c: posts the ante 30
b8ff502b: posts the ante 30
72eca970: posts the ante 30
bdbf5f4c: posts small blind 125
72eca970: posts big blind 250
*** HOLE CARDS ***
Dealt to bdbf5f4c 
Dealt to 72eca970 
Dealt to 219d74b6 
Dealt to 92724d0c 
Dealt to b8ff502b 
Dealt to Hero [Ad 5s]
Dealt to 76b1149b 
219d74b6: folds
92724d0c: folds
b8ff502b: folds
Hero: raises 250 to 500
76b1149b: folds
bdbf5f4c: folds
72eca970: folds
Uncalled bet (250) returned to Hero
*** SHOWDOWN ***
Hero collected 835 from pot
*** SUMMARY ***
Total pot 835 | Rake 0 | Jackpot 0 | Bingo 0 | Fortune 0 | Tax 0
Seat 1: bdbf5f4c (small blind) folded before Flop
Seat 2: 72eca970 (big blind) folded before Flop
Seat 3: 219d74b6 folded before Flop
Seat 4: 92724d0c folded before Flop
Seat 5: b8ff502b folded before Flop
Seat 7: Hero collected (835)
Seat 8: 76b1149b (button) folded before Flop


Poker Hand #TM5641777592: Tournament #266375393, APL Series: ¥110 Zodiac Bounty + Rat Hold'em No Limit - Level6(125/250(30)) - 2026/02/28 16:34:23
Table '41' 8-max Seat #7 is the button
Seat 1: bdbf5f4c (29,555 in chips)
Seat 2: 72eca970 (20,602 in chips)
Seat 3: 219d74b6 (18,580 in chips)
Seat 4: 92724d0c (10,745 in chips)
Seat 5: b8ff502b (11,883 in chips)
Seat 7: Hero (21,277 in chips)
Seat 8: 76b1149b (10,215 in chips)
Hero: posts the ante 30
219d74b6: posts the ante 30
92724d0c: posts the ante 30
76b1149b: posts the ante 30
bdbf5f4c: posts the ante 30
b8ff502b: posts the ante 30
72eca970: posts the ante 30
76b1149b: posts small blind 125
bdbf5f4c: posts big blind 250
*** HOLE CARDS ***
Dealt to bdbf5f4c 
Dealt to 72eca970 
Dealt to 219d74b6 
Dealt to 92724d0c 
Dealt to b8ff502b 
Dealt to Hero [As Jd]
Dealt to 76b1149b 
72eca970: raises 250 to 500
219d74b6: folds
92724d0c: folds
b8ff502b: folds
Hero: raises 1,439 to 1,939
76b1149b: folds
bdbf5f4c: folds
72eca970: calls 1,439
*** FLOP *** [5c 5d 9s]
72eca970: checks
Hero: checks
*** TURN *** [5c 5d 9s] [5h]
72eca970: checks
Hero: checks
*** RIVER *** [5c 5d 9s 5h] [6c]
72eca970: checks
Hero: checks
72eca970: shows [Jc Qc] (three of a kind, Fives)
Hero: shows [As Jd] (three of a kind, Fives)
*** SHOWDOWN ***
Hero collected 4,463 from pot
*** SUMMARY ***
Total pot 4,463 | Rake 0 | Jackpot 0 | Bingo 0 | Fortune 0 | Tax 0
Board [5c 5d 9s 5h 6c]
Seat 1: bdbf5f4c (big blind) folded before Flop
Seat 2: 72eca970 showed [Jc Qc] and lost with three of a kind, Fives
Seat 3: 219d74b6 folded before Flop
Seat 4: 92724d0c folded before Flop
Seat 5: b8ff502b folded before Flop
Seat 7: Hero (button) showed [As Jd] and won (4,463) with three of a kind, Fives
Seat 8: 76b1149b (small blind) folded before Flop


Poker Hand #TM5641777585: Tournament #266375393, APL Series: ¥110 Zodiac Bounty + Rat Hold'em No Limit - Level6(125/250(30)) - 2026/02/28 16:34:01
Table '41' 8-max Seat #5 is the button
Seat 1: bdbf5f4c (29,585 in chips)
Seat 2: 72eca970 (20,632 in chips)
Seat 3: 219d74b6 (18,610 in chips)
Seat 4: 92724d0c (10,775 in chips)
Seat 5: b8ff502b (11,913 in chips)
Seat 7: Hero (21,432 in chips)
Seat 8: 76b1149b (9,910 in chips)
219d74b6: posts the ante 30
Hero: posts the ante 30
92724d0c: posts the ante 30
76b1149b: posts the ante 30
bdbf5f4c: posts the ante 30
b8ff502b: posts the ante 30
72eca970: posts the ante 30
Hero: posts small blind 125
76b1149b: posts big blind 250
*** HOLE CARDS ***
Dealt to bdbf5f4c 
Dealt to 72eca970 
Dealt to 219d74b6 
Dealt to 92724d0c 
Dealt to b8ff502b 
Dealt to Hero [4d 8h]
Dealt to 76b1149b 
bdbf5f4c: folds
72eca970: folds
219d74b6: folds
92724d0c: folds
b8ff502b: folds
Hero: folds
Uncalled bet (125) returned to 76b1149b
*** SHOWDOWN ***
76b1149b collected 460 from pot
*** SUMMARY ***
Total pot 460 | Rake 0 | Jackpot 0 | Bingo 0 | Fortune 0 | Tax 0
Seat 1: bdbf5f4c folded before Flop
Seat 2: 72eca970 folded before Flop
Seat 3: 219d74b6 folded before Flop
Seat 4: 92724d0c folded before Flop
Seat 5: b8ff502b (button) folded before Flop
Seat 7: Hero (small blind) folded before Flop
Seat 8: 76b1149b (big blind) collected (460)


Poker Hand #TM5641777577: Tournament #266375393, APL Series: ¥110 Zodiac Bounty + Rat Hold'em No Limit - Level6(125/250(30)) - 2026/02/28 16:33:27
Table '41' 8-max Seat #4 is the button
Seat 1: bdbf5f4c (29,615 in chips)
Seat 2: 72eca970 (20,662 in chips)
Seat 3: 219d74b6 (18,640 in chips)
Seat 4: 92724d0c (10,805 in chips)
Seat 5: b8ff502b (11,483 in chips)
Seat 7: Hero (21,712 in chips)
Seat 8: 76b1149b (9,940 in chips)
219d74b6: posts the ante 30
Hero: posts the ante 30
92724d0c: posts the ante 30
76b1149b: posts the ante 30
bdbf5f4c: posts the ante 30
72eca970: posts the ante 30
b8ff502b: posts the ante 30
b8ff502b: posts small blind 125
Hero: posts big blind 250
*** HOLE CARDS ***
Dealt to bdbf5f4c 
Dealt to 72eca970 
Dealt to 219d74b6 
Dealt to 92724d0c 
Dealt to b8ff502b 
Dealt to Hero [Qs 4h]
Dealt to 76b1149b 
76b1149b: folds
bdbf5f4c: folds
72eca970: folds
219d74b6: folds
92724d0c: folds
b8ff502b: raises 750 to 1,000
Hero: folds
Uncalled bet (750) returned to b8ff502b
*** SHOWDOWN ***
b8ff502b collected 710 from pot
*** SUMMARY ***
Total pot 710 | Rake 0 | Jackpot 0 | Bingo 0 | Fortune 0 | Tax 0
Seat 1: bdbf5f4c folded before Flop
Seat 2: 72eca970 folded before Flop
Seat 3: 219d74b6 folded before Flop
Seat 4: 92724d0c (button) folded before Flop
Seat 5: b8ff502b (small blind) collected (710)
Seat 7: Hero (big blind) folded before Flop
Seat 8: 76b1149b folded before Flop


Poker Hand #TM5641777564: Tournament #266375393, APL Series: ¥110 Zodiac Bounty + Rat Hold'em No Limit - Level6(125/250(30)) - 2026/02/28 16:32:34
Table '41' 8-max Seat #3 is the button
Seat 1: bdbf5f4c (29,645 in chips)
Seat 2: 72eca970 (20,692 in chips)
Seat 3: 219d74b6 (18,670 in chips)
Seat 4: 92724d0c (10,960 in chips)
Seat 5: b8ff502b (8,868 in chips)
Seat 6: facefb17 (2,310 in chips)
Seat 7: Hero (21,742 in chips)
Seat 8: 76b1149b (9,970 in chips)
219d74b6: posts the ante 30
Hero: posts the ante 30
76b1149b: posts the ante 30
92724d0c: posts the ante 30
bdbf5f4c: posts the ante 30
facefb17: posts the ante 30
72eca970: posts the ante 30
b8ff502b: posts the ante 30
92724d0c: posts small blind 125
b8ff502b: posts big blind 250
*** HOLE CARDS ***
Dealt to bdbf5f4c 
Dealt to 72eca970 
Dealt to 219d74b6 
Dealt to 92724d0c 
Dealt to b8ff502b 
Dealt to facefb17 
Dealt to Hero [Qs 7h]
Dealt to 76b1149b 
facefb17: raises 2,030 to 2,280 and is all-in
Hero: folds
76b1149b: folds
bdbf5f4c: folds
72eca970: folds
219d74b6: folds
92724d0c: folds
b8ff502b: calls 2,030
facefb17: shows [Ks Jh]
b8ff502b: shows [Ad 9h]
*** FLOP *** [7c Td Qd]
*** TURN *** [7c Td Qd] [6d]
*** RIVER *** [7c Td Qd 6d] [6s]
*** SHOWDOWN ***
b8ff502b collected 4,925 from pot
*** SUMMARY ***
Total pot 4,925 | Rake 0 | Jackpot 0 | Bingo 0 | Fortune 0 | Tax 0
Board [7c Td Qd 6d 6s]
Seat 1: bdbf5f4c folded before Flop
Seat 2: 72eca970 folded before Flop
Seat 3: 219d74b6 (button) folded before Flop
Seat 4: 92724d0c (small blind) folded before Flop
Seat 5: b8ff502b (big blind) showed [Ad 9h] and won (4,925) with a pair of Sixes
Seat 6: facefb17 showed [Ks Jh] and lost with a pair of Sixes
Seat 7: Hero folded before Flop
Seat 8: 76b1149b folded before Flop


Poker Hand #TM5641777557: Tournament #266375393, APL Series: ¥110 Zodiac Bounty + Rat Hold'em No Limit - Level6(125/250(30)) - 2026/02/28 16:31:49
Table '41' 8-max Seat #2 is the button
Seat 1: bdbf5f4c (29,675 in chips)
Seat 2: 72eca970 (20,722 in chips)
Seat 3: 219d74b6 (15,460 in chips)
Seat 4: 92724d0c (11,490 in chips)
Seat 5: b8ff502b (11,398 in chips)
Seat 6: facefb17 (2,340 in chips)
Seat 7: Hero (21,772 in chips)
Seat 8: 76b1149b (10,000 in chips)
Hero: posts the ante 30
219d74b6: posts the ante 30
76b1149b: posts the ante 30
92724d0c: posts the ante 30
bdbf5f4c: posts the ante 30
facefb17: posts the ante 30
72eca970: posts the ante 30
b8ff502b: posts the ante 30
219d74b6: posts small blind 125
92724d0c: posts big blind 250
*** HOLE CARDS ***
Dealt to bdbf5f4c 
Dealt to 72eca970 
Dealt to 219d74b6 
Dealt to 92724d0c 
Dealt to b8ff502b 
Dealt to facefb17 
Dealt to Hero [Qc 3h]
Dealt to 76b1149b 
b8ff502b: raises 250 to 500
facefb17: folds
Hero: folds
76b1149b: folds
bdbf5f4c: folds
72eca970: folds
219d74b6: calls 375
92724d0c: calls 250
*** FLOP *** [9c Tc Ah]
219d74b6: bets 575
92724d0c: folds
b8ff502b: raises 1,425 to 2,000
219d74b6: raises 12,930 to 14,930 and is all-in
b8ff502b: folds
Uncalled bet (12,930) returned to 219d74b6
*** SHOWDOWN ***
219d74b6 collected 5,740 from pot
*** SUMMARY ***
Total pot 5,740 | Rake 0 | Jackpot 0 | Bingo 0 | Fortune 0 | Tax 0
Board [9c Tc Ah]
Seat 1: bdbf5f4c folded before Flop
Seat 2: 72eca970 (button) folded before Flop
Seat 3: 219d74b6 (small blind) won (5,740)
Seat 4: 92724d0c (big blind) folded on the Flop
Seat 5: b8ff502b folded on the Flop
Seat 6: facefb17 folded before Flop
Seat 7: Hero folded before Flop
Seat 8: 76b1149b folded before Flop


Poker Hand #TM5641777545: Tournament #266375393, APL Series: ¥110 Zodiac Bounty + Rat Hold'em No Limit - Level6(125/250(30)) - 2026/02/28 16:30:56
Table '41' 8-max Seat #1 is the button
Seat 1: bdbf5f4c (29,705 in chips)
Seat 2: 72eca970 (9,911 in chips)
Seat 3: 219d74b6 (15,740 in chips)
Seat 4: 92724d0c (12,020 in chips)
Seat 5: b8ff502b (11,428 in chips)
Seat 6: facefb17 (12,251 in chips)
Seat 7: Hero (21,802 in chips)
Hero: posts the ante 30
219d74b6: posts the ante 30
92724d0c: posts the ante 30
bdbf5f4c: posts the ante 30
facefb17: posts the ante 30
b8ff502b: posts the ante 30
72eca970: posts the ante 30
72eca970: posts small blind 125
219d74b6: posts big blind 250
*** HOLE CARDS ***
Dealt to bdbf5f4c 
Dealt to 72eca970 
Dealt to 219d74b6 
Dealt to 92724d0c 
Dealt to b8ff502b 
Dealt to facefb17 
Dealt to Hero [9c 6s]
92724d0c: raises 250 to 500
b8ff502b: folds
facefb17: calls 500
Hero: folds
bdbf5f4c: folds
72eca970: raises 9,381 to 9,881 and is all-in
219d74b6: folds
92724d0c: folds
facefb17: calls 9,381
72eca970: shows [9h 9s]
facefb17: shows [Ac Jc]
*** FLOP *** [5s Ks 3d]
*** TURN *** [5s Ks 3d] [9d]
*** RIVER *** [5s Ks 3d 9d] [5d]
*** SHOWDOWN ***
72eca970 collected 20,722 from pot
*** SUMMARY ***
Total pot 20,722 | Rake 0 | Jackpot 0 | Bingo 0 | Fortune 0 | Tax 0
Board [5s Ks 3d 9d 5d]
Seat 1: bdbf5f4c (button) folded before Flop
Seat 2: 72eca970 (small blind) showed [9h 9s] and won (20,722) with a full house, Nines full of Fives
Seat 3: 219d74b6 (big blind) folded before Flop
Seat 4: 92724d0c folded before Flop
Seat 5: b8ff502b folded before Flop
Seat 6: facefb17 showed [Ac Jc] and lost with a pair of Fives
Seat 7: Hero folded before Flop


Poker Hand #TM5641777536: Tournament #266375393, APL Series: ¥110 Zodiac Bounty + Rat Hold'em No Limit - Level6(125/250(30)) - 2026/02/28 16:30:08
Table '41' 8-max Seat #8 is the button
Seat 1: bdbf5f4c (15,844 in chips)
Seat 2: 72eca970 (10,191 in chips)
Seat 3: 219d74b6 (15,770 in chips)
Seat 4: 92724d0c (12,050 in chips)
Seat 5: b8ff502b (11,458 in chips)
Seat 6: facefb17 (12,781 in chips)
Seat 7: Hero (21,832 in chips)
Seat 8: 8c920d03 (12,931 in chips)
Hero: posts the ante 30
219d74b6: posts the ante 30
92724d0c: posts the ante 30
bdbf5f4c: posts the ante 30
8c920d03: posts the ante 30
facefb17: posts the ante 30
b8ff502b: posts the ante 30
72eca970: posts the ante 30
bdbf5f4c: posts small blind 125
72eca970: posts big blind 250
*** HOLE CARDS ***
Dealt to bdbf5f4c 
Dealt to 72eca970 
Dealt to 219d74b6 
Dealt to 92724d0c 
Dealt to b8ff502b 
Dealt to facefb17 
Dealt to Hero [Ac 7h]
Dealt to 8c920d03 
219d74b6: folds
92724d0c: folds
b8ff502b: folds
facefb17: raises 250 to 500
Hero: folds
8c920d03: raises 1,375 to 1,875
bdbf5f4c: raises 13,939 to 15,814 and is all-in
72eca970: folds
facefb17: folds
8c920d03: calls 11,026 and is all-in
Uncalled bet (2,913) returned to bdbf5f4c
bdbf5f4c: shows [Js Jh]
8c920d03: shows [Qd Qs]
*** FLOP *** [4s 6c Jc]
*** TURN *** [4s 6c Jc] [2h]
*** RIVER *** [4s 6c Jc 2h] [Kd]
*** SHOWDOWN ***
bdbf5f4c collected 26,792 from pot
*** SUMMARY ***
Total pot 26,792 | Rake 0 | Jackpot 0 | Bingo 0 | Fortune 0 | Tax 0
Board [4s 6c Jc 2h Kd]
Seat 1: bdbf5f4c (small blind) showed [Js Jh] and won (26,792) with three of a kind, Jacks
Seat 2: 72eca970 (big blind) folded before Flop
Seat 3: 219d74b6 folded before Flop
Seat 4: 92724d0c folded before Flop
Seat 5: b8ff502b folded before Flop
Seat 6: facefb17 folded before Flop
Seat 7: Hero folded before Flop
Seat 8: 8c920d03 (button) showed [Qd Qs] and lost with a pair of Queens


Poker Hand #TM5641777522: Tournament #266375393, APL Series: ¥110 Zodiac Bounty + Rat Hold'em No Limit - Level6(125/250(30)) - 2026/02/28 16:28:54
Table '41' 8-max Seat #7 is the button
Seat 1: bdbf5f4c (16,374 in chips)
Seat 2: 72eca970 (10,221 in chips)
Seat 3: 219d74b6 (15,800 in chips)
Seat 4: 92724d0c (12,080 in chips)
Seat 5: b8ff502b (11,488 in chips)
Seat 6: facefb17 (13,311 in chips)
Seat 7: Hero (20,497 in chips)
Seat 8: 8c920d03 (13,086 in chips)
Hero: posts the ante 30
219d74b6: posts the ante 30
92724d0c: posts the ante 30
bdbf5f4c: posts the ante 30
facefb17: posts the ante 30
8c920d03: posts the ante 30
b8ff502b: posts the ante 30
72eca970: posts the ante 30
8c920d03: posts small blind 125
bdbf5f4c: posts big blind 250
*** HOLE CARDS ***
Dealt to bdbf5f4c 
Dealt to 72eca970 
Dealt to 219d74b6 
Dealt to 92724d0c 
Dealt to b8ff502b 
Dealt to facefb17 
Dealt to Hero [4s 6s]
Dealt to 8c920d03 
72eca970: folds
219d74b6: folds
92724d0c: folds
b8ff502b: folds
facefb17: raises 250 to 500
Hero: calls 500
8c920d03: folds
bdbf5f4c: calls 250
*** FLOP *** [Qc 8d 4c]
bdbf5f4c: checks
facefb17: checks
Hero: bets 616
bdbf5f4c: folds
facefb17: folds
Uncalled bet (616) returned to Hero
*** SHOWDOWN ***
Hero collected 1,865 from pot
*** SUMMARY ***
Total pot 1,865 | Rake 0 | Jackpot 0 | Bingo 0 | Fortune 0 | Tax 0
Board [Qc 8d 4c]
Seat 1: bdbf5f4c (big blind) folded on the Flop
Seat 2: 72eca970 folded before Flop
Seat 3: 219d74b6 folded before Flop
Seat 4: 92724d0c folded before Flop
Seat 5: b8ff502b folded before Flop
Seat 6: facefb17 folded on the Flop
Seat 7: Hero (button) won (1,865)
Seat 8: 8c920d03 (small blind) folded before Flop


Poker Hand #TM5641777504: Tournament #266375393, APL Series: ¥110 Zodiac Bounty + Rat Hold'em No Limit - Level6(125/250(30)) - 2026/02/28 16:27:26
Table '41' 8-max Seat #6 is the button
Seat 1: bdbf5f4c (16,404 in chips)
Seat 2: 72eca970 (10,251 in chips)
Seat 3: 219d74b6 (15,830 in chips)
Seat 4: 92724d0c (12,110 in chips)
Seat 5: b8ff502b (9,403 in chips)
Seat 6: facefb17 (13,341 in chips)
Seat 7: Hero (20,652 in chips)
Seat 8: 8c920d03 (14,866 in chips)
219d74b6: posts the ante 30
Hero: posts the ante 30
92724d0c: posts the ante 30
bdbf5f4c: posts the ante 30
facefb17: posts the ante 30
8c920d03: posts the ante 30
b8ff502b: posts the ante 30
72eca970: posts the ante 30
Hero: posts small blind 125
8c920d03: posts big blind 250
*** HOLE CARDS ***
Dealt to bdbf5f4c 
Dealt to 72eca970 
Dealt to 219d74b6 
Dealt to 92724d0c 
Dealt to b8ff502b 
Dealt to facefb17 
Dealt to Hero [Tc 8s]
Dealt to 8c920d03 
bdbf5f4c: folds
72eca970: folds
219d74b6: folds
92724d0c: folds
b8ff502b: raises 250 to 500
facefb17: folds
Hero: folds
8c920d03: raises 1,250 to 1,750
b8ff502b: raises 1,500 to 3,250
8c920d03: folds
Uncalled bet (1,500) returned to b8ff502b
*** SHOWDOWN ***
b8ff502b collected 3,865 from pot
*** SUMMARY ***
Total pot 3,865 | Rake 0 | Jackpot 0 | Bingo 0 | Fortune 0 | Tax 0
Seat 1: bdbf5f4c folded before Flop
Seat 2: 72eca970 folded before Flop
Seat 3: 219d74b6 folded before Flop
Seat 4: 92724d0c folded before Flop
Seat 5: b8ff502b collected (3,865)
Seat 6: facefb17 (button) folded before Flop
Seat 7: Hero (small blind) folded before Flop
Seat 8: 8c920d03 (big blind) folded before Flop


Poker Hand #TM5641777489: Tournament #266375393, APL Series: ¥110 Zodiac Bounty + Rat Hold'em No Limit - Level5(100/200(25)) - 2026/02/28 16:26:13
Table '41' 8-max Seat #5 is the button
Seat 1: bdbf5f4c (16,429 in chips)
Seat 2: 72eca970 (11,711 in chips)
Seat 3: 219d74b6 (15,855 in chips)
Seat 4: 92724d0c (10,000 in chips)
Seat 5: b8ff502b (9,428 in chips)
Seat 6: facefb17 (13,466 in chips)
Seat 7: Hero (21,077 in chips)
Seat 8: 8c920d03 (14,891 in chips)
219d74b6: posts the ante 25
Hero: posts the ante 25
92724d0c: posts the ante 25
bdbf5f4c: posts the ante 25
8c920d03: posts the ante 25
facefb17: posts the ante 25
b8ff502b: posts the ante 25
72eca970: posts the ante 25
facefb17: posts small blind 100
Hero: posts big blind 200
*** HOLE CARDS ***
Dealt to bdbf5f4c 
Dealt to 72eca970 
Dealt to 219d74b6 
Dealt to 92724d0c 
Dealt to b8ff502b 
Dealt to facefb17 
Dealt to Hero [4c Tc]
Dealt to 8c920d03 
8c920d03: folds
bdbf5f4c: folds
72eca970: raises 200 to 400
219d74b6: folds
92724d0c: calls 400
b8ff502b: folds
facefb17: folds
Hero: calls 200
*** FLOP *** [Ks 8d Jh]
Hero: checks
72eca970: bets 1,035
92724d0c: calls 1,035
Hero: folds
*** TURN *** [Ks 8d Jh] [Ah]
72eca970: checks
92724d0c: bets 1,428
72eca970: folds
Uncalled bet (1,428) returned to 92724d0c
*** SHOWDOWN ***
92724d0c collected 3,570 from pot
*** SUMMARY ***
Total pot 3,570 | Rake 0 | Jackpot 0 | Bingo 0 | Fortune 0 | Tax 0
Board [Ks 8d Jh Ah]
Seat 1: bdbf5f4c folded before Flop
Seat 2: 72eca970 folded on the Turn
Seat 3: 219d74b6 folded before Flop
Seat 4: 92724d0c won (3,570)
Seat 5: b8ff502b (button) folded before Flop
Seat 6: facefb17 (small blind) folded before Flop
Seat 7: Hero (big blind) folded on the Flop
Seat 8: 8c920d03 folded before Flop


Poker Hand #TM5641777481: Tournament #266375393, APL Series: ¥110 Zodiac Bounty + Rat Hold'em No Limit - Level5(100/200(25)) - 2026/02/28 16:25:38
Table '41' 8-max Seat #3 is the button
Seat 1: bdbf5f4c (15,339 in chips)
Seat 2: 72eca970 (11,736 in chips)
Seat 3: 219d74b6 (16,300 in chips)
Seat 5: b8ff502b (9,553 in chips)
Seat 6: facefb17 (13,911 in chips)
Seat 7: Hero (21,102 in chips)
Seat 8: 8c920d03 (14,916 in chips)
219d74b6: posts the ante 25
Hero: posts the ante 25
bdbf5f4c: posts the ante 25
8c920d03: posts the ante 25
facefb17: posts the ante 25
72eca970: posts the ante 25
b8ff502b: posts the ante 25
b8ff502b: posts small blind 100
facefb17: posts big blind 200
*** HOLE CARDS ***
Dealt to bdbf5f4c 
Dealt to 72eca970 
Dealt to 219d74b6 
Dealt to b8ff502b 
Dealt to facefb17 
Dealt to Hero [Ad 6s]
Dealt to 8c920d03 
Hero: folds
8c920d03: folds
bdbf5f4c: raises 220 to 420
72eca970: folds
219d74b6: calls 420
b8ff502b: folds
facefb17: calls 220
*** FLOP *** [Qc 6h Ac]
facefb17: checks
bdbf5f4c: bets 1,152
219d74b6: folds
facefb17: folds
Uncalled bet (1,152) returned to bdbf5f4c
*** SHOWDOWN ***
bdbf5f4c collected 1,535 from pot
*** SUMMARY ***
Total pot 1,535 | Rake 0 | Jackpot 0 | Bingo 0 | Fortune 0 | Tax 0
Board [Qc 6h Ac]
Seat 1: bdbf5f4c won (1,535)
Seat 2: 72eca970 folded before Flop
Seat 3: 219d74b6 (button) folded on the Flop
Seat 5: b8ff502b (small blind) folded before Flop
Seat 6: facefb17 (big blind) folded on the Flop
Seat 7: Hero folded before Flop
Seat 8: 8c920d03 folded before Flop


Poker Hand #TM5641777470: Tournament #266375393, APL Series: ¥110 Zodiac Bounty + Rat Hold'em No Limit - Level5(100/200(25)) - 2026/02/28 16:24:34
Table '41' 8-max Seat #2 is the button
Seat 1: bdbf5f4c (11,489 in chips)
Seat 2: 72eca970 (13,461 in chips)
Seat 3: 219d74b6 (16,425 in chips)
Seat 5: b8ff502b (9,778 in chips)
Seat 6: facefb17 (15,636 in chips)
Seat 7: Hero (21,127 in chips)
Seat 8: 8c920d03 (14,941 in chips)
Hero: posts the ante 25
219d74b6: posts the ante 25
bdbf5f4c: posts the ante 25
8c920d03: posts the ante 25
facefb17: posts the ante 25
72eca970: posts the ante 25
b8ff502b: posts the ante 25
219d74b6: posts small blind 100
b8ff502b: posts big blind 200
*** HOLE CARDS ***
Dealt to bdbf5f4c 
Dealt to 72eca970 
Dealt to 219d74b6 
Dealt to b8ff502b 
Dealt to facefb17 
Dealt to Hero [4h 3h]
Dealt to 8c920d03 
facefb17: raises 200 to 400
Hero: folds
8c920d03: folds
bdbf5f4c: raises 1,300 to 1,700
72eca970: calls 1,700
219d74b6: folds
b8ff502b: folds
facefb17: calls 1,300
*** FLOP *** [Qc Jc 8c]
facefb17: checks
bdbf5f4c: bets 9,764 and is all-in
72eca970: folds
facefb17: folds
Uncalled bet (9,764) returned to bdbf5f4c
*** SHOWDOWN ***
bdbf5f4c collected 5,575 from pot
*** SUMMARY ***
Total pot 5,575 | Rake 0 | Jackpot 0 | Bingo 0 | Fortune 0 | Tax 0
Board [Qc Jc 8c]
Seat 1: bdbf5f4c won (5,575)
Seat 2: 72eca970 (button) folded on the Flop
Seat 3: 219d74b6 (small blind) folded before Flop
Seat 5: b8ff502b (big blind) folded before Flop
Seat 6: facefb17 folded on the Flop
Seat 7: Hero folded before Flop
Seat 8: 8c920d03 folded before Flop


Poker Hand #TM5641777457: Tournament #266375393, APL Series: ¥110 Zodiac Bounty + Rat Hold'em No Limit - Level5(100/200(25)) - 2026/02/28 16:23:19
Table '41' 8-max Seat #1 is the button
Seat 1: bdbf5f4c (11,514 in chips)
Seat 2: 72eca970 (13,586 in chips)
Seat 3: 219d74b6 (16,650 in chips)
Seat 4: be43d7ac (6,055 in chips)
Seat 5: b8ff502b (9,803 in chips)
Seat 6: facefb17 (9,131 in chips)
Seat 7: Hero (21,152 in chips)
Seat 8: 8c920d03 (14,966 in chips)
be43d7ac: posts the ante 25
Hero: posts the ante 25
219d74b6: posts the ante 25
bdbf5f4c: posts the ante 25
8c920d03: posts the ante 25
facefb17: posts the ante 25
b8ff502b: posts the ante 25
72eca970: posts the ante 25
72eca970: posts small blind 100
219d74b6: posts big blind 200
*** HOLE CARDS ***
Dealt to bdbf5f4c 
Dealt to 72eca970 
Dealt to 219d74b6 
Dealt to be43d7ac 
Dealt to b8ff502b 
Dealt to facefb17 
Dealt to Hero [2h 4c]
Dealt to 8c920d03 
be43d7ac: raises 200 to 400
b8ff502b: folds
facefb17: calls 400
Hero: folds
8c920d03: folds
bdbf5f4c: folds
72eca970: folds
219d74b6: folds
*** FLOP *** [Qh 2s 5c]
be43d7ac: bets 650
facefb17: raises 1,092 to 1,742
be43d7ac: raises 3,888 to 5,630 and is all-in
facefb17: calls 3,888
be43d7ac: shows [Ts Qs] (a pair of Queens)
facefb17: shows [Qc Kc] (a pair of Queens)
*** TURN *** [Qh 2s 5c] [9c]
*** RIVER *** [Qh 2s 5c 9c] [6c]
*** SHOWDOWN ***
facefb17 collected 12,560 from pot
*** SUMMARY ***
Total pot 12,560 | Rake 0 | Jackpot 0 | Bingo 0 | Fortune 0 | Tax 0
Board [Qh 2s 5c 9c 6c]
Seat 1: bdbf5f4c (button) folded before Flop
Seat 2: 72eca970 (small blind) folded before Flop
Seat 3: 219d74b6 (big blind) folded before Flop
Seat 4: be43d7ac showed [Ts Qs] and lost with a pair of Queens
Seat 5: b8ff502b folded before Flop
Seat 6: facefb17 showed [Qc Kc] and won (12,560) with a flush King high
Seat 7: Hero folded before Flop
Seat 8: 8c920d03 folded before Flop


Poker Hand #TM5641777449: Tournament #266375393, APL Series: ¥110 Zodiac Bounty + Rat Hold'em No Limit - Level5(100/200(25)) - 2026/02/28 16:22:35
Table '41' 8-max Seat #8 is the button
Seat 1: bdbf5f4c (11,639 in chips)
Seat 2: 72eca970 (13,811 in chips)
Seat 3: 219d74b6 (16,675 in chips)
Seat 4: be43d7ac (6,080 in chips)
Seat 5: b8ff502b (9,828 in chips)
Seat 6: facefb17 (16,389 in chips)
Seat 7: Hero (21,177 in chips)
Seat 8: 8c920d03 (7,258 in chips)
be43d7ac: posts the ante 25
Hero: posts the ante 25
219d74b6: posts the ante 25
bdbf5f4c: posts the ante 25
8c920d03: posts the ante 25
facefb17: posts the ante 25
b8ff502b: posts the ante 25
72eca970: posts the ante 25
bdbf5f4c: posts small blind 100
72eca970: posts big blind 200
*** HOLE CARDS ***
Dealt to bdbf5f4c 
Dealt to 72eca970 
Dealt to 219d74b6 
Dealt to be43d7ac 
Dealt to b8ff502b 
Dealt to facefb17 
Dealt to Hero [2h Qc]
Dealt to 8c920d03 
219d74b6: folds
be43d7ac: folds
b8ff502b: folds
facefb17: raises 259 to 459
Hero: folds
8c920d03: raises 1,064 to 1,523
bdbf5f4c: folds
72eca970: folds
facefb17: raises 14,841 to 16,364 and is all-in
8c920d03: calls 5,710 and is all-in
Uncalled bet (9,131) returned to facefb17
facefb17: shows [Ah Jd]
8c920d03: shows [Jh Qh]
*** FLOP *** [Td 9c 8h]
*** TURN *** [Td 9c 8h] [9s]
*** RIVER *** [Td 9c 8h 9s] [8c]
*** SHOWDOWN ***
8c920d03 collected 14,966 from pot
*** SUMMARY ***
Total pot 14,966 | Rake 0 | Jackpot 0 | Bingo 0 | Fortune 0 | Tax 0
Board [Td 9c 8h 9s 8c]
Seat 1: bdbf5f4c (small blind) folded before Flop
Seat 2: 72eca970 (big blind) folded before Flop
Seat 3: 219d74b6 folded before Flop
Seat 4: be43d7ac folded before Flop
Seat 5: b8ff502b folded before Flop
Seat 6: facefb17 showed [Ah Jd] and lost with two pair, Nines and Eights
Seat 7: Hero folded before Flop
Seat 8: 8c920d03 (button) showed [Jh Qh] and won (14,966) with a straight, Queen to Eight


Poker Hand #TM5641777434: Tournament #266375393, APL Series: ¥110 Zodiac Bounty + Rat Hold'em No Limit - Level5(100/200(25)) - 2026/02/28 16:21:15
Table '41' 8-max Seat #7 is the button
Seat 1: bdbf5f4c (12,064 in chips)
Seat 2: 72eca970 (13,836 in chips)
Seat 3: 219d74b6 (9,550 in chips)
Seat 4: be43d7ac (6,105 in chips)
Seat 5: b8ff502b (14,653 in chips)
Seat 6: facefb17 (16,414 in chips)
Seat 7: Hero (21,202 in chips)
Seat 8: 8c920d03 (9,033 in chips)
be43d7ac: posts the ante 25
Hero: posts the ante 25
219d74b6: posts the ante 25
bdbf5f4c: posts the ante 25
facefb17: posts the ante 25
8c920d03: posts the ante 25
b8ff502b: posts the ante 25
72eca970: posts the ante 25
8c920d03: posts small blind 100
bdbf5f4c: posts big blind 200
*** HOLE CARDS ***
Dealt to bdbf5f4c 
Dealt to 72eca970 
Dealt to 219d74b6 
Dealt to be43d7ac 
Dealt to b8ff502b 
Dealt to facefb17 
Dealt to Hero [4c 2s]
Dealt to 8c920d03 
72eca970: folds
219d74b6: raises 200 to 400
be43d7ac: folds
b8ff502b: calls 400
facefb17: folds
Hero: folds
8c920d03: calls 300
bdbf5f4c: calls 200
*** FLOP *** [Th 3c 8c]
8c920d03: checks
bdbf5f4c: checks
219d74b6: checks
b8ff502b: checks
*** TURN *** [Th 3c 8c] [Qc]
8c920d03: bets 1,350
bdbf5f4c: folds
219d74b6: calls 1,350
b8ff502b: raises 3,050 to 4,400
8c920d03: folds
219d74b6: calls 3,050
*** RIVER *** [Th 3c 8c Qc] [9s]
219d74b6: bets 4,725 and is all-in
b8ff502b: folds
Uncalled bet (4,725) returned to 219d74b6
*** SHOWDOWN ***
219d74b6 collected 11,950 from pot
*** SUMMARY ***
Total pot 11,950 | Rake 0 | Jackpot 0 | Bingo 0 | Fortune 0 | Tax 0
Board [Th 3c 8c Qc 9s]
Seat 1: bdbf5f4c (big blind) folded on the Turn
Seat 2: 72eca970 folded before Flop
Seat 3: 219d74b6 won (11,950)
Seat 4: be43d7ac folded before Flop
Seat 5: b8ff502b folded on the River
Seat 6: facefb17 folded before Flop
Seat 7: Hero (button) folded before Flop
Seat 8: 8c920d03 (small blind) folded on the Turn


Poker Hand #TM5641777426: Tournament #266375393, APL Series: ¥110 Zodiac Bounty + Rat Hold'em No Limit - Level5(100/200(25)) - 2026/02/28 16:20:28
Table '41' 8-max Seat #6 is the button
Seat 1: bdbf5f4c (12,089 in chips)
Seat 2: 72eca970 (13,861 in chips)
Seat 3: 219d74b6 (9,975 in chips)
Seat 4: be43d7ac (7,730 in chips)
Seat 5: b8ff502b (12,178 in chips)
Seat 6: facefb17 (16,439 in chips)
Seat 7: Hero (21,327 in chips)
Seat 8: 8c920d03 (9,258 in chips)
be43d7ac: posts the ante 25
219d74b6: posts the ante 25
Hero: posts the ante 25
bdbf5f4c: posts the ante 25
facefb17: posts the ante 25
8c920d03: posts the ante 25
b8ff502b: posts the ante 25
72eca970: posts the ante 25
Hero: posts small blind 100
8c920d03: posts big blind 200
*** HOLE CARDS ***
Dealt to bdbf5f4c 
Dealt to 72eca970 
Dealt to 219d74b6 
Dealt to be43d7ac 
Dealt to b8ff502b 
Dealt to facefb17 
Dealt to Hero [8d 2h]
Dealt to 8c920d03 
bdbf5f4c: folds
72eca970: folds
219d74b6: raises 200 to 400
be43d7ac: calls 400
b8ff502b: raises 1,200 to 1,600
facefb17: folds
Hero: folds
8c920d03: folds
219d74b6: folds
be43d7ac: calls 1,200
*** FLOP *** [Jd 8s Qh]
be43d7ac: checks
b8ff502b: bets 1,800
be43d7ac: folds
Uncalled bet (1,800) returned to b8ff502b
*** SHOWDOWN ***
b8ff502b collected 4,100 from pot
*** SUMMARY ***
Total pot 4,100 | Rake 0 | Jackpot 0 | Bingo 0 | Fortune 0 | Tax 0
Board [Jd 8s Qh]
Seat 1: bdbf5f4c folded before Flop
Seat 2: 72eca970 folded before Flop
Seat 3: 219d74b6 folded before Flop
Seat 4: be43d7ac folded on the Flop
Seat 5: b8ff502b won (4,100)
Seat 6: facefb17 (button) folded before Flop
Seat 7: Hero (small blind) folded before Flop
Seat 8: 8c920d03 (big blind) folded before Flop


Poker Hand #TM5641777417: Tournament #266375393, APL Series: ¥110 Zodiac Bounty + Rat Hold'em No Limit - Level5(100/200(25)) - 2026/02/28 16:19:58
Table '41' 8-max Seat #5 is the button
Seat 1: bdbf5f4c (12,114 in chips)
Seat 2: 72eca970 (13,386 in chips)
Seat 3: 219d74b6 (10,000 in chips)
Seat 4: be43d7ac (7,755 in chips)
Seat 5: b8ff502b (12,203 in chips)
Seat 6: facefb17 (16,564 in chips)
Seat 7: Hero (21,552 in chips)
Seat 8: 8c920d03 (9,283 in chips)
be43d7ac: posts the ante 25
219d74b6: posts the ante 25
Hero: posts the ante 25
bdbf5f4c: posts the ante 25
8c920d03: posts the ante 25
facefb17: posts the ante 25
b8ff502b: posts the ante 25
72eca970: posts the ante 25
facefb17: posts small blind 100
Hero: posts big blind 200
*** HOLE CARDS ***
Dealt to bdbf5f4c 
Dealt to 72eca970 
Dealt to 219d74b6 
Dealt to be43d7ac 
Dealt to b8ff502b 
Dealt to facefb17 
Dealt to Hero [6s 2h]
Dealt to 8c920d03 
8c920d03: folds
bdbf5f4c: folds
72eca970: raises 200 to 400
219d74b6: folds
be43d7ac: folds
b8ff502b: folds
facefb17: folds
Hero: folds
Uncalled bet (200) returned to 72eca970
*** SHOWDOWN ***
72eca970 collected 700 from pot
*** SUMMARY ***
Total pot 700 | Rake 0 | Jackpot 0 | Bingo 0 | Fortune 0 | Tax 0
Seat 1: bdbf5f4c folded before Flop
Seat 2: 72eca970 collected (700)
Seat 3: 219d74b6 folded before Flop
Seat 4: be43d7ac folded before Flop
Seat 5: b8ff502b (button) folded before Flop
Seat 6: facefb17 (small blind) folded before Flop
Seat 7: Hero (big blind) folded before Flop
Seat 8: 8c920d03 folded before Flop


Poker Hand #TM5641777405: Tournament #266375393, APL Series: ¥110 Zodiac Bounty + Rat Hold'em No Limit - Level5(100/200(25)) - 2026/02/28 16:18:53
Table '41' 8-max Seat #4 is the button
Seat 1: bdbf5f4c (10,311 in chips)
Seat 2: 72eca970 (13,811 in chips)
Seat 4: be43d7ac (8,733 in chips)
Seat 5: b8ff502b (12,328 in chips)
Seat 6: facefb17 (16,789 in chips)
Seat 7: Hero (21,577 in chips)
Seat 8: 8c920d03 (9,308 in chips)
be43d7ac: posts the ante 25
Hero: posts the ante 25
bdbf5f4c: posts the ante 25
8c920d03: posts the ante 25
facefb17: posts the ante 25
72eca970: posts the ante 25
b8ff502b: posts the ante 25
b8ff502b: posts small blind 100
facefb17: posts big blind 200
*** HOLE CARDS ***
Dealt to bdbf5f4c 
Dealt to 72eca970 
Dealt to be43d7ac 
Dealt to b8ff502b 
Dealt to facefb17 
Dealt to Hero [Ah Qd]
Dealt to 8c920d03 
Hero: folds
8c920d03: folds
bdbf5f4c: raises 200 to 400
72eca970: calls 400
be43d7ac: calls 400
b8ff502b: folds
facefb17: folds
*** FLOP *** [Qc 8c 8d]
bdbf5f4c: bets 553
72eca970: folds
be43d7ac: calls 553
*** TURN *** [Qc 8c 8d] [7c]
bdbf5f4c: bets 2,086
be43d7ac: folds
Uncalled bet (2,086) returned to bdbf5f4c
*** SHOWDOWN ***
bdbf5f4c collected 2,781 from pot
*** SUMMARY ***
Total pot 2,781 | Rake 0 | Jackpot 0 | Bingo 0 | Fortune 0 | Tax 0
Board [Qc 8c 8d 7c]
Seat 1: bdbf5f4c won (2,781)
Seat 2: 72eca970 folded on the Flop
Seat 4: be43d7ac (button) folded on the Turn
Seat 5: b8ff502b (small blind) folded before Flop
Seat 6: facefb17 (big blind) folded before Flop
Seat 7: Hero folded before Flop
Seat 8: 8c920d03 folded before Flop


Poker Hand #TM5641777390: Tournament #266375393, APL Series: ¥110 Zodiac Bounty + Rat Hold'em No Limit - Level5(100/200(25)) - 2026/02/28 16:17:38
Table '41' 8-max Seat #3 is the button
Seat 1: bdbf5f4c (10,336 in chips)
Seat 2: 72eca970 (11,432 in chips)
Seat 3: 5ca8dc65 (1,929 in chips)
Seat 4: be43d7ac (8,858 in chips)
Seat 5: b8ff502b (12,553 in chips)
Seat 6: facefb17 (16,814 in chips)
Seat 7: Hero (21,602 in chips)
Seat 8: 8c920d03 (9,333 in chips)
be43d7ac: posts the ante 25
Hero: posts the ante 25
bdbf5f4c: posts the ante 25
8c920d03: posts the ante 25
facefb17: posts the ante 25
5ca8dc65: posts the ante 25
72eca970: posts the ante 25
b8ff502b: posts the ante 25
be43d7ac: posts small blind 100
b8ff502b: posts big blind 200
*** HOLE CARDS ***
Dealt to bdbf5f4c 
Dealt to 72eca970 
Dealt to 5ca8dc65 
Dealt to be43d7ac 
Dealt to b8ff502b 
Dealt to facefb17 
Dealt to Hero [4s 6h]
Dealt to 8c920d03 
facefb17: folds
Hero: folds
8c920d03: folds
bdbf5f4c: folds
72eca970: raises 200 to 400
5ca8dc65: raises 1,504 to 1,904 and is all-in
be43d7ac: folds
b8ff502b: folds
72eca970: calls 1,504
5ca8dc65: shows [5c As]
72eca970: shows [Tc Qs]
*** FLOP *** [4d Ac Td]
*** TURN *** [4d Ac Td] [Th]
*** RIVER *** [4d Ac Td Th] [3h]
*** SHOWDOWN ***
72eca970 collected 4,308 from pot
*** SUMMARY ***
Total pot 4,308 | Rake 0 | Jackpot 0 | Bingo 0 | Fortune 0 | Tax 0
Board [4d Ac Td Th 3h]
Seat 1: bdbf5f4c folded before Flop
Seat 2: 72eca970 showed [Tc Qs] and won (4,308) with three of a kind, Tens
Seat 3: 5ca8dc65 (button) showed [5c As] and lost with two pair, Aces and Tens
Seat 4: be43d7ac (small blind) folded before Flop
Seat 5: b8ff502b (big blind) folded before Flop
Seat 6: facefb17 folded before Flop
Seat 7: Hero folded before Flop
Seat 8: 8c920d03 folded before Flop


Poker Hand #TM5641777365: Tournament #266375393, APL Series: ¥110 Zodiac Bounty + Rat Hold'em No Limit - Level4(75/150(18)) - 2026/02/28 16:15:22
Table '41' 8-max Seat #2 is the button
Seat 1: bdbf5f4c (10,354 in chips)
Seat 2: 72eca970 (11,750 in chips)
Seat 3: 5ca8dc65 (9,832 in chips)
Seat 4: be43d7ac (9,176 in chips)
Seat 5: b8ff502b (12,871 in chips)
Seat 6: facefb17 (7,903 in chips)
Seat 7: Hero (21,620 in chips)
Seat 8: 8c920d03 (9,351 in chips)
be43d7ac: posts the ante 18
Hero: posts the ante 18
bdbf5f4c: posts the ante 18
8c920d03: posts the ante 18
facefb17: posts the ante 18
5ca8dc65: posts the ante 18
72eca970: posts the ante 18
b8ff502b: posts the ante 18
5ca8dc65: posts small blind 75
be43d7ac: posts big blind 150
*** HOLE CARDS ***
Dealt to bdbf5f4c 
Dealt to 72eca970 
Dealt to 5ca8dc65 
Dealt to be43d7ac 
Dealt to b8ff502b 
Dealt to facefb17 
Dealt to Hero [9c 7c]
Dealt to 8c920d03 
b8ff502b: raises 150 to 300
facefb17: calls 300
Hero: folds
8c920d03: folds
bdbf5f4c: folds
72eca970: calls 300
5ca8dc65: calls 225
be43d7ac: calls 150
*** FLOP *** [7s Ks 6d]
5ca8dc65: checks
be43d7ac: checks
b8ff502b: checks
facefb17: bets 691
72eca970: folds
5ca8dc65: calls 691
be43d7ac: folds
b8ff502b: folds
*** TURN *** [7s Ks 6d] [Ts]
5ca8dc65: checks
facefb17: bets 2,179
5ca8dc65: calls 2,179
*** RIVER *** [7s Ks 6d Ts] [Qs]
5ca8dc65: bets 6,644 and is all-in
facefb17: calls 4,715 and is all-in
Uncalled bet (1,929) returned to 5ca8dc65
5ca8dc65: shows [3s 2s] (a flush King high)
facefb17: shows [6c 6s] (a flush King high)
*** SHOWDOWN ***
facefb17 collected 16,814 from pot
*** SUMMARY ***
Total pot 16,814 | Rake 0 | Jackpot 0 | Bingo 0 | Fortune 0 | Tax 0
Board [7s Ks 6d Ts Qs]
Seat 1: bdbf5f4c folded before Flop
Seat 2: 72eca970 (button) folded on the Flop
Seat 3: 5ca8dc65 (small blind) showed [3s 2s] and lost with a flush King high
Seat 4: be43d7ac (big blind) folded on the Flop
Seat 5: b8ff502b folded on the Flop
Seat 6: facefb17 showed [6c 6s] and won (16,814) with a flush King high
Seat 7: Hero folded before Flop
Seat 8: 8c920d03 folded before Flop


Poker Hand #TM5641777354: Tournament #266375393, APL Series: ¥110 Zodiac Bounty + Rat Hold'em No Limit - Level4(75/150(18)) - 2026/02/28 16:14:35
Table '41' 8-max Seat #1 is the button
Seat 1: bdbf5f4c (9,703 in chips)
Seat 2: 72eca970 (11,843 in chips)
Seat 3: 5ca8dc65 (10,000 in chips)
Seat 4: be43d7ac (9,194 in chips)
Seat 5: b8ff502b (12,889 in chips)
Seat 6: facefb17 (7,921 in chips)
Seat 7: Hero (21,638 in chips)
Seat 8: 8c920d03 (9,669 in chips)
be43d7ac: posts the ante 18
Hero: posts the ante 18
bdbf5f4c: posts the ante 18
8c920d03: posts the ante 18
facefb17: posts the ante 18
5ca8dc65: posts the ante 18
b8ff502b: posts the ante 18
72eca970: posts the ante 18
72eca970: posts small blind 75
5ca8dc65: posts big blind 150
*** HOLE CARDS ***
Dealt to bdbf5f4c 
Dealt to 72eca970 
Dealt to 5ca8dc65 
Dealt to be43d7ac 
Dealt to b8ff502b 
Dealt to facefb17 
Dealt to Hero [8s 9h]
Dealt to 8c920d03 
be43d7ac: folds
b8ff502b: folds
facefb17: folds
Hero: folds
8c920d03: raises 150 to 300
bdbf5f4c: raises 969 to 1,269
72eca970: folds
5ca8dc65: folds
8c920d03: folds
Uncalled bet (969) returned to bdbf5f4c
*** SHOWDOWN ***
bdbf5f4c collected 969 from pot
*** SUMMARY ***
Total pot 969 | Rake 0 | Jackpot 0 | Bingo 0 | Fortune 0 | Tax 0
Seat 1: bdbf5f4c (button) collected (969)
Seat 2: 72eca970 (small blind) folded before Flop
Seat 3: 5ca8dc65 (big blind) folded before Flop
Seat 4: be43d7ac folded before Flop
Seat 5: b8ff502b folded before Flop
Seat 6: facefb17 folded before Flop
Seat 7: Hero folded before Flop
Seat 8: 8c920d03 folded before Flop


Poker Hand #TM5641777349: Tournament #266375393, APL Series: ¥110 Zodiac Bounty + Rat Hold'em No Limit - Level4(75/150(18)) - 2026/02/28 16:13:58
Table '41' 8-max Seat #8 is the button
Seat 1: bdbf5f4c (9,796 in chips)
Seat 2: 72eca970 (9,682 in chips)
Seat 3: b93d3a1c (15,328 in chips)
Seat 4: be43d7ac (9,212 in chips)
Seat 5: b8ff502b (12,907 in chips)
Seat 6: facefb17 (7,939 in chips)
Seat 7: Hero (21,656 in chips)
Seat 8: 8c920d03 (11,647 in chips)
be43d7ac: posts the ante 18
Hero: posts the ante 18
bdbf5f4c: posts the ante 18
8c920d03: posts the ante 18
facefb17: posts the ante 18
b8ff502b: posts the ante 18
b93d3a1c: posts the ante 18
72eca970: posts the ante 18
bdbf5f4c: posts small blind 75
72eca970: posts big blind 150
*** HOLE CARDS ***
Dealt to bdbf5f4c 
Dealt to 72eca970 
Dealt to b93d3a1c 
Dealt to be43d7ac 
Dealt to b8ff502b 
Dealt to facefb17 
Dealt to Hero [Qd 9h]
Dealt to 8c920d03 
b93d3a1c: folds
be43d7ac: folds
b8ff502b: folds
facefb17: folds
Hero: folds
8c920d03: raises 150 to 300
bdbf5f4c: folds
72eca970: calls 150
*** FLOP *** [Qc 7s As]
72eca970: checks
8c920d03: bets 418
72eca970: calls 418
*** TURN *** [Qc 7s As] [Kd]
72eca970: checks
8c920d03: checks
*** RIVER *** [Qc 7s As Kd] [Th]
72eca970: checks
8c920d03: bets 1,242
72eca970: calls 1,242
8c920d03: shows [2h 2s] (a pair of Twos)
72eca970: shows [Qs 5h] (a pair of Queens)
*** SHOWDOWN ***
72eca970 collected 4,139 from pot
*** SUMMARY ***
Total pot 4,139 | Rake 0 | Jackpot 0 | Bingo 0 | Fortune 0 | Tax 0
Board [Qc 7s As Kd Th]
Seat 1: bdbf5f4c (small blind) folded before Flop
Seat 2: 72eca970 (big blind) showed [Qs 5h] and won (4,139) with a pair of Queens
Seat 3: b93d3a1c folded before Flop
Seat 4: be43d7ac folded before Flop
Seat 5: b8ff502b folded before Flop
Seat 6: facefb17 folded before Flop
Seat 7: Hero folded before Flop
Seat 8: 8c920d03 (button) showed [2h 2s] and lost with a pair of Twos


Poker Hand #TM5641777344: Tournament #266375393, APL Series: ¥110 Zodiac Bounty + Rat Hold'em No Limit - Level4(75/150(18)) - 2026/02/28 16:12:52
Table '41' 8-max Seat #7 is the button
Seat 1: bdbf5f4c (9,964 in chips)
Seat 2: 72eca970 (10,000 in chips)
Seat 3: b93d3a1c (15,346 in chips)
Seat 4: be43d7ac (9,230 in chips)
Seat 5: b8ff502b (12,925 in chips)
Seat 6: facefb17 (8,257 in chips)
Seat 7: Hero (20,705 in chips)
Seat 8: 8c920d03 (11,740 in chips)
be43d7ac: posts the ante 18
Hero: posts the ante 18
bdbf5f4c: posts the ante 18
facefb17: posts the ante 18
8c920d03: posts the ante 18
b8ff502b: posts the ante 18
b93d3a1c: posts the ante 18
72eca970: posts the ante 18
8c920d03: posts small blind 75
bdbf5f4c: posts big blind 150
*** HOLE CARDS ***
Dealt to bdbf5f4c 
Dealt to 72eca970 
Dealt to b93d3a1c 
Dealt to be43d7ac 
Dealt to b8ff502b 
Dealt to facefb17 
Dealt to Hero [Jh Ad]
Dealt to 8c920d03 
72eca970: raises 150 to 300
b93d3a1c: folds
be43d7ac: folds
b8ff502b: folds
facefb17: calls 300
Hero: raises 952 to 1,252
8c920d03: folds
bdbf5f4c: folds
72eca970: folds
facefb17: folds
Uncalled bet (952) returned to Hero
*** SHOWDOWN ***
Hero collected 1,269 from pot
*** SUMMARY ***
Total pot 1,269 | Rake 0 | Jackpot 0 | Bingo 0 | Fortune 0 | Tax 0
Seat 1: bdbf5f4c (big blind) folded before Flop
Seat 2: 72eca970 folded before Flop
Seat 3: b93d3a1c folded before Flop
Seat 4: be43d7ac folded before Flop
Seat 5: b8ff502b folded before Flop
Seat 6: facefb17 folded before Flop
Seat 7: Hero (button) collected (1,269)
Seat 8: 8c920d03 (small blind) folded before Flop


Poker Hand #TM5641777338: Tournament #266375393, APL Series: ¥110 Zodiac Bounty + Rat Hold'em No Limit - Level4(75/150(18)) - 2026/02/28 16:12:02
Table '41' 8-max Seat #6 is the button
Seat 1: bdbf5f4c (9,982 in chips)
Seat 3: b93d3a1c (15,364 in chips)
Seat 4: be43d7ac (9,248 in chips)
Seat 5: b8ff502b (12,943 in chips)
Seat 6: facefb17 (8,575 in chips)
Seat 7: Hero (20,147 in chips)
Seat 8: 8c920d03 (11,908 in chips)
be43d7ac: posts the ante 18
Hero: posts the ante 18
bdbf5f4c: posts the ante 18
facefb17: posts the ante 18
8c920d03: posts the ante 18
b8ff502b: posts the ante 18
b93d3a1c: posts the ante 18
Hero: posts small blind 75
8c920d03: posts big blind 150
*** HOLE CARDS ***
Dealt to bdbf5f4c 
Dealt to b93d3a1c 
Dealt to be43d7ac 
Dealt to b8ff502b 
Dealt to facefb17 
Dealt to Hero [Qh Ac]
Dealt to 8c920d03 
bdbf5f4c: folds
b93d3a1c: folds
be43d7ac: folds
b8ff502b: folds
facefb17: raises 150 to 300
Hero: raises 957 to 1,257
8c920d03: folds
facefb17: folds
Uncalled bet (957) returned to Hero
*** SHOWDOWN ***
Hero collected 876 from pot
*** SUMMARY ***
Total pot 876 | Rake 0 | Jackpot 0 | Bingo 0 | Fortune 0 | Tax 0
Seat 1: bdbf5f4c folded before Flop
Seat 3: b93d3a1c folded before Flop
Seat 4: be43d7ac folded before Flop
Seat 5: b8ff502b folded before Flop
Seat 6: facefb17 (button) folded before Flop
Seat 7: Hero (small blind) collected (876)
Seat 8: 8c920d03 (big blind) folded before Flop


Poker Hand #TM5641777332: Tournament #266375393, APL Series: ¥110 Zodiac Bounty + Rat Hold'em No Limit - Level4(75/150(18)) - 2026/02/28 16:11:00
Table '41' 8-max Seat #1 is the button
Seat 1: bdbf5f4c (10,000 in chips)
Seat 6: facefb17 (8,668 in chips)
Seat 7: Hero (19,486 in chips)
Seat 8: 8c920d03 (12,458 in chips)
Hero: posts the ante 18
bdbf5f4c: posts the ante 18
8c920d03: posts the ante 18
facefb17: posts the ante 18
facefb17: posts small blind 75
Hero: posts big blind 150
*** HOLE CARDS ***
Dealt to bdbf5f4c 
Dealt to facefb17 
Dealt to Hero [Jd 7h]
Dealt to 8c920d03 
8c920d03: raises 150 to 300
bdbf5f4c: folds
facefb17: folds
Hero: calls 150
*** FLOP *** [5d 8s 7c]
Hero: checks
8c920d03: bets 232
Hero: calls 232
*** TURN *** [5d 8s 7c] [9s]
Hero: checks
8c920d03: checks
*** RIVER *** [5d 8s 7c 9s] [9h]
Hero: bets 606
8c920d03: folds
Uncalled bet (606) returned to Hero
*** SHOWDOWN ***
Hero collected 1,211 from pot
*** SUMMARY ***
Total pot 1,211 | Rake 0 | Jackpot 0 | Bingo 0 | Fortune 0 | Tax 0
Board [5d 8s 7c 9s 9h]
Seat 1: bdbf5f4c (button) folded before Flop
Seat 6: facefb17 (small blind) folded before Flop
Seat 7: Hero (big blind) won (1,211)
Seat 8: 8c920d03 folded on the River


Poker Hand #TM5642862135: Tournament #266375393, APL Series: ¥110 Zodiac Bounty + Rat Hold'em No Limit - Level4(75/150(18)) - 2026/02/28 16:10:43
Table '20' 8-max Seat #5 is the button
Seat 1: 9e4cd7ca (7,131 in chips)
Seat 2: 6c1988c0 (9,961 in chips)
Seat 3: Hero (19,504 in chips)
Seat 4: cd91bf43 (7,065 in chips)
Seat 5: 2714eacb (22,139 in chips)
Seat 6: 4f69d4ae (10,394 in chips)
Seat 7: 898c6eb9 (18,619 in chips)
Seat 8: 9079b621 (17,629 in chips)
cd91bf43: posts the ante 18
4f69d4ae: posts the ante 18
Hero: posts the ante 18
2714eacb: posts the ante 18
9e4cd7ca: posts the ante 18
6c1988c0: posts the ante 18
898c6eb9: posts the ante 18
9079b621: posts the ante 18
4f69d4ae: posts small blind 75
898c6eb9: posts big blind 150
*** HOLE CARDS ***
Dealt to 9e4cd7ca 
Dealt to 6c1988c0 
Dealt to Hero [Qh 5d]
Dealt to cd91bf43 
Dealt to 2714eacb 
Dealt to 4f69d4ae 
Dealt to 898c6eb9 
Dealt to 9079b621 
9079b621: folds
9e4cd7ca: folds
6c1988c0: folds
Hero: folds
cd91bf43: folds
2714eacb: folds
4f69d4ae: folds
Uncalled bet (75) returned to 898c6eb9
*** SHOWDOWN ***
898c6eb9 collected 294 from pot
*** SUMMARY ***
Total pot 294 | Rake 0 | Jackpot 0 | Bingo 0 | Fortune 0 | Tax 0
Seat 1: 9e4cd7ca folded before Flop
Seat 2: 6c1988c0 folded before Flop
Seat 3: Hero folded before Flop
Seat 4: cd91bf43 folded before Flop
Seat 5: 2714eacb (button) folded before Flop
Seat 6: 4f69d4ae (small blind) folded before Flop
Seat 7: 898c6eb9 (big blind) collected (294)
Seat 8: 9079b621 folded before Flop


Poker Hand #TM5642862127: Tournament #266375393, APL Series: ¥110 Zodiac Bounty + Rat Hold'em No Limit - Level4(75/150(18)) - 2026/02/28 16:09:46
Table '20' 8-max Seat #4 is the button
Seat 1: 9e4cd7ca (7,149 in chips)
Seat 2: 6c1988c0 (9,979 in chips)
Seat 3: Hero (18,732 in chips)
Seat 4: cd91bf43 (7,083 in chips)
Seat 5: 2714eacb (22,232 in chips)
Seat 6: 4f69d4ae (10,983 in chips)
Seat 7: 898c6eb9 (18,637 in chips)
Seat 8: 9079b621 (17,647 in chips)
cd91bf43: posts the ante 18
4f69d4ae: posts the ante 18
Hero: posts the ante 18
2714eacb: posts the ante 18
9e4cd7ca: posts the ante 18
6c1988c0: posts the ante 18
898c6eb9: posts the ante 18
9079b621: posts the ante 18
2714eacb: posts small blind 75
4f69d4ae: posts big blind 150
*** HOLE CARDS ***
Dealt to 9e4cd7ca 
Dealt to 6c1988c0 
Dealt to Hero [Js Ks]
Dealt to cd91bf43 
Dealt to 2714eacb 
Dealt to 4f69d4ae 
Dealt to 898c6eb9 
Dealt to 9079b621 
898c6eb9: folds
9079b621: folds
9e4cd7ca: folds
6c1988c0: folds
Hero: raises 150 to 300
cd91bf43: folds
2714eacb: folds
4f69d4ae: calls 150
*** FLOP *** [5h Ad 9c]
4f69d4ae: checks
Hero: bets 271
4f69d4ae: calls 271
*** TURN *** [5h Ad 9c] [Qd]
4f69d4ae: checks
Hero: bets 831
4f69d4ae: folds
Uncalled bet (831) returned to Hero
*** SHOWDOWN ***
Hero collected 1,361 from pot
*** SUMMARY ***
Total pot 1,361 | Rake 0 | Jackpot 0 | Bingo 0 | Fortune 0 | Tax 0
Board [5h Ad 9c Qd]
Seat 1: 9e4cd7ca folded before Flop
Seat 2: 6c1988c0 folded before Flop
Seat 3: Hero won (1,361)
Seat 4: cd91bf43 (button) folded before Flop
Seat 5: 2714eacb (small blind) folded before Flop
Seat 6: 4f69d4ae (big blind) folded on the Turn
Seat 7: 898c6eb9 folded before Flop
Seat 8: 9079b621 folded before Flop


Poker Hand #TM5642862113: Tournament #266375393, APL Series: ¥110 Zodiac Bounty + Rat Hold'em No Limit - Level4(75/150(18)) - 2026/02/28 16:08:14
Table '20' 8-max Seat #3 is the button
Seat 1: 9e4cd7ca (7,167 in chips)
Seat 2: 6c1988c0 (12,424 in chips)
Seat 3: Hero (18,750 in chips)
Seat 4: cd91bf43 (7,176 in chips)
Seat 5: 2714eacb (22,400 in chips)
Seat 6: 4f69d4ae (11,001 in chips)
Seat 7: 898c6eb9 (18,655 in chips)
Seat 8: 9079b621 (14,869 in chips)
4f69d4ae: posts the ante 18
cd91bf43: posts the ante 18
Hero: posts the ante 18
2714eacb: posts the ante 18
9e4cd7ca: posts the ante 18
6c1988c0: posts the ante 18
898c6eb9: posts the ante 18
9079b621: posts the ante 18
cd91bf43: posts small blind 75
2714eacb: posts big blind 150
*** HOLE CARDS ***
Dealt to 9e4cd7ca 
Dealt to 6c1988c0 
Dealt to Hero [9d 7c]
Dealt to cd91bf43 
Dealt to 2714eacb 
Dealt to 4f69d4ae 
Dealt to 898c6eb9 
Dealt to 9079b621 
4f69d4ae: folds
898c6eb9: folds
9079b621: raises 150 to 300
9e4cd7ca: folds
6c1988c0: raises 727 to 1,027
Hero: folds
cd91bf43: folds
2714eacb: folds
9079b621: calls 727
*** FLOP *** [9c 7d Ts]
9079b621: checks
6c1988c0: bets 1,400
9079b621: calls 1,400
*** TURN *** [9c 7d Ts] [9h]
9079b621: checks
6c1988c0: checks
*** RIVER *** [9c 7d Ts 9h] [8d]
9079b621: bets 3,918
6c1988c0: folds
Uncalled bet (3,918) returned to 9079b621
*** SHOWDOWN ***
9079b621 collected 5,223 from pot
*** SUMMARY ***
Total pot 5,223 | Rake 0 | Jackpot 0 | Bingo 0 | Fortune 0 | Tax 0
Board [9c 7d Ts 9h 8d]
Seat 1: 9e4cd7ca folded before Flop
Seat 2: 6c1988c0 folded on the River
Seat 3: Hero (button) folded before Flop
Seat 4: cd91bf43 (small blind) folded before Flop
Seat 5: 2714eacb (big blind) folded before Flop
Seat 6: 4f69d4ae folded before Flop
Seat 7: 898c6eb9 folded before Flop
Seat 8: 9079b621 won (5,223)


Poker Hand #TM5642862098: Tournament #266375393, APL Series: ¥110 Zodiac Bounty + Rat Hold'em No Limit - Level3(50/100(12)) - 2026/02/28 16:06:47
Table '20' 8-max Seat #2 is the button
Seat 1: 9e4cd7ca (7,179 in chips)
Seat 2: 6c1988c0 (12,436 in chips)
Seat 3: Hero (9,339 in chips)
Seat 4: cd91bf43 (16,515 in chips)
Seat 5: 2714eacb (22,412 in chips)
Seat 6: 4f69d4ae (11,013 in chips)
Seat 7: 898c6eb9 (18,667 in chips)
Seat 8: 9079b621 (14,881 in chips)
4f69d4ae: posts the ante 12
cd91bf43: posts the ante 12
Hero: posts the ante 12
2714eacb: posts the ante 12
9e4cd7ca: posts the ante 12
6c1988c0: posts the ante 12
898c6eb9: posts the ante 12
9079b621: posts the ante 12
Hero: posts small blind 50
cd91bf43: posts big blind 100
*** HOLE CARDS ***
Dealt to 9e4cd7ca 
Dealt to 6c1988c0 
Dealt to Hero [5d Qd]
Dealt to cd91bf43 
Dealt to 2714eacb 
Dealt to 4f69d4ae 
Dealt to 898c6eb9 
Dealt to 9079b621 
2714eacb: folds
4f69d4ae: folds
898c6eb9: folds
9079b621: folds
9e4cd7ca: folds
6c1988c0: folds
Hero: raises 100 to 200
cd91bf43: raises 600 to 800
Hero: calls 600
*** FLOP *** [2d Qh 5h]
Hero: checks
cd91bf43: bets 600
Hero: raises 1,448 to 2,048
cd91bf43: calls 1,448
*** TURN *** [2d Qh 5h] [3s]
Hero: bets 2,896
cd91bf43: raises 5,792 to 8,688
Hero: calls 3,583 and is all-in
Uncalled bet (2,209) returned to cd91bf43
cd91bf43: shows [As Qc] (a pair of Queens)
Hero: shows [5d Qd] (two pair, Queens and Fives)
*** RIVER *** [2d Qh 5h 3s] [5s]
*** SHOWDOWN ***
Hero collected 18,750 from pot
*** SUMMARY ***
Total pot 18,750 | Rake 0 | Jackpot 0 | Bingo 0 | Fortune 0 | Tax 0
Board [2d Qh 5h 3s 5s]
Seat 1: 9e4cd7ca folded before Flop
Seat 2: 6c1988c0 (button) folded before Flop
Seat 3: Hero (small blind) showed [5d Qd] and won (18,750) with a full house, Fives full of Queens
Seat 4: cd91bf43 (big blind) showed [As Qc] and lost with two pair, Queens and Fives
Seat 5: 2714eacb folded before Flop
Seat 6: 4f69d4ae folded before Flop
Seat 7: 898c6eb9 folded before Flop
Seat 8: 9079b621 folded before Flop


Poker Hand #TM5642862078: Tournament #266375393, APL Series: ¥110 Zodiac Bounty + Rat Hold'em No Limit - Level3(50/100(12)) - 2026/02/28 16:04:54
Table '20' 8-max Seat #1 is the button
Seat 1: 9e4cd7ca (7,191 in chips)
Seat 2: 6c1988c0 (9,852 in chips)
Seat 3: Hero (9,451 in chips)
Seat 4: cd91bf43 (16,527 in chips)
Seat 5: 2714eacb (22,424 in chips)
Seat 6: 4f69d4ae (11,025 in chips)
Seat 7: 898c6eb9 (21,079 in chips)
Seat 8: 9079b621 (14,893 in chips)
4f69d4ae: posts the ante 12
cd91bf43: posts the ante 12
Hero: posts the ante 12
2714eacb: posts the ante 12
9e4cd7ca: posts the ante 12
898c6eb9: posts the ante 12
6c1988c0: posts the ante 12
9079b621: posts the ante 12
6c1988c0: posts small blind 50
Hero: posts big blind 100
*** HOLE CARDS ***
Dealt to 9e4cd7ca 
Dealt to 6c1988c0 
Dealt to Hero [8d 3h]
Dealt to cd91bf43 
Dealt to 2714eacb 
Dealt to 4f69d4ae 
Dealt to 898c6eb9 
Dealt to 9079b621 
cd91bf43: folds
2714eacb: folds
4f69d4ae: folds
898c6eb9: raises 150 to 250
9079b621: folds
9e4cd7ca: folds
6c1988c0: raises 822 to 1,072
Hero: folds
898c6eb9: raises 1,328 to 2,400
6c1988c0: calls 1,328
*** FLOP *** [5s Tc 4s]
6c1988c0: checks
898c6eb9: checks
*** TURN *** [5s Tc 4s] [3d]
6c1988c0: bets 2,049
898c6eb9: folds
Uncalled bet (2,049) returned to 6c1988c0
*** SHOWDOWN ***
6c1988c0 collected 4,996 from pot
*** SUMMARY ***
Total pot 4,996 | Rake 0 | Jackpot 0 | Bingo 0 | Fortune 0 | Tax 0
Board [5s Tc 4s 3d]
Seat 1: 9e4cd7ca (button) folded before Flop
Seat 2: 6c1988c0 (small blind) won (4,996)
Seat 3: Hero (big blind) folded before Flop
Seat 4: cd91bf43 folded before Flop
Seat 5: 2714eacb folded before Flop
Seat 6: 4f69d4ae folded before Flop
Seat 7: 898c6eb9 folded on the Turn
Seat 8: 9079b621 folded before Flop


Poker Hand #TM5642862072: Tournament #266375393, APL Series: ¥110 Zodiac Bounty + Rat Hold'em No Limit - Level3(50/100(12)) - 2026/02/28 16:04:35
Table '20' 8-max Seat #8 is the button
Seat 1: 9e4cd7ca (7,253 in chips)
Seat 2: 6c1988c0 (9,964 in chips)
Seat 3: Hero (9,217 in chips)
Seat 4: cd91bf43 (16,539 in chips)
Seat 5: 2714eacb (22,436 in chips)
Seat 6: 4f69d4ae (11,037 in chips)
Seat 7: 898c6eb9 (21,091 in chips)
Seat 8: 9079b621 (14,905 in chips)
4f69d4ae: posts the ante 12
cd91bf43: posts the ante 12
Hero: posts the ante 12
2714eacb: posts the ante 12
9e4cd7ca: posts the ante 12
898c6eb9: posts the ante 12
6c1988c0: posts the ante 12
9079b621: posts the ante 12
9e4cd7ca: posts small blind 50
6c1988c0: posts big blind 100
*** HOLE CARDS ***
Dealt to 9e4cd7ca 
Dealt to 6c1988c0 
Dealt to Hero [5h 5c]
Dealt to cd91bf43 
Dealt to 2714eacb 
Dealt to 4f69d4ae 
Dealt to 898c6eb9 
Dealt to 9079b621 
Hero: raises 100 to 200
cd91bf43: folds
2714eacb: folds
4f69d4ae: folds
898c6eb9: folds
9079b621: folds
9e4cd7ca: folds
6c1988c0: folds
Uncalled bet (100) returned to Hero
*** SHOWDOWN ***
Hero collected 346 from pot
*** SUMMARY ***
Total pot 346 | Rake 0 | Jackpot 0 | Bingo 0 | Fortune 0 | Tax 0
Seat 1: 9e4cd7ca (small blind) folded before Flop
Seat 2: 6c1988c0 (big blind) folded before Flop
Seat 3: Hero collected (346)
Seat 4: cd91bf43 folded before Flop
Seat 5: 2714eacb folded before Flop
Seat 6: 4f69d4ae folded before Flop
Seat 7: 898c6eb9 folded before Flop
Seat 8: 9079b621 (button) folded before Flop


Poker Hand #TM5642862059: Tournament #266375393, APL Series: ¥110 Zodiac Bounty + Rat Hold'em No Limit - Level3(50/100(12)) - 2026/02/28 16:03:04
Table '20' 8-max Seat #7 is the button
Seat 1: 9e4cd7ca (8,539 in chips)
Seat 2: 6c1988c0 (9,976 in chips)
Seat 3: Hero (9,229 in chips)
Seat 4: cd91bf43 (16,551 in chips)
Seat 5: 2714eacb (22,448 in chips)
Seat 6: 4f69d4ae (11,049 in chips)
Seat 7: 898c6eb9 (21,103 in chips)
Seat 8: 9079b621 (13,547 in chips)
4f69d4ae: posts the ante 12
cd91bf43: posts the ante 12
Hero: posts the ante 12
2714eacb: posts the ante 12
9e4cd7ca: posts the ante 12
898c6eb9: posts the ante 12
6c1988c0: posts the ante 12
9079b621: posts the ante 12
9079b621: posts small blind 50
9e4cd7ca: posts big blind 100
*** HOLE CARDS ***
Dealt to 9e4cd7ca 
Dealt to 6c1988c0 
Dealt to Hero [9d 3c]
Dealt to cd91bf43 
Dealt to 2714eacb 
Dealt to 4f69d4ae 
Dealt to 898c6eb9 
Dealt to 9079b621 
6c1988c0: folds
Hero: folds
cd91bf43: folds
2714eacb: folds
4f69d4ae: folds
898c6eb9: folds
9079b621: raises 250 to 350
9e4cd7ca: calls 250
*** FLOP *** [4d 5h 9s]
9079b621: bets 263
9e4cd7ca: calls 263
*** TURN *** [4d 5h 9s] [8c]
9079b621: checks
9e4cd7ca: bets 661
9079b621: calls 661
*** RIVER *** [4d 5h 9s 8c] [2c]
9079b621: checks
9e4cd7ca: checks
9079b621: shows [Ac Kd] (Ace high)
9e4cd7ca: shows [Jd Td] (Jack high)
*** SHOWDOWN ***
9079b621 collected 2,644 from pot
*** SUMMARY ***
Total pot 2,644 | Rake 0 | Jackpot 0 | Bingo 0 | Fortune 0 | Tax 0
Board [4d 5h 9s 8c 2c]
Seat 1: 9e4cd7ca (big blind) showed [Jd Td] and lost with Jack high
Seat 2: 6c1988c0 folded before Flop
Seat 3: Hero folded before Flop
Seat 4: cd91bf43 folded before Flop
Seat 5: 2714eacb folded before Flop
Seat 6: 4f69d4ae folded before Flop
Seat 7: 898c6eb9 (button) folded before Flop
Seat 8: 9079b621 (small blind) showed [Ac Kd] and won (2,644) with Ace high


Poker Hand #TM5642862056: Tournament #266375393, APL Series: ¥110 Zodiac Bounty + Rat Hold'em No Limit - Level3(50/100(12)) - 2026/02/28 16:02:39
Table '20' 8-max Seat #6 is the button
Seat 1: 9e4cd7ca (8,551 in chips)
Seat 2: 6c1988c0 (9,988 in chips)
Seat 3: Hero (9,241 in chips)
Seat 4: cd91bf43 (16,563 in chips)
Seat 5: 2714eacb (22,460 in chips)
Seat 6: 4f69d4ae (11,061 in chips)
Seat 7: 898c6eb9 (21,165 in chips)
Seat 8: 9079b621 (13,413 in chips)
4f69d4ae: posts the ante 12
cd91bf43: posts the ante 12
Hero: posts the ante 12
2714eacb: posts the ante 12
9e4cd7ca: posts the ante 12
6c1988c0: posts the ante 12
898c6eb9: posts the ante 12
9079b621: posts the ante 12
898c6eb9: posts small blind 50
9079b621: posts big blind 100
*** HOLE CARDS ***
Dealt to 9e4cd7ca 
Dealt to 6c1988c0 
Dealt to Hero [6s 7c]
Dealt to cd91bf43 
Dealt to 2714eacb 
Dealt to 4f69d4ae 
Dealt to 898c6eb9 
Dealt to 9079b621 
9e4cd7ca: folds
6c1988c0: folds
Hero: folds
cd91bf43: folds
2714eacb: folds
4f69d4ae: folds
898c6eb9: folds
Uncalled bet (50) returned to 9079b621
*** SHOWDOWN ***
9079b621 collected 196 from pot
*** SUMMARY ***
Total pot 196 | Rake 0 | Jackpot 0 | Bingo 0 | Fortune 0 | Tax 0
Seat 1: 9e4cd7ca folded before Flop
Seat 2: 6c1988c0 folded before Flop
Seat 3: Hero folded before Flop
Seat 4: cd91bf43 folded before Flop
Seat 5: 2714eacb folded before Flop
Seat 6: 4f69d4ae (button) folded before Flop
Seat 7: 898c6eb9 (small blind) folded before Flop
Seat 8: 9079b621 (big blind) collected (196)


Poker Hand #TM5642862049: Tournament #266375393, APL Series: ¥110 Zodiac Bounty + Rat Hold'em No Limit - Level3(50/100(12)) - 2026/02/28 16:02:02
Table '20' 8-max Seat #5 is the button
Seat 1: 9e4cd7ca (8,563 in chips)
Seat 2: 6c1988c0 (10,000 in chips)
Seat 3: Hero (9,253 in chips)
Seat 4: cd91bf43 (16,575 in chips)
Seat 5: 2714eacb (22,226 in chips)
Seat 6: 4f69d4ae (11,123 in chips)
Seat 7: 898c6eb9 (21,277 in chips)
Seat 8: 9079b621 (13,425 in chips)
cd91bf43: posts the ante 12
4f69d4ae: posts the ante 12
Hero: posts the ante 12
2714eacb: posts the ante 12
9e4cd7ca: posts the ante 12
6c1988c0: posts the ante 12
898c6eb9: posts the ante 12
9079b621: posts the ante 12
4f69d4ae: posts small blind 50
898c6eb9: posts big blind 100
*** HOLE CARDS ***
Dealt to 9e4cd7ca 
Dealt to 6c1988c0 
Dealt to Hero [2d 9c]
Dealt to cd91bf43 
Dealt to 2714eacb 
Dealt to 4f69d4ae 
Dealt to 898c6eb9 
Dealt to 9079b621 
9079b621: folds
9e4cd7ca: folds
6c1988c0: folds
Hero: folds
cd91bf43: folds
2714eacb: raises 150 to 250
4f69d4ae: folds
898c6eb9: folds
Uncalled bet (150) returned to 2714eacb
*** SHOWDOWN ***
2714eacb collected 346 from pot
*** SUMMARY ***
Total pot 346 | Rake 0 | Jackpot 0 | Bingo 0 | Fortune 0 | Tax 0
Seat 1: 9e4cd7ca folded before Flop
Seat 2: 6c1988c0 folded before Flop
Seat 3: Hero folded before Flop
Seat 4: cd91bf43 folded before Flop
Seat 5: 2714eacb (button) collected (346)
Seat 6: 4f69d4ae (small blind) folded before Flop
Seat 7: 898c6eb9 (big blind) folded before Flop
Seat 8: 9079b621 folded before Flop


Poker Hand #TM5642862027: Tournament #266375393, APL Series: ¥110 Zodiac Bounty + Rat Hold'em No Limit - Level3(50/100(12)) - 2026/02/28 15:54:14
Table '20' 8-max Seat #4 is the button
Seat 1: 9e4cd7ca (8,575 in chips)
Seat 2: bb54e5e2 (9,778 in chips)
Seat 3: Hero (9,265 in chips)
Seat 4: cd91bf43 (16,587 in chips)
Seat 5: 2714eacb (12,288 in chips)
Seat 6: 4f69d4ae (11,235 in chips)
Seat 7: 898c6eb9 (21,289 in chips)
cd91bf43: posts the ante 12
4f69d4ae: posts the ante 12
Hero: posts the ante 12
2714eacb: posts the ante 12
9e4cd7ca: posts the ante 12
898c6eb9: posts the ante 12
bb54e5e2: posts the ante 12
2714eacb: posts small blind 50
4f69d4ae: posts big blind 100
*** HOLE CARDS ***
Dealt to 9e4cd7ca 
Dealt to bb54e5e2 
Dealt to Hero [6s 8s]
Dealt to cd91bf43 
Dealt to 2714eacb 
Dealt to 4f69d4ae 
Dealt to 898c6eb9 
898c6eb9: folds
9e4cd7ca: folds
bb54e5e2: raises 100 to 200
Hero: folds
cd91bf43: folds
2714eacb: raises 584 to 784
4f69d4ae: folds
bb54e5e2: calls 584
*** FLOP *** [6h Ac 9h]
2714eacb: bets 550
bb54e5e2: calls 550
*** TURN *** [6h Ac 9h] [7d]
2714eacb: bets 2,139
bb54e5e2: raises 2,353 to 4,492
2714eacb: calls 2,353
*** RIVER *** [6h Ac 9h 7d] [3c]
2714eacb: checks
bb54e5e2: bets 3,940 and is all-in
2714eacb: calls 3,940
bb54e5e2: shows [Th Qh] (Ace high)
2714eacb: shows [Jd As] (a pair of Aces)
*** SHOWDOWN ***
2714eacb collected 19,716 from pot
*** SUMMARY ***
Total pot 19,716 | Rake 0 | Jackpot 0 | Bingo 0 | Fortune 0 | Tax 0
Board [6h Ac 9h 7d 3c]
Seat 1: 9e4cd7ca folded before Flop
Seat 2: bb54e5e2 showed [Th Qh] and lost with Ace high
Seat 3: Hero folded before Flop
Seat 4: cd91bf43 (button) folded before Flop
Seat 5: 2714eacb (small blind) showed [Jd As] and won (19,716) with a pair of Aces
Seat 6: 4f69d4ae (big blind) folded before Flop
Seat 7: 898c6eb9 folded before Flop


Poker Hand #TM5642862020: Tournament #266375393, APL Series: ¥110 Zodiac Bounty + Rat Hold'em No Limit - Level3(50/100(12)) - 2026/02/28 15:53:27
Table '20' 8-max Seat #3 is the button
Seat 1: 9e4cd7ca (8,587 in chips)
Seat 2: bb54e5e2 (9,790 in chips)
Seat 3: Hero (9,277 in chips)
Seat 4: cd91bf43 (16,649 in chips)
Seat 5: 2714eacb (12,550 in chips)
Seat 6: 4f69d4ae (11,247 in chips)
Seat 7: 898c6eb9 (20,917 in chips)
4f69d4ae: posts the ante 12
cd91bf43: posts the ante 12
Hero: posts the ante 12
2714eacb: posts the ante 12
9e4cd7ca: posts the ante 12
898c6eb9: posts the ante 12
bb54e5e2: posts the ante 12
cd91bf43: posts small blind 50
2714eacb: posts big blind 100
*** HOLE CARDS ***
Dealt to 9e4cd7ca 
Dealt to bb54e5e2 
Dealt to Hero [7d 4h]
Dealt to cd91bf43 
Dealt to 2714eacb 
Dealt to 4f69d4ae 
Dealt to 898c6eb9 
4f69d4ae: folds
898c6eb9: raises 150 to 250
9e4cd7ca: folds
bb54e5e2: folds
Hero: folds
cd91bf43: folds
2714eacb: calls 150
*** FLOP *** [7c Ah As]
2714eacb: checks
898c6eb9: bets 210
2714eacb: folds
Uncalled bet (210) returned to 898c6eb9
*** SHOWDOWN ***
898c6eb9 collected 634 from pot
*** SUMMARY ***
Total pot 634 | Rake 0 | Jackpot 0 | Bingo 0 | Fortune 0 | Tax 0
Board [7c Ah As]
Seat 1: 9e4cd7ca folded before Flop
Seat 2: bb54e5e2 folded before Flop
Seat 3: Hero (button) folded before Flop
Seat 4: cd91bf43 (small blind) folded before Flop
Seat 5: 2714eacb (big blind) folded on the Flop
Seat 6: 4f69d4ae folded before Flop
Seat 7: 898c6eb9 won (634)


Poker Hand #TM5642862011: Tournament #266375393, APL Series: ¥110 Zodiac Bounty + Rat Hold'em No Limit - Level3(50/100(12)) - 2026/02/28 15:52:24
Table '20' 8-max Seat #2 is the button
Seat 1: 9e4cd7ca (8,599 in chips)
Seat 2: bb54e5e2 (9,802 in chips)
Seat 3: Hero (9,339 in chips)
Seat 4: cd91bf43 (16,761 in chips)
Seat 5: 2714eacb (10,000 in chips)
Seat 6: 4f69d4ae (11,259 in chips)
Seat 7: 898c6eb9 (20,929 in chips)
Seat 8: 94d2fac0 (2,328 in chips)
4f69d4ae: posts the ante 12
cd91bf43: posts the ante 12
Hero: posts the ante 12
2714eacb: posts the ante 12
9e4cd7ca: posts the ante 12
898c6eb9: posts the ante 12
bb54e5e2: posts the ante 12
94d2fac0: posts the ante 12
Hero: posts small blind 50
cd91bf43: posts big blind 100
*** HOLE CARDS ***
Dealt to 9e4cd7ca 
Dealt to bb54e5e2 
Dealt to Hero [8s 6h]
Dealt to cd91bf43 
Dealt to 2714eacb 
Dealt to 4f69d4ae 
Dealt to 898c6eb9 
Dealt to 94d2fac0 
2714eacb: raises 100 to 200
4f69d4ae: folds
898c6eb9: folds
94d2fac0: calls 200
9e4cd7ca: folds
bb54e5e2: folds
Hero: folds
cd91bf43: folds
*** FLOP *** [7s Qc Qh]
2714eacb: bets 200
94d2fac0: calls 200
*** TURN *** [7s Qc Qh] [9c]
2714eacb: bets 400
94d2fac0: calls 400
*** RIVER *** [7s Qc Qh 9c] [Ac]
2714eacb: checks
94d2fac0: bets 1,516 and is all-in
2714eacb: calls 1,516
94d2fac0: shows [Js Kc] (a pair of Queens)
2714eacb: shows [As Th] (two pair, Aces and Queens)
*** SHOWDOWN ***
2714eacb collected 4,878 from pot
*** SUMMARY ***
Total pot 4,878 | Rake 0 | Jackpot 0 | Bingo 0 | Fortune 0 | Tax 0
Board [7s Qc Qh 9c Ac]
Seat 1: 9e4cd7ca folded before Flop
Seat 2: bb54e5e2 (button) folded before Flop
Seat 3: Hero (small blind) folded before Flop
Seat 4: cd91bf43 (big blind) folded before Flop
Seat 5: 2714eacb showed [As Th] and won (4,878) with two pair, Aces and Queens
Seat 6: 4f69d4ae folded before Flop
Seat 7: 898c6eb9 folded before Flop
Seat 8: 94d2fac0 showed [Js Kc] and lost with a pair of Queens


Poker Hand #TM5642862006: Tournament #266375393, APL Series: ¥110 Zodiac Bounty + Rat Hold'em No Limit - Level3(50/100(12)) - 2026/02/28 15:52:03
Table '20' 8-max Seat #8 is the button
Seat 2: bb54e5e2 (9,864 in chips)
Seat 3: Hero (9,451 in chips)
Seat 4: cd91bf43 (16,551 in chips)
Seat 6: 4f69d4ae (11,271 in chips)
Seat 7: 898c6eb9 (20,941 in chips)
Seat 8: 94d2fac0 (2,340 in chips)
4f69d4ae: posts the ante 12
cd91bf43: posts the ante 12
Hero: posts the ante 12
898c6eb9: posts the ante 12
94d2fac0: posts the ante 12
bb54e5e2: posts the ante 12
bb54e5e2: posts small blind 50
Hero: posts big blind 100
*** HOLE CARDS ***
Dealt to bb54e5e2 
Dealt to Hero [Ts 6h]
Dealt to cd91bf43 
Dealt to 4f69d4ae 
Dealt to 898c6eb9 
Dealt to 94d2fac0 
cd91bf43: raises 100 to 200
4f69d4ae: folds
898c6eb9: folds
94d2fac0: folds
bb54e5e2: folds
Hero: folds
Uncalled bet (100) returned to cd91bf43
*** SHOWDOWN ***
cd91bf43 collected 322 from pot
*** SUMMARY ***
Total pot 322 | Rake 0 | Jackpot 0 | Bingo 0 | Fortune 0 | Tax 0
Seat 2: bb54e5e2 (small blind) folded before Flop
Seat 3: Hero (big blind) folded before Flop
Seat 4: cd91bf43 collected (322)
Seat 6: 4f69d4ae folded before Flop
Seat 7: 898c6eb9 folded before Flop
Seat 8: 94d2fac0 (button) folded before Flop


Poker Hand #TM5642861988: Tournament #266375393, APL Series: ¥110 Zodiac Bounty + Rat Hold'em No Limit - Level3(50/100(12)) - 2026/02/28 15:50:10
Table '20' 8-max Seat #7 is the button
Seat 2: bb54e5e2 (9,976 in chips)
Seat 3: Hero (9,463 in chips)
Seat 4: cd91bf43 (16,563 in chips)
Seat 5: 357ab506 (9,992 in chips)
Seat 6: 4f69d4ae (11,283 in chips)
Seat 7: 898c6eb9 (10,739 in chips)
Seat 8: 94d2fac0 (2,402 in chips)
4f69d4ae: posts the ante 12
cd91bf43: posts the ante 12
Hero: posts the ante 12
357ab506: posts the ante 12
898c6eb9: posts the ante 12
bb54e5e2: posts the ante 12
94d2fac0: posts the ante 12
94d2fac0: posts small blind 50
bb54e5e2: posts big blind 100
*** HOLE CARDS ***
Dealt to bb54e5e2 
Dealt to Hero [3h Tc]
Dealt to cd91bf43 
Dealt to 357ab506 
Dealt to 4f69d4ae 
Dealt to 898c6eb9 
Dealt to 94d2fac0 
Hero: folds
cd91bf43: folds
357ab506: raises 100 to 200
4f69d4ae: folds
898c6eb9: raises 800 to 1,000
94d2fac0: folds
bb54e5e2: folds
357ab506: calls 800
*** FLOP *** [Kc 6h 7h]
357ab506: checks
898c6eb9: bets 738
357ab506: raises 1,912 to 2,650
898c6eb9: raises 7,077 to 9,727 and is all-in
357ab506: calls 6,330 and is all-in
Uncalled bet (747) returned to 898c6eb9
898c6eb9: shows [5h Ah] (Ace high)
357ab506: shows [Kd 6d] (two pair, Kings and Sixes)
*** TURN *** [Kc 6h 7h] [Jh]
*** RIVER *** [Kc 6h 7h Jh] [Td]
bb54e5e2: shows [Js 7s] (two pair, Jacks and Sevens)
*** SHOWDOWN ***
898c6eb9 collected 20,194 from pot
*** SUMMARY ***
Total pot 20,194 | Rake 0 | Jackpot 0 | Bingo 0 | Fortune 0 | Tax 0
Board [Kc 6h 7h Jh Td]
Seat 2: bb54e5e2 (big blind) folded before Flop
Seat 3: Hero folded before Flop
Seat 4: cd91bf43 folded before Flop
Seat 5: 357ab506 showed [Kd 6d] and lost with two pair, Kings and Sixes
Seat 6: 4f69d4ae folded before Flop
Seat 7: 898c6eb9 (button) showed [5h Ah] and won (20,194) with a flush Ace high
Seat 8: 94d2fac0 (small blind) folded before Flop


Poker Hand #TM5642861983: Tournament #266375393, APL Series: ¥110 Zodiac Bounty + Rat Hold'em No Limit - Level2(35/70(8)) - 2026/02/28 15:49:34
Table '20' 8-max Seat #6 is the button
Seat 1: 90107e56 (9,587 in chips)
Seat 2: bb54e5e2 (9,984 in chips)
Seat 3: Hero (9,471 in chips)
Seat 4: cd91bf43 (16,571 in chips)
Seat 5: 357ab506 (10,000 in chips)
Seat 6: 4f69d4ae (11,291 in chips)
Seat 7: 898c6eb9 (10,613 in chips)
Seat 8: 94d2fac0 (2,480 in chips)
4f69d4ae: posts the ante 8
cd91bf43: posts the ante 8
Hero: posts the ante 8
357ab506: posts the ante 8
898c6eb9: posts the ante 8
bb54e5e2: posts the ante 8
94d2fac0: posts the ante 8
90107e56: posts the ante 8
898c6eb9: posts small blind 35
94d2fac0: posts big blind 70
*** HOLE CARDS ***
Dealt to 90107e56 
Dealt to bb54e5e2 
Dealt to Hero [Kc Td]
Dealt to cd91bf43 
Dealt to 357ab506 
Dealt to 4f69d4ae 
Dealt to 898c6eb9 
Dealt to 94d2fac0 
90107e56: folds
bb54e5e2: folds
Hero: folds
cd91bf43: folds
357ab506: folds
4f69d4ae: folds
898c6eb9: raises 175 to 245
94d2fac0: folds
Uncalled bet (175) returned to 898c6eb9
*** SHOWDOWN ***
898c6eb9 collected 204 from pot
*** SUMMARY ***
Total pot 204 | Rake 0 | Jackpot 0 | Bingo 0 | Fortune 0 | Tax 0
Seat 1: 90107e56 folded before Flop
Seat 2: bb54e5e2 folded before Flop
Seat 3: Hero folded before Flop
Seat 4: cd91bf43 folded before Flop
Seat 5: 357ab506 folded before Flop
Seat 6: 4f69d4ae (button) folded before Flop
Seat 7: 898c6eb9 (small blind) collected (204)
Seat 8: 94d2fac0 (big blind) folded before Flop


Poker Hand #TM5642861970: Tournament #266375393, APL Series: ¥110 Zodiac Bounty + Rat Hold'em No Limit - Level2(35/70(8)) - 2026/02/28 15:47:49
Table '20' 8-max Seat #4 is the button
Seat 1: 90107e56 (9,595 in chips)
Seat 2: bb54e5e2 (9,992 in chips)
Seat 3: Hero (9,479 in chips)
Seat 4: cd91bf43 (8,213 in chips)
Seat 6: 4f69d4ae (11,334 in chips)
Seat 7: 898c6eb9 (10,691 in chips)
Seat 8: 94d2fac0 (10,693 in chips)
cd91bf43: posts the ante 8
4f69d4ae: posts the ante 8
Hero: posts the ante 8
898c6eb9: posts the ante 8
bb54e5e2: posts the ante 8
94d2fac0: posts the ante 8
90107e56: posts the ante 8
4f69d4ae: posts small blind 35
898c6eb9: posts big blind 70
*** HOLE CARDS ***
Dealt to 90107e56 
Dealt to bb54e5e2 
Dealt to Hero [5s 7c]
Dealt to cd91bf43 
Dealt to 4f69d4ae 
Dealt to 898c6eb9 
Dealt to 94d2fac0 
94d2fac0: raises 77 to 147
90107e56: folds
bb54e5e2: folds
Hero: folds
cd91bf43: calls 147
4f69d4ae: folds
898c6eb9: folds
*** FLOP *** [4s 6h 9d]
94d2fac0: checks
cd91bf43: bets 151
94d2fac0: raises 330 to 481
cd91bf43: raises 709 to 1,190
94d2fac0: calls 709
*** TURN *** [4s 6h 9d] [Jh]
94d2fac0: checks
cd91bf43: bets 2,065
94d2fac0: raises 7,283 to 9,348 and is all-in
cd91bf43: calls 4,803 and is all-in
Uncalled bet (2,480) returned to 94d2fac0
94d2fac0: shows [4d 4c] (three of a kind, Fours)
cd91bf43: shows [6s 6c] (three of a kind, Sixes)
*** RIVER *** [4s 6h 9d Jh] [7d]
*** SHOWDOWN ***
cd91bf43 collected 16,571 from pot
*** SUMMARY ***
Total pot 16,571 | Rake 0 | Jackpot 0 | Bingo 0 | Fortune 0 | Tax 0
Board [4s 6h 9d Jh 7d]
Seat 1: 90107e56 folded before Flop
Seat 2: bb54e5e2 folded before Flop
Seat 3: Hero folded before Flop
Seat 4: cd91bf43 (button) showed [6s 6c] and won (16,571) with three of a kind, Sixes
Seat 6: 4f69d4ae (small blind) folded before Flop
Seat 7: 898c6eb9 (big blind) folded before Flop
Seat 8: 94d2fac0 showed [4d 4c] and lost with three of a kind, Fours


Poker Hand #TM5642861958: Tournament #266375393, APL Series: ¥110 Zodiac Bounty + Rat Hold'em No Limit - Level2(35/70(8)) - 2026/02/28 15:46:32
Table '20' 8-max Seat #3 is the button
Seat 1: 90107e56 (9,603 in chips)
Seat 2: bb54e5e2 (10,000 in chips)
Seat 3: Hero (9,487 in chips)
Seat 4: cd91bf43 (9,096 in chips)
Seat 6: 4f69d4ae (10,411 in chips)
Seat 7: 898c6eb9 (10,699 in chips)
Seat 8: 94d2fac0 (10,701 in chips)
4f69d4ae: posts the ante 8
cd91bf43: posts the ante 8
Hero: posts the ante 8
898c6eb9: posts the ante 8
bb54e5e2: posts the ante 8
94d2fac0: posts the ante 8
90107e56: posts the ante 8
cd91bf43: posts small blind 35
4f69d4ae: posts big blind 70
*** HOLE CARDS ***
Dealt to 90107e56 
Dealt to bb54e5e2 
Dealt to Hero [3h 8d]
Dealt to cd91bf43 
Dealt to 4f69d4ae 
Dealt to 898c6eb9 
Dealt to 94d2fac0 
898c6eb9: folds
94d2fac0: folds
90107e56: folds
bb54e5e2: folds
Hero: folds
cd91bf43: raises 175 to 245
4f69d4ae: calls 175
*** FLOP *** [Js 6d 7s]
cd91bf43: bets 181
4f69d4ae: raises 449 to 630
cd91bf43: calls 449
*** TURN *** [Js 6d 7s] [Qs]
cd91bf43: checks
4f69d4ae: bets 596
cd91bf43: folds
Uncalled bet (596) returned to 4f69d4ae
*** SHOWDOWN ***
4f69d4ae collected 1,806 from pot
*** SUMMARY ***
Total pot 1,806 | Rake 0 | Jackpot 0 | Bingo 0 | Fortune 0 | Tax 0
Board [Js 6d 7s Qs]
Seat 1: 90107e56 folded before Flop
Seat 2: bb54e5e2 folded before Flop
Seat 3: Hero (button) folded before Flop
Seat 4: cd91bf43 (small blind) folded on the Turn
Seat 6: 4f69d4ae (big blind) won (1,806)
Seat 7: 898c6eb9 folded before Flop
Seat 8: 94d2fac0 folded before Flop


Poker Hand #TM5642861948: Tournament #266375393, APL Series: ¥110 Zodiac Bounty + Rat Hold'em No Limit - Level2(35/70(8)) - 2026/02/28 15:45:48
Table '20' 8-max Seat #1 is the button
Seat 1: 90107e56 (9,611 in chips)
Seat 3: Hero (9,530 in chips)
Seat 4: cd91bf43 (8,791 in chips)
Seat 5: e15bad85 (9,286 in chips)
Seat 6: 4f69d4ae (10,419 in chips)
Seat 7: 898c6eb9 (10,707 in chips)
Seat 8: 94d2fac0 (10,709 in chips)
e15bad85: posts the ante 8
4f69d4ae: posts the ante 8
cd91bf43: posts the ante 8
Hero: posts the ante 8
898c6eb9: posts the ante 8
94d2fac0: posts the ante 8
90107e56: posts the ante 8
Hero: posts small blind 35
cd91bf43: posts big blind 70
*** HOLE CARDS ***
Dealt to 90107e56 
Dealt to Hero [Td 5h]
Dealt to cd91bf43 
Dealt to e15bad85 
Dealt to 4f69d4ae 
Dealt to 898c6eb9 
Dealt to 94d2fac0 
e15bad85: raises 70 to 140
4f69d4ae: folds
898c6eb9: folds
94d2fac0: folds
90107e56: folds
Hero: folds
cd91bf43: calls 70
*** FLOP *** [9d 7h 9s]
cd91bf43: checks
e15bad85: bets 82
cd91bf43: calls 82
*** TURN *** [9d 7h 9s] [6h]
cd91bf43: bets 315
e15bad85: folds
Uncalled bet (315) returned to cd91bf43
*** SHOWDOWN ***
cd91bf43 collected 535 from pot
*** SUMMARY ***
Total pot 535 | Rake 0 | Jackpot 0 | Bingo 0 | Fortune 0 | Tax 0
Board [9d 7h 9s 6h]
Seat 1: 90107e56 (button) folded before Flop
Seat 3: Hero (small blind) folded before Flop
Seat 4: cd91bf43 (big blind) won (535)
Seat 5: e15bad85 folded on the Turn
Seat 6: 4f69d4ae folded before Flop
Seat 7: 898c6eb9 folded before Flop
Seat 8: 94d2fac0 folded before Flop


Poker Hand #TM5642861944: Tournament #266375393, APL Series: ¥110 Zodiac Bounty + Rat Hold'em No Limit - Level2(35/70(8)) - 2026/02/28 15:45:27
Table '20' 8-max Seat #8 is the button
Seat 1: 90107e56 (9,654 in chips)
Seat 3: Hero (9,608 in chips)
Seat 4: cd91bf43 (8,799 in chips)
Seat 5: e15bad85 (9,294 in chips)
Seat 6: 4f69d4ae (10,427 in chips)
Seat 7: 898c6eb9 (10,554 in chips)
Seat 8: 94d2fac0 (10,717 in chips)
e15bad85: posts the ante 8
4f69d4ae: posts the ante 8
cd91bf43: posts the ante 8
Hero: posts the ante 8
898c6eb9: posts the ante 8
94d2fac0: posts the ante 8
90107e56: posts the ante 8
90107e56: posts small blind 35
Hero: posts big blind 70
*** HOLE CARDS ***
Dealt to 90107e56 
Dealt to Hero [7h Jh]
Dealt to cd91bf43 
Dealt to e15bad85 
Dealt to 4f69d4ae 
Dealt to 898c6eb9 
Dealt to 94d2fac0 
cd91bf43: folds
e15bad85: folds
4f69d4ae: folds
898c6eb9: raises 105 to 175
94d2fac0: folds
90107e56: folds
Hero: folds
Uncalled bet (105) returned to 898c6eb9
*** SHOWDOWN ***
898c6eb9 collected 231 from pot
*** SUMMARY ***
Total pot 231 | Rake 0 | Jackpot 0 | Bingo 0 | Fortune 0 | Tax 0
Seat 1: 90107e56 (small blind) folded before Flop
Seat 3: Hero (big blind) folded before Flop
Seat 4: cd91bf43 folded before Flop
Seat 5: e15bad85 folded before Flop
Seat 6: 4f69d4ae folded before Flop
Seat 7: 898c6eb9 collected (231)
Seat 8: 94d2fac0 (button) folded before Flop


Poker Hand #TM5642861940: Tournament #266375393, APL Series: ¥110 Zodiac Bounty + Rat Hold'em No Limit - Level2(35/70(8)) - 2026/02/28 15:44:56
Table '20' 8-max Seat #7 is the button
Seat 1: 90107e56 (9,732 in chips)
Seat 2: f58f3dd9 (10,041 in chips)
Seat 3: Hero (9,616 in chips)
Seat 4: cd91bf43 (8,807 in chips)
Seat 5: e15bad85 (9,302 in chips)
Seat 6: 4f69d4ae (10,435 in chips)
Seat 7: 898c6eb9 (10,393 in chips)
Seat 8: 94d2fac0 (10,760 in chips)
e15bad85: posts the ante 8
4f69d4ae: posts the ante 8
cd91bf43: posts the ante 8
Hero: posts the ante 8
898c6eb9: posts the ante 8
94d2fac0: posts the ante 8
f58f3dd9: posts the ante 8
90107e56: posts the ante 8
94d2fac0: posts small blind 35
90107e56: posts big blind 70
*** HOLE CARDS ***
Dealt to 90107e56 
Dealt to f58f3dd9 
Dealt to Hero [8s 5h]
Dealt to cd91bf43 
Dealt to e15bad85 
Dealt to 4f69d4ae 
Dealt to 898c6eb9 
Dealt to 94d2fac0 
f58f3dd9: folds
Hero: folds
cd91bf43: folds
e15bad85: folds
4f69d4ae: folds
898c6eb9: raises 105 to 175
94d2fac0: folds
90107e56: folds
Uncalled bet (105) returned to 898c6eb9
*** SHOWDOWN ***
898c6eb9 collected 239 from pot
*** SUMMARY ***
Total pot 239 | Rake 0 | Jackpot 0 | Bingo 0 | Fortune 0 | Tax 0
Seat 1: 90107e56 (big blind) folded before Flop
Seat 2: f58f3dd9 folded before Flop
Seat 3: Hero folded before Flop
Seat 4: cd91bf43 folded before Flop
Seat 5: e15bad85 folded before Flop
Seat 6: 4f69d4ae folded before Flop
Seat 7: 898c6eb9 (button) collected (239)
Seat 8: 94d2fac0 (small blind) folded before Flop


Poker Hand #TM5642861936: Tournament #266375393, APL Series: ¥110 Zodiac Bounty + Rat Hold'em No Limit - Level2(35/70(8)) - 2026/02/28 15:44:32
Table '20' 8-max Seat #6 is the button
Seat 1: 90107e56 (9,740 in chips)
Seat 2: f58f3dd9 (10,049 in chips)
Seat 3: Hero (9,624 in chips)
Seat 4: cd91bf43 (8,815 in chips)
Seat 5: e15bad85 (9,310 in chips)
Seat 6: 4f69d4ae (10,274 in chips)
Seat 7: 898c6eb9 (10,436 in chips)
Seat 8: 94d2fac0 (10,838 in chips)
e15bad85: posts the ante 8
4f69d4ae: posts the ante 8
cd91bf43: posts the ante 8
Hero: posts the ante 8
898c6eb9: posts the ante 8
94d2fac0: posts the ante 8
f58f3dd9: posts the ante 8
90107e56: posts the ante 8
898c6eb9: posts small blind 35
94d2fac0: posts big blind 70
*** HOLE CARDS ***
Dealt to 90107e56 
Dealt to f58f3dd9 
Dealt to Hero [3h Ac]
Dealt to cd91bf43 
Dealt to e15bad85 
Dealt to 4f69d4ae 
Dealt to 898c6eb9 
Dealt to 94d2fac0 
90107e56: folds
f58f3dd9: folds
Hero: folds
cd91bf43: folds
e15bad85: folds
4f69d4ae: raises 70 to 140
898c6eb9: folds
94d2fac0: folds
Uncalled bet (70) returned to 4f69d4ae
*** SHOWDOWN ***
4f69d4ae collected 239 from pot
*** SUMMARY ***
Total pot 239 | Rake 0 | Jackpot 0 | Bingo 0 | Fortune 0 | Tax 0
Seat 1: 90107e56 folded before Flop
Seat 2: f58f3dd9 folded before Flop
Seat 3: Hero folded before Flop
Seat 4: cd91bf43 folded before Flop
Seat 5: e15bad85 folded before Flop
Seat 6: 4f69d4ae (button) collected (239)
Seat 7: 898c6eb9 (small blind) folded before Flop
Seat 8: 94d2fac0 (big blind) folded before Flop


Poker Hand #TM5642861930: Tournament #266375393, APL Series: ¥110 Zodiac Bounty + Rat Hold'em No Limit - Level2(35/70(8)) - 2026/02/28 15:43:27
Table '20' 8-max Seat #5 is the button
Seat 1: 90107e56 (9,748 in chips)
Seat 2: f58f3dd9 (10,057 in chips)
Seat 3: Hero (9,632 in chips)
Seat 4: cd91bf43 (8,823 in chips)
Seat 5: e15bad85 (10,011 in chips)
Seat 6: 4f69d4ae (10,317 in chips)
Seat 7: 898c6eb9 (10,514 in chips)
Seat 8: 94d2fac0 (9,984 in chips)
e15bad85: posts the ante 8
cd91bf43: posts the ante 8
4f69d4ae: posts the ante 8
Hero: posts the ante 8
898c6eb9: posts the ante 8
94d2fac0: posts the ante 8
f58f3dd9: posts the ante 8
90107e56: posts the ante 8
4f69d4ae: posts small blind 35
898c6eb9: posts big blind 70
*** HOLE CARDS ***
Dealt to 90107e56 
Dealt to f58f3dd9 
Dealt to Hero [7s 7d]
Dealt to cd91bf43 
Dealt to e15bad85 
Dealt to 4f69d4ae 
Dealt to 898c6eb9 
Dealt to 94d2fac0 
94d2fac0: raises 77 to 147
90107e56: folds
f58f3dd9: folds
Hero: folds
cd91bf43: folds
e15bad85: raises 308 to 455
4f69d4ae: folds
898c6eb9: folds
94d2fac0: calls 308
*** FLOP *** [As 3c Ts]
94d2fac0: checks
e15bad85: bets 238
94d2fac0: calls 238
*** TURN *** [As 3c Ts] [Kh]
94d2fac0: checks
e15bad85: checks
*** RIVER *** [As 3c Ts Kh] [Ac]
94d2fac0: checks
e15bad85: checks
94d2fac0: shows [Ad Td] (a full house, Aces full of Tens)
e15bad85: shows [Qh Qc] (two pair, Aces and Queens)
*** SHOWDOWN ***
94d2fac0 collected 1,555 from pot
*** SUMMARY ***
Total pot 1,555 | Rake 0 | Jackpot 0 | Bingo 0 | Fortune 0 | Tax 0
Board [As 3c Ts Kh Ac]
Seat 1: 90107e56 folded before Flop
Seat 2: f58f3dd9 folded before Flop
Seat 3: Hero folded before Flop
Seat 4: cd91bf43 folded before Flop
Seat 5: e15bad85 (button) showed [Qh Qc] and lost with two pair, Aces and Queens
Seat 6: 4f69d4ae (small blind) folded before Flop
Seat 7: 898c6eb9 (big blind) folded before Flop
Seat 8: 94d2fac0 showed [Ad Td] and won (1,555) with a full house, Aces full of Tens


Poker Hand #TM5642861913: Tournament #266375393, APL Series: ¥110 Zodiac Bounty + Rat Hold'em No Limit - Level2(35/70(8)) - 2026/02/28 15:41:32
Table '20' 8-max Seat #4 is the button
Seat 1: 90107e56 (9,756 in chips)
Seat 2: f58f3dd9 (10,240 in chips)
Seat 3: Hero (9,640 in chips)
Seat 4: cd91bf43 (9,461 in chips)
Seat 5: e15bad85 (10,054 in chips)
Seat 6: 4f69d4ae (10,395 in chips)
Seat 7: 898c6eb9 (9,548 in chips)
Seat 8: 94d2fac0 (9,992 in chips)
e15bad85: posts the ante 8
cd91bf43: posts the ante 8
4f69d4ae: posts the ante 8
Hero: posts the ante 8
898c6eb9: posts the ante 8
94d2fac0: posts the ante 8
f58f3dd9: posts the ante 8
90107e56: posts the ante 8
e15bad85: posts small blind 35
4f69d4ae: posts big blind 70
*** HOLE CARDS ***
Dealt to 90107e56 
Dealt to f58f3dd9 
Dealt to Hero [Qh 9s]
Dealt to cd91bf43 
Dealt to e15bad85 
Dealt to 4f69d4ae 
Dealt to 898c6eb9 
Dealt to 94d2fac0 
898c6eb9: raises 105 to 175
94d2fac0: folds
90107e56: folds
f58f3dd9: calls 175
Hero: folds
cd91bf43: calls 175
e15bad85: folds
4f69d4ae: folds
*** FLOP *** [8h 8d As]
898c6eb9: checks
f58f3dd9: checks
cd91bf43: checks
*** TURN *** [8h 8d As] [Kd]
898c6eb9: bets 455
f58f3dd9: folds
cd91bf43: calls 455
*** RIVER *** [8h 8d As Kd] [2c]
898c6eb9: bets 1,610
cd91bf43: folds
Uncalled bet (1,610) returned to 898c6eb9
*** SHOWDOWN ***
898c6eb9 collected 1,604 from pot
*** SUMMARY ***
Total pot 1,604 | Rake 0 | Jackpot 0 | Bingo 0 | Fortune 0 | Tax 0
Board [8h 8d As Kd 2c]
Seat 1: 90107e56 folded before Flop
Seat 2: f58f3dd9 folded on the Turn
Seat 3: Hero folded before Flop
Seat 4: cd91bf43 (button) folded on the River
Seat 5: e15bad85 (small blind) folded before Flop
Seat 6: 4f69d4ae (big blind) folded before Flop
Seat 7: 898c6eb9 won (1,604)
Seat 8: 94d2fac0 folded before Flop


Poker Hand #TM5642861906: Tournament #266375393, APL Series: ¥110 Zodiac Bounty + Rat Hold'em No Limit - Level2(35/70(8)) - 2026/02/28 15:40:32
Table '20' 8-max Seat #3 is the button
Seat 1: 90107e56 (9,764 in chips)
Seat 2: f58f3dd9 (10,248 in chips)
Seat 3: Hero (9,648 in chips)
Seat 4: cd91bf43 (9,504 in chips)
Seat 5: e15bad85 (10,202 in chips)
Seat 6: 4f69d4ae (10,024 in chips)
Seat 7: 898c6eb9 (9,696 in chips)
Seat 8: 94d2fac0 (10,000 in chips)
e15bad85: posts the ante 8
4f69d4ae: posts the ante 8
cd91bf43: posts the ante 8
Hero: posts the ante 8
898c6eb9: posts the ante 8
94d2fac0: posts the ante 8
f58f3dd9: posts the ante 8
90107e56: posts the ante 8
cd91bf43: posts small blind 35
e15bad85: posts big blind 70
*** HOLE CARDS ***
Dealt to 90107e56 
Dealt to f58f3dd9 
Dealt to Hero [3s Ac]
Dealt to cd91bf43 
Dealt to e15bad85 
Dealt to 4f69d4ae 
Dealt to 898c6eb9 
Dealt to 94d2fac0 
4f69d4ae: raises 70 to 140
898c6eb9: calls 140
94d2fac0: folds
90107e56: folds
f58f3dd9: folds
Hero: folds
cd91bf43: folds
e15bad85: calls 70
*** FLOP *** [3d 9h Kd]
e15bad85: checks
4f69d4ae: checks
898c6eb9: checks
*** TURN *** [3d 9h Kd] [As]
e15bad85: checks
4f69d4ae: bets 390
898c6eb9: folds
e15bad85: folds
Uncalled bet (390) returned to 4f69d4ae
*** SHOWDOWN ***
4f69d4ae collected 519 from pot
*** SUMMARY ***
Total pot 519 | Rake 0 | Jackpot 0 | Bingo 0 | Fortune 0 | Tax 0
Board [3d 9h Kd As]
Seat 1: 90107e56 folded before Flop
Seat 2: f58f3dd9 folded before Flop
Seat 3: Hero (button) folded before Flop
Seat 4: cd91bf43 (small blind) folded before Flop
Seat 5: e15bad85 (big blind) folded on the Turn
Seat 6: 4f69d4ae won (519)
Seat 7: 898c6eb9 folded on the Turn
Seat 8: 94d2fac0 folded before Flop


Poker Hand #TM5642861901: Tournament #266375393, APL Series: ¥110 Zodiac Bounty + Rat Hold'em No Limit - Level2(35/70(8)) - 2026/02/28 15:40:12
Table '20' 8-max Seat #2 is the button
Seat 1: 90107e56 (9,772 in chips)
Seat 2: f58f3dd9 (10,256 in chips)
Seat 3: Hero (9,691 in chips)
Seat 4: cd91bf43 (9,582 in chips)
Seat 5: e15bad85 (10,210 in chips)
Seat 6: 4f69d4ae (9,871 in chips)
Seat 7: 898c6eb9 (9,704 in chips)
e15bad85: posts the ante 8
4f69d4ae: posts the ante 8
cd91bf43: posts the ante 8
Hero: posts the ante 8
898c6eb9: posts the ante 8
f58f3dd9: posts the ante 8
90107e56: posts the ante 8
Hero: posts small blind 35
cd91bf43: posts big blind 70
*** HOLE CARDS ***
Dealt to 90107e56 
Dealt to f58f3dd9 
Dealt to Hero [3d Tc]
Dealt to cd91bf43 
Dealt to e15bad85 
Dealt to 4f69d4ae 
Dealt to 898c6eb9 
e15bad85: folds
4f69d4ae: raises 70 to 140
898c6eb9: folds
90107e56: folds
f58f3dd9: folds
Hero: folds
cd91bf43: folds
Uncalled bet (70) returned to 4f69d4ae
*** SHOWDOWN ***
4f69d4ae collected 231 from pot
*** SUMMARY ***
Total pot 231 | Rake 0 | Jackpot 0 | Bingo 0 | Fortune 0 | Tax 0
Seat 1: 90107e56 folded before Flop
Seat 2: f58f3dd9 (button) folded before Flop
Seat 3: Hero (small blind) folded before Flop
Seat 4: cd91bf43 (big blind) folded before Flop
Seat 5: e15bad85 folded before Flop
Seat 6: 4f69d4ae collected (231)
Seat 7: 898c6eb9 folded before Flop


Poker Hand #TM5642861897: Tournament #266375393, APL Series: ¥110 Zodiac Bounty + Rat Hold'em No Limit - Level1(25/50(6)) - 2026/02/28 15:39:40
Table '20' 8-max Seat #1 is the button
Seat 1: 90107e56 (9,778 in chips)
Seat 2: f58f3dd9 (10,462 in chips)
Seat 3: Hero (9,455 in chips)
Seat 4: cd91bf43 (9,588 in chips)
Seat 5: e15bad85 (10,216 in chips)
Seat 6: 4f69d4ae (9,877 in chips)
Seat 7: 898c6eb9 (9,710 in chips)
e15bad85: posts the ante 6
4f69d4ae: posts the ante 6
cd91bf43: posts the ante 6
Hero: posts the ante 6
898c6eb9: posts the ante 6
f58f3dd9: posts the ante 6
90107e56: posts the ante 6
f58f3dd9: posts small blind 25
Hero: posts big blind 50
*** HOLE CARDS ***
Dealt to 90107e56 
Dealt to f58f3dd9 
Dealt to Hero [Tc As]
Dealt to cd91bf43 
Dealt to e15bad85 
Dealt to 4f69d4ae 
Dealt to 898c6eb9 
cd91bf43: folds
e15bad85: folds
4f69d4ae: folds
898c6eb9: folds
90107e56: folds
f58f3dd9: raises 150 to 200
Hero: raises 592 to 792
f58f3dd9: folds
Uncalled bet (592) returned to Hero
*** SHOWDOWN ***
Hero collected 442 from pot
*** SUMMARY ***
Total pot 442 | Rake 0 | Jackpot 0 | Bingo 0 | Fortune 0 | Tax 0
Seat 1: 90107e56 (button) folded before Flop
Seat 2: f58f3dd9 (small blind) folded before Flop
Seat 3: Hero (big blind) collected (442)
Seat 4: cd91bf43 folded before Flop
Seat 5: e15bad85 folded before Flop
Seat 6: 4f69d4ae folded before Flop
Seat 7: 898c6eb9 folded before Flop


Poker Hand #TM5642861892: Tournament #266375393, APL Series: ¥110 Zodiac Bounty + Rat Hold'em No Limit - Level1(25/50(6)) - 2026/02/28 15:39:00
Table '20' 8-max Seat #7 is the button
Seat 1: 90107e56 (9,809 in chips)
Seat 2: f58f3dd9 (9,901 in chips)
Seat 3: Hero (9,561 in chips)
Seat 4: cd91bf43 (9,994 in chips)
Seat 5: e15bad85 (10,222 in chips)
Seat 6: 4f69d4ae (9,883 in chips)
Seat 7: 898c6eb9 (9,716 in chips)
e15bad85: posts the ante 6
4f69d4ae: posts the ante 6
cd91bf43: posts the ante 6
Hero: posts the ante 6
898c6eb9: posts the ante 6
f58f3dd9: posts the ante 6
90107e56: posts the ante 6
90107e56: posts small blind 25
f58f3dd9: posts big blind 50
*** HOLE CARDS ***
Dealt to 90107e56 
Dealt to f58f3dd9 
Dealt to Hero [9h 9c]
Dealt to cd91bf43 
Dealt to e15bad85 
Dealt to 4f69d4ae 
Dealt to 898c6eb9 
Hero: raises 50 to 100
cd91bf43: raises 300 to 400
e15bad85: folds
4f69d4ae: folds
898c6eb9: folds
90107e56: folds
f58f3dd9: raises 800 to 1,200
Hero: folds
cd91bf43: folds
Uncalled bet (800) returned to f58f3dd9
*** SHOWDOWN ***
f58f3dd9 collected 967 from pot
*** SUMMARY ***
Total pot 967 | Rake 0 | Jackpot 0 | Bingo 0 | Fortune 0 | Tax 0
Seat 1: 90107e56 (small blind) folded before Flop
Seat 2: f58f3dd9 (big blind) collected (967)
Seat 3: Hero folded before Flop
Seat 4: cd91bf43 folded before Flop
Seat 5: e15bad85 folded before Flop
Seat 6: 4f69d4ae folded before Flop
Seat 7: 898c6eb9 (button) folded before Flop


Poker Hand #TM5642861885: Tournament #266375393, APL Series: ¥110 Zodiac Bounty + Rat Hold'em No Limit - Level1(25/50(6)) - 2026/02/28 15:38:13
Table '20' 8-max Seat #6 is the button
Seat 1: 90107e56 (9,865 in chips)
Seat 2: f58f3dd9 (9,907 in chips)
Seat 3: Hero (9,567 in chips)
Seat 4: cd91bf43 (10,000 in chips)
Seat 5: e15bad85 (10,111 in chips)
Seat 6: 4f69d4ae (9,889 in chips)
Seat 7: 898c6eb9 (9,747 in chips)
e15bad85: posts the ante 6
4f69d4ae: posts the ante 6
cd91bf43: posts the ante 6
Hero: posts the ante 6
898c6eb9: posts the ante 6
f58f3dd9: posts the ante 6
90107e56: posts the ante 6
898c6eb9: posts small blind 25
90107e56: posts big blind 50
*** HOLE CARDS ***
Dealt to 90107e56 
Dealt to f58f3dd9 
Dealt to Hero [4s 6d]
Dealt to cd91bf43 
Dealt to e15bad85 
Dealt to 4f69d4ae 
Dealt to 898c6eb9 
f58f3dd9: folds
Hero: folds
cd91bf43: folds
e15bad85: raises 100 to 150
4f69d4ae: folds
898c6eb9: folds
90107e56: folds
Uncalled bet (100) returned to e15bad85
*** SHOWDOWN ***
e15bad85 collected 167 from pot
*** SUMMARY ***
Total pot 167 | Rake 0 | Jackpot 0 | Bingo 0 | Fortune 0 | Tax 0
Seat 1: 90107e56 (big blind) folded before Flop
Seat 2: f58f3dd9 folded before Flop
Seat 3: Hero folded before Flop
Seat 4: cd91bf43 folded before Flop
Seat 5: e15bad85 collected (167)
Seat 6: 4f69d4ae (button) folded before Flop
Seat 7: 898c6eb9 (small blind) folded before Flop


Poker Hand #TM5642861879: Tournament #266375393, APL Series: ¥110 Zodiac Bounty + Rat Hold'em No Limit - Level1(25/50(6)) - 2026/02/28 15:37:32
Table '20' 8-max Seat #5 is the button
Seat 1: 90107e56 (9,871 in chips)
Seat 2: f58f3dd9 (9,913 in chips)
Seat 3: Hero (9,573 in chips)
Seat 5: e15bad85 (10,117 in chips)
Seat 6: 4f69d4ae (9,920 in chips)
Seat 7: 898c6eb9 (9,686 in chips)
Seat 8: c266b49f (10,536 in chips)
e15bad85: posts the ante 6
c266b49f: posts the ante 6
4f69d4ae: posts the ante 6
Hero: posts the ante 6
898c6eb9: posts the ante 6
f58f3dd9: posts the ante 6
90107e56: posts the ante 6
4f69d4ae: posts small blind 25
898c6eb9: posts big blind 50
*** HOLE CARDS ***
Dealt to 90107e56 
Dealt to f58f3dd9 
Dealt to Hero [3s 8h]
Dealt to e15bad85 
Dealt to 4f69d4ae 
Dealt to 898c6eb9 
Dealt to c266b49f 
c266b49f: folds
90107e56: folds
f58f3dd9: folds
Hero: folds
e15bad85: folds
4f69d4ae: folds
Uncalled bet (25) returned to 898c6eb9
*** SHOWDOWN ***
898c6eb9 collected 92 from pot
*** SUMMARY ***
Total pot 92 | Rake 0 | Jackpot 0 | Bingo 0 | Fortune 0 | Tax 0
Seat 1: 90107e56 folded before Flop
Seat 2: f58f3dd9 folded before Flop
Seat 3: Hero folded before Flop
Seat 5: e15bad85 (button) folded before Flop
Seat 6: 4f69d4ae (small blind) folded before Flop
Seat 7: 898c6eb9 (big blind) collected (92)
Seat 8: c266b49f folded before Flop


Poker Hand #TM5642861871: Tournament #266375393, APL Series: ¥110 Zodiac Bounty + Rat Hold'em No Limit - Level1(25/50(6)) - 2026/02/28 15:36:59
Table '20' 8-max Seat #3 is the button
Seat 1: 90107e56 (9,877 in chips)
Seat 2: f58f3dd9 (9,919 in chips)
Seat 3: Hero (9,579 in chips)
Seat 5: e15bad85 (10,148 in chips)
Seat 6: 4f69d4ae (9,976 in chips)
Seat 7: 898c6eb9 (9,575 in chips)
Seat 8: c266b49f (10,542 in chips)
c266b49f: posts the ante 6
e15bad85: posts the ante 6
4f69d4ae: posts the ante 6
Hero: posts the ante 6
898c6eb9: posts the ante 6
f58f3dd9: posts the ante 6
90107e56: posts the ante 6
e15bad85: posts small blind 25
4f69d4ae: posts big blind 50
*** HOLE CARDS ***
Dealt to 90107e56 
Dealt to f58f3dd9 
Dealt to Hero [Js 5c]
Dealt to e15bad85 
Dealt to 4f69d4ae 
Dealt to 898c6eb9 
Dealt to c266b49f 
898c6eb9: raises 75 to 125
c266b49f: folds
90107e56: folds
f58f3dd9: folds
Hero: folds
e15bad85: folds
4f69d4ae: folds
Uncalled bet (75) returned to 898c6eb9
*** SHOWDOWN ***
898c6eb9 collected 167 from pot
*** SUMMARY ***
Total pot 167 | Rake 0 | Jackpot 0 | Bingo 0 | Fortune 0 | Tax 0
Seat 1: 90107e56 folded before Flop
Seat 2: f58f3dd9 folded before Flop
Seat 3: Hero (button) folded before Flop
Seat 5: e15bad85 (small blind) folded before Flop
Seat 6: 4f69d4ae (big blind) folded before Flop
Seat 7: 898c6eb9 collected (167)
Seat 8: c266b49f folded before Flop


Poker Hand #TM5642861865: Tournament #266375393, APL Series: ¥110 Zodiac Bounty + Rat Hold'em No Limit - Level1(25/50(6)) - 2026/02/28 15:36:21
Table '20' 8-max Seat #2 is the button
Seat 1: 90107e56 (9,883 in chips)
Seat 2: f58f3dd9 (9,758 in chips)
Seat 3: Hero (9,610 in chips)
Seat 5: e15bad85 (10,254 in chips)
Seat 6: 4f69d4ae (9,982 in chips)
Seat 7: 898c6eb9 (9,581 in chips)
Seat 8: c266b49f (10,548 in chips)
c266b49f: posts the ante 6
e15bad85: posts the ante 6
4f69d4ae: posts the ante 6
Hero: posts the ante 6
898c6eb9: posts the ante 6
f58f3dd9: posts the ante 6
90107e56: posts the ante 6
Hero: posts small blind 25
e15bad85: posts big blind 50
*** HOLE CARDS ***
Dealt to 90107e56 
Dealt to f58f3dd9 
Dealt to Hero [3c 4h]
Dealt to e15bad85 
Dealt to 4f69d4ae 
Dealt to 898c6eb9 
Dealt to c266b49f 
4f69d4ae: folds
898c6eb9: folds
c266b49f: folds
90107e56: folds
f58f3dd9: raises 50 to 100
Hero: folds
e15bad85: calls 50
*** FLOP *** [Ts Ah Kd]
e15bad85: checks
f58f3dd9: bets 89
e15bad85: folds
Uncalled bet (89) returned to f58f3dd9
*** SHOWDOWN ***
f58f3dd9 collected 267 from pot
*** SUMMARY ***
Total pot 267 | Rake 0 | Jackpot 0 | Bingo 0 | Fortune 0 | Tax 0
Board [Ts Ah Kd]
Seat 1: 90107e56 folded before Flop
Seat 2: f58f3dd9 (button) won (267)
Seat 3: Hero (small blind) folded before Flop
Seat 5: e15bad85 (big blind) folded on the Flop
Seat 6: 4f69d4ae folded before Flop
Seat 7: 898c6eb9 folded before Flop
Seat 8: c266b49f folded before Flop


Poker Hand #TM5642861857: Tournament #266375393, APL Series: ¥110 Zodiac Bounty + Rat Hold'em No Limit - Level1(25/50(6)) - 2026/02/28 15:35:22
Table '20' 8-max Seat #1 is the button
Seat 1: 90107e56 (9,889 in chips)
Seat 2: f58f3dd9 (9,914 in chips)
Seat 3: Hero (9,666 in chips)
Seat 4: 27cf1ae8 (10,402 in chips)
Seat 5: e15bad85 (10,012 in chips)
Seat 6: 4f69d4ae (9,988 in chips)
Seat 7: 898c6eb9 (9,587 in chips)
Seat 8: c266b49f (10,554 in chips)
c266b49f: posts the ante 6
e15bad85: posts the ante 6
4f69d4ae: posts the ante 6
Hero: posts the ante 6
898c6eb9: posts the ante 6
27cf1ae8: posts the ante 6
f58f3dd9: posts the ante 6
90107e56: posts the ante 6
f58f3dd9: posts small blind 25
Hero: posts big blind 50
*** HOLE CARDS ***
Dealt to 90107e56 
Dealt to f58f3dd9 
Dealt to Hero [Qd 6c]
Dealt to 27cf1ae8 
Dealt to e15bad85 
Dealt to 4f69d4ae 
Dealt to 898c6eb9 
Dealt to c266b49f 
27cf1ae8: folds
e15bad85: raises 100 to 150
4f69d4ae: folds
898c6eb9: folds
c266b49f: folds
90107e56: folds
f58f3dd9: calls 125
Hero: folds
*** FLOP *** [2h 2c 8d]
f58f3dd9: checks
e15bad85: bets 88
f58f3dd9: folds
Uncalled bet (88) returned to e15bad85
*** SHOWDOWN ***
e15bad85 collected 398 from pot
*** SUMMARY ***
Total pot 398 | Rake 0 | Jackpot 0 | Bingo 0 | Fortune 0 | Tax 0
Board [2h 2c 8d]
Seat 1: 90107e56 (button) folded before Flop
Seat 2: f58f3dd9 (small blind) folded on the Flop
Seat 3: Hero (big blind) folded before Flop
Seat 4: 27cf1ae8 folded before Flop
Seat 5: e15bad85 won (398)
Seat 6: 4f69d4ae folded before Flop
Seat 7: 898c6eb9 folded before Flop
Seat 8: c266b49f folded before Flop


Poker Hand #TM5642861850: Tournament #266375393, APL Series: ¥110 Zodiac Bounty + Rat Hold'em No Limit - Level1(25/50(6)) - 2026/02/28 15:34:39
Table '20' 8-max Seat #8 is the button
Seat 1: 90107e56 (9,920 in chips)
Seat 2: f58f3dd9 (9,970 in chips)
Seat 3: Hero (9,672 in chips)
Seat 4: 27cf1ae8 (10,408 in chips)
Seat 5: e15bad85 (10,018 in chips)
Seat 6: 4f69d4ae (9,994 in chips)
Seat 7: 898c6eb9 (9,470 in chips)
Seat 8: c266b49f (10,560 in chips)
c266b49f: posts the ante 6
e15bad85: posts the ante 6
4f69d4ae: posts the ante 6
Hero: posts the ante 6
898c6eb9: posts the ante 6
27cf1ae8: posts the ante 6
f58f3dd9: posts the ante 6
90107e56: posts the ante 6
90107e56: posts small blind 25
f58f3dd9: posts big blind 50
*** HOLE CARDS ***
Dealt to 90107e56 
Dealt to f58f3dd9 
Dealt to Hero [Kc 4s]
Dealt to 27cf1ae8 
Dealt to e15bad85 
Dealt to 4f69d4ae 
Dealt to 898c6eb9 
Dealt to c266b49f 
Hero: folds
27cf1ae8: folds
e15bad85: folds
4f69d4ae: folds
898c6eb9: raises 75 to 125
c266b49f: folds
90107e56: folds
f58f3dd9: folds
Uncalled bet (75) returned to 898c6eb9
*** SHOWDOWN ***
898c6eb9 collected 173 from pot
*** SUMMARY ***
Total pot 173 | Rake 0 | Jackpot 0 | Bingo 0 | Fortune 0 | Tax 0
Seat 1: 90107e56 (small blind) folded before Flop
Seat 2: f58f3dd9 (big blind) folded before Flop
Seat 3: Hero folded before Flop
Seat 4: 27cf1ae8 folded before Flop
Seat 5: e15bad85 folded before Flop
Seat 6: 4f69d4ae folded before Flop
Seat 7: 898c6eb9 collected (173)
Seat 8: c266b49f (button) folded before Flop


Poker Hand #TM5642861843: Tournament #266375393, APL Series: ¥110 Zodiac Bounty + Rat Hold'em No Limit - Level1(25/50(6)) - 2026/02/28 15:34:04
Table '20' 8-max Seat #7 is the button
Seat 1: 90107e56 (9,976 in chips)
Seat 2: f58f3dd9 (9,976 in chips)
Seat 3: Hero (9,678 in chips)
Seat 4: 27cf1ae8 (10,414 in chips)
Seat 5: e15bad85 (9,901 in chips)
Seat 6: 4f69d4ae (10,000 in chips)
Seat 7: 898c6eb9 (9,476 in chips)
Seat 8: c266b49f (10,591 in chips)
e15bad85: posts the ante 6
c266b49f: posts the ante 6
4f69d4ae: posts the ante 6
Hero: posts the ante 6
898c6eb9: posts the ante 6
27cf1ae8: posts the ante 6
f58f3dd9: posts the ante 6
90107e56: posts the ante 6
c266b49f: posts small blind 25
90107e56: posts big blind 50
*** HOLE CARDS ***
Dealt to 90107e56 
Dealt to f58f3dd9 
Dealt to Hero [Jc 3c]
Dealt to 27cf1ae8 
Dealt to e15bad85 
Dealt to 4f69d4ae 
Dealt to 898c6eb9 
Dealt to c266b49f 
f58f3dd9: folds
Hero: folds
27cf1ae8: folds
e15bad85: raises 100 to 150
4f69d4ae: folds
898c6eb9: folds
c266b49f: folds
90107e56: folds
Uncalled bet (100) returned to e15bad85
*** SHOWDOWN ***
e15bad85 collected 173 from pot
*** SUMMARY ***
Total pot 173 | Rake 0 | Jackpot 0 | Bingo 0 | Fortune 0 | Tax 0
Seat 1: 90107e56 (big blind) folded before Flop
Seat 2: f58f3dd9 folded before Flop
Seat 3: Hero folded before Flop
Seat 4: 27cf1ae8 folded before Flop
Seat 5: e15bad85 collected (173)
Seat 6: 4f69d4ae folded before Flop
Seat 7: 898c6eb9 (button) folded before Flop
Seat 8: c266b49f (small blind) folded before Flop


Poker Hand #TM5642861832: Tournament #266375393, APL Series: ¥110 Zodiac Bounty + Rat Hold'em No Limit - Level1(25/50(6)) - 2026/02/28 15:32:05
Table '20' 8-max Seat #5 is the button
Seat 1: 90107e56 (9,982 in chips)
Seat 2: f58f3dd9 (9,982 in chips)
Seat 3: Hero (10,180 in chips)
Seat 4: 27cf1ae8 (9,807 in chips)
Seat 5: e15bad85 (9,907 in chips)
Seat 7: 898c6eb9 (9,507 in chips)
Seat 8: c266b49f (10,647 in chips)
e15bad85: posts the ante 6
c266b49f: posts the ante 6
Hero: posts the ante 6
898c6eb9: posts the ante 6
27cf1ae8: posts the ante 6
f58f3dd9: posts the ante 6
90107e56: posts the ante 6
898c6eb9: posts small blind 25
c266b49f: posts big blind 50
*** HOLE CARDS ***
Dealt to 90107e56 
Dealt to f58f3dd9 
Dealt to Hero [Ts Ah]
Dealt to 27cf1ae8 
Dealt to e15bad85 
Dealt to 898c6eb9 
Dealt to c266b49f 
90107e56: folds
f58f3dd9: folds
Hero: raises 50 to 100
27cf1ae8: raises 175 to 275
e15bad85: folds
898c6eb9: folds
c266b49f: folds
Hero: calls 175
*** FLOP *** [9h 6d 4s]
Hero: checks
27cf1ae8: bets 221
Hero: calls 221
*** TURN *** [9h 6d 4s] [Qs]
Hero: checks
27cf1ae8: bets 366
Hero: folds
Uncalled bet (366) returned to 27cf1ae8
*** SHOWDOWN ***
27cf1ae8 collected 1,109 from pot
*** SUMMARY ***
Total pot 1,109 | Rake 0 | Jackpot 0 | Bingo 0 | Fortune 0 | Tax 0
Board [9h 6d 4s Qs]
Seat 1: 90107e56 folded before Flop
Seat 2: f58f3dd9 folded before Flop
Seat 3: Hero folded on the Turn
Seat 4: 27cf1ae8 won (1,109)
Seat 5: e15bad85 (button) folded before Flop
Seat 7: 898c6eb9 (small blind) folded before Flop
Seat 8: c266b49f (big blind) folded before Flop


Poker Hand #TM5642861825: Tournament #266375393, APL Series: ¥110 Zodiac Bounty + Rat Hold'em No Limit - Level1(25/50(6)) - 2026/02/28 15:31:31
Table '20' 8-max Seat #4 is the button
Seat 1: 90107e56 (9,988 in chips)
Seat 2: f58f3dd9 (9,988 in chips)
Seat 3: Hero (10,186 in chips)
Seat 4: 27cf1ae8 (9,813 in chips)
Seat 5: e15bad85 (9,938 in chips)
Seat 7: 898c6eb9 (9,563 in chips)
Seat 8: c266b49f (10,536 in chips)
c266b49f: posts the ante 6
e15bad85: posts the ante 6
Hero: posts the ante 6
898c6eb9: posts the ante 6
27cf1ae8: posts the ante 6
f58f3dd9: posts the ante 6
90107e56: posts the ante 6
e15bad85: posts small blind 25
898c6eb9: posts big blind 50
*** HOLE CARDS ***
Dealt to 90107e56 
Dealt to f58f3dd9 
Dealt to Hero [9c 3c]
Dealt to 27cf1ae8 
Dealt to e15bad85 
Dealt to 898c6eb9 
Dealt to c266b49f 
c266b49f: raises 60 to 110
90107e56: folds
f58f3dd9: folds
Hero: folds
27cf1ae8: folds
e15bad85: folds
898c6eb9: folds
Uncalled bet (60) returned to c266b49f
*** SHOWDOWN ***
c266b49f collected 167 from pot
*** SUMMARY ***
Total pot 167 | Rake 0 | Jackpot 0 | Bingo 0 | Fortune 0 | Tax 0
Seat 1: 90107e56 folded before Flop
Seat 2: f58f3dd9 folded before Flop
Seat 3: Hero folded before Flop
Seat 4: 27cf1ae8 (button) folded before Flop
Seat 5: e15bad85 (small blind) folded before Flop
Seat 7: 898c6eb9 (big blind) folded before Flop
Seat 8: c266b49f collected (167)


Poker Hand #TM5642861819: Tournament #266375393, APL Series: ¥110 Zodiac Bounty + Rat Hold'em No Limit - Level1(25/50(6)) - 2026/02/28 15:30:43
Table '20' 8-max Seat #3 is the button
Seat 1: 90107e56 (9,994 in chips)
Seat 2: f58f3dd9 (9,994 in chips)
Seat 3: Hero (10,192 in chips)
Seat 4: 27cf1ae8 (9,844 in chips)
Seat 5: e15bad85 (9,994 in chips)
Seat 6: 10c76395 (9,994 in chips)
Seat 7: 898c6eb9 (9,994 in chips)
Seat 8: c266b49f (9,994 in chips)
c266b49f: posts the ante 6
e15bad85: posts the ante 6
Hero: posts the ante 6
10c76395: posts the ante 6
898c6eb9: posts the ante 6
27cf1ae8: posts the ante 6
f58f3dd9: posts the ante 6
90107e56: posts the ante 6
27cf1ae8: posts small blind 25
e15bad85: posts big blind 50
*** HOLE CARDS ***
Dealt to 90107e56 
Dealt to f58f3dd9 
Dealt to Hero [2d Jd]
Dealt to 27cf1ae8 
Dealt to e15bad85 
Dealt to 10c76395 
Dealt to 898c6eb9 
Dealt to c266b49f 
10c76395: folds
898c6eb9: raises 75 to 125
c266b49f: raises 300 to 425
90107e56: folds
f58f3dd9: folds
Hero: folds
27cf1ae8: folds
e15bad85: folds
898c6eb9: calls 300
*** FLOP *** [6d Jc Kh]
898c6eb9: checks
c266b49f: bets 325
898c6eb9: folds
Uncalled bet (325) returned to c266b49f
*** SHOWDOWN ***
c266b49f collected 973 from pot
*** SUMMARY ***
Total pot 973 | Rake 0 | Jackpot 0 | Bingo 0 | Fortune 0 | Tax 0
Board [6d Jc Kh]
Seat 1: 90107e56 folded before Flop
Seat 2: f58f3dd9 folded before Flop
Seat 3: Hero (button) folded before Flop
Seat 4: 27cf1ae8 (small blind) folded before Flop
Seat 5: e15bad85 (big blind) folded before Flop
Seat 6: 10c76395 folded before Flop
Seat 7: 898c6eb9 folded on the Flop
Seat 8: c266b49f won (973)


Poker Hand #TM5642861814: Tournament #266375393, APL Series: ¥110 Zodiac Bounty + Rat Hold'em No Limit - Level1(25/50(6)) - 2026/02/28 15:30:02
Table '20' 8-max Seat #2 is the button
Seat 1: 90107e56 (10,000 in chips)
Seat 2: f58f3dd9 (10,000 in chips)
Seat 3: Hero (10,000 in chips)
Seat 4: 27cf1ae8 (10,000 in chips)
Seat 5: e15bad85 (10,000 in chips)
Seat 6: 10c76395 (10,000 in chips)
Seat 7: 898c6eb9 (10,000 in chips)
Seat 8: c266b49f (10,000 in chips)
c266b49f: posts the ante 6
e15bad85: posts the ante 6
Hero: posts the ante 6
10c76395: posts the ante 6
898c6eb9: posts the ante 6
27cf1ae8: posts the ante 6
f58f3dd9: posts the ante 6
90107e56: posts the ante 6
Hero: posts small blind 25
27cf1ae8: posts big blind 50
*** HOLE CARDS ***
Dealt to 90107e56 
Dealt to f58f3dd9 
Dealt to Hero [Ks Kh]
Dealt to 27cf1ae8 
Dealt to e15bad85 
Dealt to 10c76395 
Dealt to 898c6eb9 
Dealt to c266b49f 
e15bad85: folds
10c76395: folds
898c6eb9: folds
c266b49f: folds
90107e56: folds
f58f3dd9: folds
Hero: raises 100 to 150
27cf1ae8: calls 100
*** FLOP *** [Kc Tc 6d]
Hero: bets 115
27cf1ae8: folds
Uncalled bet (115) returned to Hero
*** SHOWDOWN ***
Hero collected 348 from pot
*** SUMMARY ***
Total pot 348 | Rake 0 | Jackpot 0 | Bingo 0 | Fortune 0 | Tax 0
Board [Kc Tc 6d]
Seat 1: 90107e56 folded before Flop
Seat 2: f58f3dd9 (button) folded before Flop
Seat 3: Hero (small blind) won (348)
Seat 4: 27cf1ae8 (big blind) folded on the Flop
Seat 5: e15bad85 folded before Flop
Seat 6: 10c76395 folded before Flop
Seat 7: 898c6eb9 folded before Flop
Seat 8: c266b49f folded before Flop


