Poker Hand #TM5571262679: Tournament #262414653, APL Series: ¥110 Zodiac Bounty + Rat Hold'em No Limit - Level6(125/250(30)) - 2026/02/10 16:31:04
Table '48' 8-max Seat #6 is the button
Seat 1: ab704251 (9,205 in chips)
Seat 2: a1e2b960 (1,896 in chips)
Seat 3: 72633bbf (9,440 in chips)
Seat 4: 88cb086c (19,350 in chips)
Seat 5: e13600a8 (26,479 in chips)
Seat 6: 7ddf3d01 (14,760 in chips)
Seat 7: 5defbab0 (9,504 in chips)
Seat 8: Hero (4,354 in chips)
ab704251: posts the ante 30
5defbab0: posts the ante 30
88cb086c: posts the ante 30
Hero: posts the ante 30
e13600a8: posts the ante 30
72633bbf: posts the ante 30
a1e2b960: posts the ante 30
7ddf3d01: posts the ante 30
5defbab0: posts small blind 125
Hero: posts big blind 250
*** HOLE CARDS ***
Dealt to ab704251 
Dealt to a1e2b960 
Dealt to 72633bbf 
Dealt to 88cb086c 
Dealt to e13600a8 
Dealt to 7ddf3d01 
Dealt to 5defbab0 
Dealt to Hero [9s Qs]
ab704251: folds
a1e2b960: folds
72633bbf: folds
88cb086c: folds
e13600a8: folds
7ddf3d01: raises 250 to 500
5defbab0: folds
Hero: calls 250
*** FLOP *** [Qc 3s 4d]
Hero: checks
7ddf3d01: bets 625
Hero: raises 3,199 to 3,824 and is all-in
7ddf3d01: calls 3,199
Hero: shows [9s Qs] (a pair of Queens)
7ddf3d01: shows [Ad 4c] (a pair of Fours)
*** TURN *** [Qc 3s 4d] [3d]
*** RIVER *** [Qc 3s 4d 3d] [Ac]
*** SHOWDOWN ***
7ddf3d01 collected 9,013 from pot
*** SUMMARY ***
Total pot 9,013 | Rake 0 | Jackpot 0 | Bingo 0 | Fortune 0 | Tax 0
Board [Qc 3s 4d 3d Ac]
Seat 1: ab704251 folded before Flop
Seat 2: a1e2b960 folded before Flop
Seat 3: 72633bbf folded before Flop
Seat 4: 88cb086c folded before Flop
Seat 5: e13600a8 folded before Flop
Seat 6: 7ddf3d01 (button) showed [Ad 4c] and won (9,013) with two pair, Aces and Fours
Seat 7: 5defbab0 (small blind) folded before Flop
Seat 8: Hero (big blind) showed [9s Qs] and lost with two pair, Queens and Threes


Poker Hand #TM5571262671: Tournament #262414653, APL Series: ¥110 Zodiac Bounty + Rat Hold'em No Limit - Level6(125/250(30)) - 2026/02/10 16:30:18
Table '48' 8-max Seat #5 is the button
Seat 1: ab704251 (9,235 in chips)
Seat 2: a1e2b960 (1,926 in chips)
Seat 3: 72633bbf (9,470 in chips)
Seat 4: 88cb086c (19,380 in chips)
Seat 5: e13600a8 (27,034 in chips)
Seat 6: 7ddf3d01 (13,775 in chips)
Seat 7: 5defbab0 (9,784 in chips)
Seat 8: Hero (4,384 in chips)
ab704251: posts the ante 30
5defbab0: posts the ante 30
88cb086c: posts the ante 30
Hero: posts the ante 30
e13600a8: posts the ante 30
72633bbf: posts the ante 30
a1e2b960: posts the ante 30
7ddf3d01: posts the ante 30
7ddf3d01: posts small blind 125
5defbab0: posts big blind 250
*** HOLE CARDS ***
Dealt to ab704251 
Dealt to a1e2b960 
Dealt to 72633bbf 
Dealt to 88cb086c 
Dealt to e13600a8 
Dealt to 7ddf3d01 
Dealt to 5defbab0 
Dealt to Hero [4c 8c]
Hero: folds
ab704251: folds
a1e2b960: folds
72633bbf: folds
88cb086c: folds
e13600a8: raises 275 to 525
7ddf3d01: raises 1,600 to 2,125
5defbab0: folds
e13600a8: folds
Uncalled bet (1,600) returned to 7ddf3d01
*** SHOWDOWN ***
7ddf3d01 collected 1,540 from pot
*** SUMMARY ***
Total pot 1,540 | Rake 0 | Jackpot 0 | Bingo 0 | Fortune 0 | Tax 0
Seat 1: ab704251 folded before Flop
Seat 2: a1e2b960 folded before Flop
Seat 3: 72633bbf folded before Flop
Seat 4: 88cb086c folded before Flop
Seat 5: e13600a8 (button) folded before Flop
Seat 6: 7ddf3d01 (small blind) collected (1,540)
Seat 7: 5defbab0 (big blind) folded before Flop
Seat 8: Hero folded before Flop


Poker Hand #TM5571262659: Tournament #262414653, APL Series: ¥110 Zodiac Bounty + Rat Hold'em No Limit - Level6(125/250(30)) - 2026/02/10 16:29:02
Table '48' 8-max Seat #4 is the button
Seat 1: ab704251 (9,265 in chips)
Seat 2: a1e2b960 (1,956 in chips)
Seat 3: 72633bbf (10,000 in chips)
Seat 4: 88cb086c (19,410 in chips)
Seat 5: e13600a8 (27,564 in chips)
Seat 6: 7ddf3d01 (9,940 in chips)
Seat 7: 5defbab0 (9,814 in chips)
Seat 8: Hero (7,039 in chips)
ab704251: posts the ante 30
5defbab0: posts the ante 30
88cb086c: posts the ante 30
Hero: posts the ante 30
72633bbf: posts the ante 30
e13600a8: posts the ante 30
a1e2b960: posts the ante 30
7ddf3d01: posts the ante 30
e13600a8: posts small blind 125
7ddf3d01: posts big blind 250
*** HOLE CARDS ***
Dealt to ab704251 
Dealt to a1e2b960 
Dealt to 72633bbf 
Dealt to 88cb086c 
Dealt to e13600a8 
Dealt to 7ddf3d01 
Dealt to 5defbab0 
Dealt to Hero [Ad 6d]
5defbab0: folds
Hero: raises 250 to 500
ab704251: folds
a1e2b960: folds
72633bbf: calls 500
88cb086c: folds
e13600a8: calls 375
7ddf3d01: calls 250
*** FLOP *** [7h 4s Kc]
e13600a8: checks
7ddf3d01: checks
Hero: checks
72633bbf: checks
*** TURN *** [7h 4s Kc] [Ac]
e13600a8: checks
7ddf3d01: checks
Hero: checks
72633bbf: checks
*** RIVER *** [7h 4s Kc Ac] [3d]
e13600a8: checks
7ddf3d01: bets 2,125
Hero: calls 2,125
72633bbf: folds
e13600a8: folds
7ddf3d01: shows [4d Kd] (two pair, Kings and Fours)
Hero: shows [Ad 6d] (a pair of Aces)
*** SHOWDOWN ***
7ddf3d01 collected 6,490 from pot
*** SUMMARY ***
Total pot 6,490 | Rake 0 | Jackpot 0 | Bingo 0 | Fortune 0 | Tax 0
Board [7h 4s Kc Ac 3d]
Seat 1: ab704251 folded before Flop
Seat 2: a1e2b960 folded before Flop
Seat 3: 72633bbf folded on the River
Seat 4: 88cb086c (button) folded before Flop
Seat 5: e13600a8 (small blind) folded on the River
Seat 6: 7ddf3d01 (big blind) showed [4d Kd] and won (6,490) with two pair, Kings and Fours
Seat 7: 5defbab0 folded before Flop
Seat 8: Hero showed [Ad 6d] and lost with a pair of Aces


Poker Hand #TM5571262644: Tournament #262414653, APL Series: ¥110 Zodiac Bounty + Rat Hold'em No Limit - Level6(125/250(30)) - 2026/02/10 16:27:39
Table '48' 8-max Seat #2 is the button
Seat 1: ab704251 (9,295 in chips)
Seat 2: a1e2b960 (1,986 in chips)
Seat 4: 88cb086c (22,229 in chips)
Seat 5: e13600a8 (27,844 in chips)
Seat 6: 7ddf3d01 (9,970 in chips)
Seat 7: 5defbab0 (6,595 in chips)
Seat 8: Hero (7,069 in chips)
ab704251: posts the ante 30
5defbab0: posts the ante 30
Hero: posts the ante 30
88cb086c: posts the ante 30
e13600a8: posts the ante 30
a1e2b960: posts the ante 30
7ddf3d01: posts the ante 30
88cb086c: posts small blind 125
e13600a8: posts big blind 250
*** HOLE CARDS ***
Dealt to ab704251 
Dealt to a1e2b960 
Dealt to 88cb086c 
Dealt to e13600a8 
Dealt to 7ddf3d01 
Dealt to 5defbab0 
Dealt to Hero [9c 3s]
7ddf3d01: folds
5defbab0: raises 250 to 500
Hero: folds
ab704251: folds
a1e2b960: folds
88cb086c: calls 375
e13600a8: folds
*** FLOP *** [9d Ts 2h]
88cb086c: checks
5defbab0: bets 468
88cb086c: calls 468
*** TURN *** [9d Ts 2h] [8d]
88cb086c: checks
5defbab0: bets 1,821
88cb086c: calls 1,821
*** RIVER *** [9d Ts 2h 8d] [Ks]
88cb086c: checks
5defbab0: checks
88cb086c: shows [Qs Ad] (Ace high)
5defbab0: shows [Ac Tc] (a pair of Tens)
*** SHOWDOWN ***
5defbab0 collected 6,038 from pot
*** SUMMARY ***
Total pot 6,038 | Rake 0 | Jackpot 0 | Bingo 0 | Fortune 0 | Tax 0
Board [9d Ts 2h 8d Ks]
Seat 1: ab704251 folded before Flop
Seat 2: a1e2b960 (button) folded before Flop
Seat 4: 88cb086c (small blind) showed [Qs Ad] and lost with Ace high
Seat 5: e13600a8 (big blind) folded before Flop
Seat 6: 7ddf3d01 folded before Flop
Seat 7: 5defbab0 showed [Ac Tc] and won (6,038) with a pair of Tens
Seat 8: Hero folded before Flop


Poker Hand #TM5571262635: Tournament #262414653, APL Series: ¥110 Zodiac Bounty + Rat Hold'em No Limit - Level6(125/250(30)) - 2026/02/10 16:26:51
Table '48' 8-max Seat #1 is the button
Seat 1: ab704251 (9,325 in chips)
Seat 2: a1e2b960 (2,141 in chips)
Seat 4: 88cb086c (20,506 in chips)
Seat 5: e13600a8 (27,874 in chips)
Seat 6: 7ddf3d01 (10,000 in chips)
Seat 7: 5defbab0 (6,625 in chips)
Seat 8: Hero (8,517 in chips)
ab704251: posts the ante 30
5defbab0: posts the ante 30
Hero: posts the ante 30
88cb086c: posts the ante 30
e13600a8: posts the ante 30
a1e2b960: posts the ante 30
7ddf3d01: posts the ante 30
a1e2b960: posts small blind 125
88cb086c: posts big blind 250
*** HOLE CARDS ***
Dealt to ab704251 
Dealt to a1e2b960 
Dealt to 88cb086c 
Dealt to e13600a8 
Dealt to 7ddf3d01 
Dealt to 5defbab0 
Dealt to Hero [Qc Jh]
e13600a8: folds
7ddf3d01: folds
5defbab0: folds
Hero: raises 250 to 500
ab704251: folds
a1e2b960: folds
88cb086c: calls 250
*** FLOP *** [3h 9h 6s]
88cb086c: checks
Hero: checks
*** TURN *** [3h 9h 6s] [Ts]
88cb086c: checks
Hero: bets 918
88cb086c: calls 918
*** RIVER *** [3h 9h 6s Ts] [6h]
88cb086c: checks
Hero: checks
88cb086c: shows [Kd Tc] (two pair, Tens and Sixes)
Hero: shows [Qc Jh] (a pair of Sixes)
*** SHOWDOWN ***
88cb086c collected 3,171 from pot
*** SUMMARY ***
Total pot 3,171 | Rake 0 | Jackpot 0 | Bingo 0 | Fortune 0 | Tax 0
Board [3h 9h 6s Ts 6h]
Seat 1: ab704251 (button) folded before Flop
Seat 2: a1e2b960 (small blind) folded before Flop
Seat 4: 88cb086c (big blind) showed [Kd Tc] and won (3,171) with two pair, Tens and Sixes
Seat 5: e13600a8 folded before Flop
Seat 6: 7ddf3d01 folded before Flop
Seat 7: 5defbab0 folded before Flop
Seat 8: Hero showed [Qc Jh] and lost with a pair of Sixes


Poker Hand #TM5571262623: Tournament #262414653, APL Series: ¥110 Zodiac Bounty + Rat Hold'em No Limit - Level5(100/200(25)) - 2026/02/10 16:25:38
Table '48' 8-max Seat #8 is the button
Seat 1: ab704251 (9,750 in chips)
Seat 2: a1e2b960 (808 in chips)
Seat 3: 92bc4c8c (13,334 in chips)
Seat 4: 88cb086c (20,531 in chips)
Seat 5: e13600a8 (27,899 in chips)
Seat 7: 5defbab0 (6,650 in chips)
Seat 8: Hero (9,325 in chips)
ab704251: posts the ante 25
5defbab0: posts the ante 25
Hero: posts the ante 25
88cb086c: posts the ante 25
e13600a8: posts the ante 25
a1e2b960: posts the ante 25
92bc4c8c: posts the ante 25
ab704251: posts small blind 100
a1e2b960: posts big blind 200
*** HOLE CARDS ***
Dealt to ab704251 
Dealt to a1e2b960 
Dealt to 92bc4c8c 
Dealt to 88cb086c 
Dealt to e13600a8 
Dealt to 5defbab0 
Dealt to Hero [3h Ac]
92bc4c8c: folds
88cb086c: folds
e13600a8: folds
5defbab0: folds
Hero: raises 200 to 400
ab704251: calls 300
a1e2b960: raises 200 to 600
Hero: raises 8,700 to 9,300 and is all-in
ab704251: folds
a1e2b960: calls 183 and is all-in
Uncalled bet (8,517) returned to Hero
Hero: shows [3h Ac]
a1e2b960: shows [Qd Ad]
*** FLOP *** [Js 5d Th]
*** TURN *** [Js 5d Th] [5c]
*** RIVER *** [Js 5d Th 5c] [Qh]
*** SHOWDOWN ***
a1e2b960 collected 2,141 from pot
*** SUMMARY ***
Total pot 2,141 | Rake 0 | Jackpot 0 | Bingo 0 | Fortune 0 | Tax 0
Board [Js 5d Th 5c Qh]
Seat 1: ab704251 (small blind) folded before Flop
Seat 2: a1e2b960 (big blind) showed [Qd Ad] and won (2,141) with two pair, Queens and Fives
Seat 3: 92bc4c8c folded before Flop
Seat 4: 88cb086c folded before Flop
Seat 5: e13600a8 folded before Flop
Seat 7: 5defbab0 folded before Flop
Seat 8: Hero (button) showed [3h Ac] and lost with a pair of Fives


Poker Hand #TM5571262609: Tournament #262414653, APL Series: ¥110 Zodiac Bounty + Rat Hold'em No Limit - Level5(100/200(25)) - 2026/02/10 16:23:57
Table '48' 8-max Seat #7 is the button
Seat 1: ab704251 (9,975 in chips)
Seat 2: a1e2b960 (833 in chips)
Seat 3: 92bc4c8c (13,359 in chips)
Seat 4: 88cb086c (16,701 in chips)
Seat 5: e13600a8 (27,924 in chips)
Seat 6: 7484572a (3,380 in chips)
Seat 7: 5defbab0 (6,675 in chips)
Seat 8: Hero (9,450 in chips)
ab704251: posts the ante 25
5defbab0: posts the ante 25
88cb086c: posts the ante 25
Hero: posts the ante 25
e13600a8: posts the ante 25
a1e2b960: posts the ante 25
7484572a: posts the ante 25
92bc4c8c: posts the ante 25
Hero: posts small blind 100
ab704251: posts big blind 200
*** HOLE CARDS ***
Dealt to ab704251 
Dealt to a1e2b960 
Dealt to 92bc4c8c 
Dealt to 88cb086c 
Dealt to e13600a8 
Dealt to 7484572a 
Dealt to 5defbab0 
Dealt to Hero [9h 2s]
a1e2b960: folds
92bc4c8c: folds
88cb086c: raises 200 to 400
e13600a8: folds
7484572a: raises 2,955 to 3,355 and is all-in
5defbab0: folds
Hero: folds
ab704251: folds
88cb086c: calls 2,955
7484572a: shows [As Qh]
88cb086c: shows [4d 4s]
*** FLOP *** [5c 4h Ad]
*** TURN *** [5c 4h Ad] [Kd]
*** RIVER *** [5c 4h Ad Kd] [Td]
*** SHOWDOWN ***
88cb086c collected 7,210 from pot
*** SUMMARY ***
Total pot 7,210 | Rake 0 | Jackpot 0 | Bingo 0 | Fortune 0 | Tax 0
Board [5c 4h Ad Kd Td]
Seat 1: ab704251 (big blind) folded before Flop
Seat 2: a1e2b960 folded before Flop
Seat 3: 92bc4c8c folded before Flop
Seat 4: 88cb086c showed [4d 4s] and won (7,210) with three of a kind, Fours
Seat 5: e13600a8 folded before Flop
Seat 6: 7484572a showed [As Qh] and lost with a pair of Aces
Seat 7: 5defbab0 (button) folded before Flop
Seat 8: Hero (small blind) folded before Flop


Poker Hand #TM5571262600: Tournament #262414653, APL Series: ¥110 Zodiac Bounty + Rat Hold'em No Limit - Level5(100/200(25)) - 2026/02/10 16:22:52
Table '48' 8-max Seat #6 is the button
Seat 1: ab704251 (10,000 in chips)
Seat 2: a1e2b960 (858 in chips)
Seat 3: 92bc4c8c (13,384 in chips)
Seat 4: 88cb086c (16,026 in chips)
Seat 5: e13600a8 (27,949 in chips)
Seat 6: 7484572a (3,405 in chips)
Seat 7: 5defbab0 (6,800 in chips)
Seat 8: Hero (9,875 in chips)
ab704251: posts the ante 25
5defbab0: posts the ante 25
88cb086c: posts the ante 25
Hero: posts the ante 25
e13600a8: posts the ante 25
a1e2b960: posts the ante 25
7484572a: posts the ante 25
92bc4c8c: posts the ante 25
5defbab0: posts small blind 100
Hero: posts big blind 200
*** HOLE CARDS ***
Dealt to ab704251 
Dealt to a1e2b960 
Dealt to 92bc4c8c 
Dealt to 88cb086c 
Dealt to e13600a8 
Dealt to 7484572a 
Dealt to 5defbab0 
Dealt to Hero [Qd 5h]
ab704251: folds
a1e2b960: folds
92bc4c8c: folds
88cb086c: raises 200 to 400
e13600a8: folds
7484572a: folds
5defbab0: folds
Hero: calls 200
*** FLOP *** [8s Jd 6s]
Hero: checks
88cb086c: bets 550
Hero: folds
Uncalled bet (550) returned to 88cb086c
*** SHOWDOWN ***
88cb086c collected 1,100 from pot
*** SUMMARY ***
Total pot 1,100 | Rake 0 | Jackpot 0 | Bingo 0 | Fortune 0 | Tax 0
Board [8s Jd 6s]
Seat 1: ab704251 folded before Flop
Seat 2: a1e2b960 folded before Flop
Seat 3: 92bc4c8c folded before Flop
Seat 4: 88cb086c won (1,100)
Seat 5: e13600a8 folded before Flop
Seat 6: 7484572a (button) folded before Flop
Seat 7: 5defbab0 (small blind) folded before Flop
Seat 8: Hero (big blind) folded on the Flop


Poker Hand #TM5571262593: Tournament #262414653, APL Series: ¥110 Zodiac Bounty + Rat Hold'em No Limit - Level5(100/200(25)) - 2026/02/10 16:21:26
Table '48' 8-max Seat #5 is the button
Seat 5: e13600a8 (27,974 in chips)
Seat 6: 7484572a (3,530 in chips)
Seat 7: 5defbab0 (6,625 in chips)
Seat 8: Hero (9,900 in chips)
5defbab0: posts the ante 25
Hero: posts the ante 25
e13600a8: posts the ante 25
7484572a: posts the ante 25
7484572a: posts small blind 100
5defbab0: posts big blind 200
*** HOLE CARDS ***
Dealt to e13600a8 
Dealt to 7484572a 
Dealt to 5defbab0 
Dealt to Hero [8h Ks]
Hero: folds
e13600a8: folds
7484572a: folds
Uncalled bet (100) returned to 5defbab0
*** SHOWDOWN ***
5defbab0 collected 300 from pot
*** SUMMARY ***
Total pot 300 | Rake 0 | Jackpot 0 | Bingo 0 | Fortune 0 | Tax 0
Seat 5: e13600a8 (button) folded before Flop
Seat 6: 7484572a (small blind) folded before Flop
Seat 7: 5defbab0 (big blind) collected (300)
Seat 8: Hero folded before Flop


Poker Hand #TM5570646537: Tournament #262414653, APL Series: ¥110 Zodiac Bounty + Rat Hold'em No Limit - Level5(100/200(25)) - 2026/02/10 16:20:49
Table '36' 8-max Seat #5 is the button
Seat 1: 406026a (19,626 in chips)
Seat 2: f1f58f2a (9,975 in chips)
Seat 3: 284695b0 (17,198 in chips)
Seat 4: afdf21d (15,816 in chips)
Seat 5: 3e8ad768 (20,485 in chips)
Seat 6: 65cb3832 (6,306 in chips)
Seat 7: 20155153 (6,804 in chips)
Seat 8: Hero (9,925 in chips)
Hero: posts the ante 25
65cb3832: posts the ante 25
406026a: posts the ante 25
3e8ad768: posts the ante 25
284695b0: posts the ante 25
afdf21d: posts the ante 25
f1f58f2a: posts the ante 25
20155153: posts the ante 25
65cb3832: posts small blind 100
20155153: posts big blind 200
*** HOLE CARDS ***
Dealt to 406026a 
Dealt to f1f58f2a 
Dealt to 284695b0 
Dealt to afdf21d 
Dealt to 3e8ad768 
Dealt to 65cb3832 
Dealt to 20155153 
Dealt to Hero [8h 6s]
Hero: folds
406026a: folds
f1f58f2a: folds
284695b0: raises 400 to 600
afdf21d: folds
3e8ad768: folds
65cb3832: folds
20155153: calls 400
*** FLOP *** [5c Qh 3d]
20155153: checks
284695b0: bets 495
20155153: folds
Uncalled bet (495) returned to 284695b0
*** SHOWDOWN ***
284695b0 collected 1,500 from pot
*** SUMMARY ***
Total pot 1,500 | Rake 0 | Jackpot 0 | Bingo 0 | Fortune 0 | Tax 0
Board [5c Qh 3d]
Seat 1: 406026a folded before Flop
Seat 2: f1f58f2a folded before Flop
Seat 3: 284695b0 won (1,500)
Seat 4: afdf21d folded before Flop
Seat 5: 3e8ad768 (button) folded before Flop
Seat 6: 65cb3832 (small blind) folded before Flop
Seat 7: 20155153 (big blind) folded on the Flop
Seat 8: Hero folded before Flop


Poker Hand #TM5570646524: Tournament #262414653, APL Series: ¥110 Zodiac Bounty + Rat Hold'em No Limit - Level5(100/200(25)) - 2026/02/10 16:19:52
Table '36' 8-max Seat #4 is the button
Seat 1: 406026a (19,651 in chips)
Seat 2: f1f58f2a (10,000 in chips)
Seat 3: 284695b0 (17,223 in chips)
Seat 4: afdf21d (15,841 in chips)
Seat 5: 3e8ad768 (16,651 in chips)
Seat 6: 65cb3832 (9,990 in chips)
Seat 7: 20155153 (6,829 in chips)
Seat 8: Hero (9,950 in chips)
Hero: posts the ante 25
65cb3832: posts the ante 25
406026a: posts the ante 25
3e8ad768: posts the ante 25
284695b0: posts the ante 25
afdf21d: posts the ante 25
f1f58f2a: posts the ante 25
20155153: posts the ante 25
3e8ad768: posts small blind 100
65cb3832: posts big blind 200
*** HOLE CARDS ***
Dealt to 406026a 
Dealt to f1f58f2a 
Dealt to 284695b0 
Dealt to afdf21d 
Dealt to 3e8ad768 
Dealt to 65cb3832 
Dealt to 20155153 
Dealt to Hero [2c 5s]
20155153: folds
Hero: folds
406026a: folds
f1f58f2a: folds
284695b0: folds
afdf21d: folds
3e8ad768: calls 100
65cb3832: raises 600 to 800
3e8ad768: calls 600
*** FLOP *** [Qh 2h 9d]
3e8ad768: checks
65cb3832: bets 720
3e8ad768: calls 720
*** TURN *** [Qh 2h 9d] [5h]
3e8ad768: checks
65cb3832: bets 2,139
3e8ad768: raises 6,661 to 8,800
65cb3832: folds
Uncalled bet (6,661) returned to 3e8ad768
*** SHOWDOWN ***
3e8ad768 collected 7,518 from pot
*** SUMMARY ***
Total pot 7,518 | Rake 0 | Jackpot 0 | Bingo 0 | Fortune 0 | Tax 0
Board [Qh 2h 9d 5h]
Seat 1: 406026a folded before Flop
Seat 2: f1f58f2a folded before Flop
Seat 3: 284695b0 folded before Flop
Seat 4: afdf21d (button) folded before Flop
Seat 5: 3e8ad768 (small blind) won (7,518)
Seat 6: 65cb3832 (big blind) folded on the Turn
Seat 7: 20155153 folded before Flop
Seat 8: Hero folded before Flop


Poker Hand #TM5570646519: Tournament #262414653, APL Series: ¥110 Zodiac Bounty + Rat Hold'em No Limit - Level5(100/200(25)) - 2026/02/10 16:19:18
Table '36' 8-max Seat #3 is the button
Seat 1: 406026a (19,676 in chips)
Seat 3: 284695b0 (17,248 in chips)
Seat 4: afdf21d (15,966 in chips)
Seat 5: 3e8ad768 (16,401 in chips)
Seat 6: 65cb3832 (10,015 in chips)
Seat 7: 20155153 (6,854 in chips)
Seat 8: Hero (9,975 in chips)
Hero: posts the ante 25
65cb3832: posts the ante 25
406026a: posts the ante 25
3e8ad768: posts the ante 25
284695b0: posts the ante 25
afdf21d: posts the ante 25
20155153: posts the ante 25
afdf21d: posts small blind 100
3e8ad768: posts big blind 200
*** HOLE CARDS ***
Dealt to 406026a 
Dealt to 284695b0 
Dealt to afdf21d 
Dealt to 3e8ad768 
Dealt to 65cb3832 
Dealt to 20155153 
Dealt to Hero [Jd 7h]
65cb3832: folds
20155153: folds
Hero: folds
406026a: folds
284695b0: folds
afdf21d: folds
Uncalled bet (100) returned to 3e8ad768
*** SHOWDOWN ***
3e8ad768 collected 375 from pot
*** SUMMARY ***
Total pot 375 | Rake 0 | Jackpot 0 | Bingo 0 | Fortune 0 | Tax 0
Seat 1: 406026a folded before Flop
Seat 3: 284695b0 (button) folded before Flop
Seat 4: afdf21d (small blind) folded before Flop
Seat 5: 3e8ad768 (big blind) collected (375)
Seat 6: 65cb3832 folded before Flop
Seat 7: 20155153 folded before Flop
Seat 8: Hero folded before Flop


Poker Hand #TM5570646507: Tournament #262414653, APL Series: ¥110 Zodiac Bounty + Rat Hold'em No Limit - Level5(100/200(25)) - 2026/02/10 16:18:17
Table '36' 8-max Seat #1 is the button
Seat 1: 406026a (20,101 in chips)
Seat 2: ed65a75f (1,473 in chips)
Seat 3: 284695b0 (17,473 in chips)
Seat 4: afdf21d (15,991 in chips)
Seat 5: 3e8ad768 (16,426 in chips)
Seat 6: 65cb3832 (10,040 in chips)
Seat 7: 20155153 (4,631 in chips)
Seat 8: Hero (10,000 in chips)
Hero: posts the ante 25
65cb3832: posts the ante 25
406026a: posts the ante 25
3e8ad768: posts the ante 25
ed65a75f: posts the ante 25
284695b0: posts the ante 25
afdf21d: posts the ante 25
20155153: posts the ante 25
ed65a75f: posts small blind 100
284695b0: posts big blind 200
*** HOLE CARDS ***
Dealt to 406026a 
Dealt to ed65a75f 
Dealt to 284695b0 
Dealt to afdf21d 
Dealt to 3e8ad768 
Dealt to 65cb3832 
Dealt to 20155153 
Dealt to Hero [Jh 3c]
afdf21d: folds
3e8ad768: folds
65cb3832: folds
20155153: raises 200 to 400
Hero: folds
406026a: calls 400
ed65a75f: raises 1,000 to 1,400
284695b0: folds
20155153: raises 3,206 to 4,606 and is all-in
406026a: folds
ed65a75f: calls 48 and is all-in
Uncalled bet (3,158) returned to 20155153
20155153: shows [Ah 4c]
ed65a75f: shows [7d Td]
*** FLOP *** [8h 5c 9c]
*** TURN *** [8h 5c 9c] [3d]
*** RIVER *** [8h 5c 9c 3d] [5d]
*** SHOWDOWN ***
20155153 collected 3,696 from pot
*** SUMMARY ***
Total pot 3,696 | Rake 0 | Jackpot 0 | Bingo 0 | Fortune 0 | Tax 0
Board [8h 5c 9c 3d 5d]
Seat 1: 406026a (button) folded before Flop
Seat 2: ed65a75f (small blind) showed [7d Td] and lost with a pair of Fives
Seat 3: 284695b0 (big blind) folded before Flop
Seat 4: afdf21d folded before Flop
Seat 5: 3e8ad768 folded before Flop
Seat 6: 65cb3832 folded before Flop
Seat 7: 20155153 showed [Ah 4c] and won (3,696) with a pair of Fives
Seat 8: Hero folded before Flop


