Poker Hand #TM5578198278: Tournament #262414903, APL Series: ¥110 Zodiac Bounty + Rat Hold'em No Limit - Level7(150/300(35)) - 2026/02/12 16:40:08
Table '35' 8-max Seat #5 is the button
Seat 1: c799816c (15,299 in chips)
Seat 2: 12df1763 (18,388 in chips)
Seat 3: 5dfaed61 (10,236 in chips)
Seat 4: 69d78c51 (31,475 in chips)
Seat 5: Hero (4,485 in chips)
Seat 6: 4701648b (5,666 in chips)
Seat 7: 47bec12e (34,165 in chips)
Seat 8: 8363e8bb (10,452 in chips)
c799816c: posts the ante 35
Hero: posts the ante 35
8363e8bb: posts the ante 35
4701648b: posts the ante 35
12df1763: posts the ante 35
47bec12e: posts the ante 35
69d78c51: posts the ante 35
5dfaed61: posts the ante 35
4701648b: posts small blind 150
47bec12e: posts big blind 300
*** HOLE CARDS ***
Dealt to c799816c 
Dealt to 12df1763 
Dealt to 5dfaed61 
Dealt to 69d78c51 
Dealt to Hero [Td 9d]
Dealt to 4701648b 
Dealt to 47bec12e 
Dealt to 8363e8bb 
8363e8bb: folds
c799816c: folds
12df1763: folds
5dfaed61: folds
69d78c51: raises 300 to 600
Hero: raises 3,850 to 4,450 and is all-in
4701648b: folds
47bec12e: folds
69d78c51: calls 3,850
Hero: shows [Td 9d]
69d78c51: shows [Qh Js]
*** FLOP *** [5h Ah 7s]
*** TURN *** [5h Ah 7s] [8s]
*** RIVER *** [5h Ah 7s 8s] [3h]
*** SHOWDOWN ***
69d78c51 collected 9,630 from pot
*** SUMMARY ***
Total pot 9,630 | Rake 0 | Jackpot 0 | Bingo 0 | Fortune 0 | Tax 0
Board [5h Ah 7s 8s 3h]
Seat 1: c799816c folded before Flop
Seat 2: 12df1763 folded before Flop
Seat 3: 5dfaed61 folded before Flop
Seat 4: 69d78c51 showed [Qh Js] and won (9,630) with Ace high
Seat 5: Hero (button) showed [Td 9d] and lost with Ace high
Seat 6: 4701648b (small blind) folded before Flop
Seat 7: 47bec12e (big blind) folded before Flop
Seat 8: 8363e8bb folded before Flop


Poker Hand #TM5578198270: Tournament #262414903, APL Series: ¥110 Zodiac Bounty + Rat Hold'em No Limit - Level7(150/300(35)) - 2026/02/12 16:39:33
Table '35' 8-max Seat #4 is the button
Seat 1: c799816c (15,334 in chips)
Seat 2: 12df1763 (18,423 in chips)
Seat 3: 5dfaed61 (9,541 in chips)
Seat 4: 69d78c51 (31,510 in chips)
Seat 5: Hero (4,670 in chips)
Seat 6: 4701648b (6,001 in chips)
Seat 7: 47bec12e (34,200 in chips)
Seat 8: 8363e8bb (10,487 in chips)
c799816c: posts the ante 35
Hero: posts the ante 35
8363e8bb: posts the ante 35
4701648b: posts the ante 35
12df1763: posts the ante 35
47bec12e: posts the ante 35
69d78c51: posts the ante 35
5dfaed61: posts the ante 35
Hero: posts small blind 150
4701648b: posts big blind 300
*** HOLE CARDS ***
Dealt to c799816c 
Dealt to 12df1763 
Dealt to 5dfaed61 
Dealt to 69d78c51 
Dealt to Hero [4h 5d]
Dealt to 4701648b 
Dealt to 47bec12e 
Dealt to 8363e8bb 
47bec12e: folds
8363e8bb: folds
c799816c: folds
12df1763: folds
5dfaed61: raises 300 to 600
69d78c51: folds
Hero: folds
4701648b: folds
Uncalled bet (300) returned to 5dfaed61
*** SHOWDOWN ***
5dfaed61 collected 1,030 from pot
*** SUMMARY ***
Total pot 1,030 | Rake 0 | Jackpot 0 | Bingo 0 | Fortune 0 | Tax 0
Seat 1: c799816c folded before Flop
Seat 2: 12df1763 folded before Flop
Seat 3: 5dfaed61 collected (1,030)
Seat 4: 69d78c51 (button) folded before Flop
Seat 5: Hero (small blind) folded before Flop
Seat 6: 4701648b (big blind) folded before Flop
Seat 7: 47bec12e folded before Flop
Seat 8: 8363e8bb folded before Flop


Poker Hand #TM5578198258: Tournament #262414903, APL Series: ¥110 Zodiac Bounty + Rat Hold'em No Limit - Level7(150/300(35)) - 2026/02/12 16:38:29
Table '35' 8-max Seat #3 is the button
Seat 1: c799816c (15,369 in chips)
Seat 2: 12df1763 (18,458 in chips)
Seat 3: 5dfaed61 (9,576 in chips)
Seat 4: 69d78c51 (33,740 in chips)
Seat 5: Hero (2,230 in chips)
Seat 6: 4701648b (6,036 in chips)
Seat 7: 47bec12e (34,235 in chips)
Seat 8: 8363e8bb (10,522 in chips)
c799816c: posts the ante 35
Hero: posts the ante 35
8363e8bb: posts the ante 35
4701648b: posts the ante 35
12df1763: posts the ante 35
47bec12e: posts the ante 35
5dfaed61: posts the ante 35
69d78c51: posts the ante 35
69d78c51: posts small blind 150
Hero: posts big blind 300
*** HOLE CARDS ***
Dealt to c799816c 
Dealt to 12df1763 
Dealt to 5dfaed61 
Dealt to 69d78c51 
Dealt to Hero [Ac 9c]
Dealt to 4701648b 
Dealt to 47bec12e 
Dealt to 8363e8bb 
4701648b: folds
47bec12e: folds
8363e8bb: folds
c799816c: folds
12df1763: folds
5dfaed61: folds
69d78c51: raises 11,400 to 11,700
Hero: calls 1,895 and is all-in
Uncalled bet (9,505) returned to 69d78c51
69d78c51: shows [4s Ad]
Hero: shows [Ac 9c]
*** FLOP *** [9h Jd Qh]
*** TURN *** [9h Jd Qh] [9s]
*** RIVER *** [9h Jd Qh 9s] [As]
*** SHOWDOWN ***
Hero collected 4,670 from pot
*** SUMMARY ***
Total pot 4,670 | Rake 0 | Jackpot 0 | Bingo 0 | Fortune 0 | Tax 0
Board [9h Jd Qh 9s As]
Seat 1: c799816c folded before Flop
Seat 2: 12df1763 folded before Flop
Seat 3: 5dfaed61 (button) folded before Flop
Seat 4: 69d78c51 (small blind) showed [4s Ad] and lost with two pair, Aces and Nines
Seat 5: Hero (big blind) showed [Ac 9c] and won (4,670) with a full house, Nines full of Aces
Seat 6: 4701648b folded before Flop
Seat 7: 47bec12e folded before Flop
Seat 8: 8363e8bb folded before Flop


Poker Hand #TM5578198249: Tournament #262414903, APL Series: ¥110 Zodiac Bounty + Rat Hold'em No Limit - Level7(150/300(35)) - 2026/02/12 16:37:51
Table '35' 8-max Seat #2 is the button
Seat 1: c799816c (15,404 in chips)
Seat 2: 12df1763 (18,493 in chips)
Seat 3: 5dfaed61 (9,761 in chips)
Seat 4: 69d78c51 (33,345 in chips)
Seat 5: Hero (2,265 in chips)
Seat 6: 4701648b (6,071 in chips)
Seat 7: 47bec12e (34,270 in chips)
Seat 8: 8363e8bb (10,557 in chips)
c799816c: posts the ante 35
Hero: posts the ante 35
8363e8bb: posts the ante 35
4701648b: posts the ante 35
12df1763: posts the ante 35
47bec12e: posts the ante 35
69d78c51: posts the ante 35
5dfaed61: posts the ante 35
5dfaed61: posts small blind 150
69d78c51: posts big blind 300
*** HOLE CARDS ***
Dealt to c799816c 
Dealt to 12df1763 
Dealt to 5dfaed61 
Dealt to 69d78c51 
Dealt to Hero [9c 5c]
Dealt to 4701648b 
Dealt to 47bec12e 
Dealt to 8363e8bb 
Hero: folds
4701648b: folds
47bec12e: folds
8363e8bb: folds
c799816c: folds
12df1763: folds
5dfaed61: folds
Uncalled bet (150) returned to 69d78c51
*** SHOWDOWN ***
69d78c51 collected 580 from pot
*** SUMMARY ***
Total pot 580 | Rake 0 | Jackpot 0 | Bingo 0 | Fortune 0 | Tax 0
Seat 1: c799816c folded before Flop
Seat 2: 12df1763 (button) folded before Flop
Seat 3: 5dfaed61 (small blind) folded before Flop
Seat 4: 69d78c51 (big blind) collected (580)
Seat 5: Hero folded before Flop
Seat 6: 4701648b folded before Flop
Seat 7: 47bec12e folded before Flop
Seat 8: 8363e8bb folded before Flop


Poker Hand #TM5578198236: Tournament #262414903, APL Series: ¥110 Zodiac Bounty + Rat Hold'em No Limit - Level7(150/300(35)) - 2026/02/12 16:36:35
Table '35' 8-max Seat #1 is the button
Seat 1: c799816c (15,439 in chips)
Seat 2: 12df1763 (18,678 in chips)
Seat 3: 5dfaed61 (8,228 in chips)
Seat 4: 69d78c51 (33,380 in chips)
Seat 5: Hero (2,300 in chips)
Seat 6: 4701648b (7,244 in chips)
Seat 7: 47bec12e (34,305 in chips)
Seat 8: 8363e8bb (10,592 in chips)
c799816c: posts the ante 35
Hero: posts the ante 35
8363e8bb: posts the ante 35
4701648b: posts the ante 35
12df1763: posts the ante 35
47bec12e: posts the ante 35
69d78c51: posts the ante 35
5dfaed61: posts the ante 35
12df1763: posts small blind 150
5dfaed61: posts big blind 300
*** HOLE CARDS ***
Dealt to c799816c 
Dealt to 12df1763 
Dealt to 5dfaed61 
Dealt to 69d78c51 
Dealt to Hero [2c Qs]
Dealt to 4701648b 
Dealt to 47bec12e 
Dealt to 8363e8bb 
69d78c51: folds
Hero: folds
4701648b: raises 300 to 600
47bec12e: folds
8363e8bb: folds
c799816c: folds
12df1763: folds
5dfaed61: calls 300
*** FLOP *** [9d 8d 8s]
5dfaed61: checks
4701648b: bets 538
5dfaed61: calls 538
*** TURN *** [9d 8d 8s] [7h]
5dfaed61: checks
4701648b: checks
*** RIVER *** [9d 8d 8s 7h] [6c]
5dfaed61: bets 1,299
4701648b: folds
Uncalled bet (1,299) returned to 5dfaed61
*** SHOWDOWN ***
5dfaed61 collected 2,706 from pot
*** SUMMARY ***
Total pot 2,706 | Rake 0 | Jackpot 0 | Bingo 0 | Fortune 0 | Tax 0
Board [9d 8d 8s 7h 6c]
Seat 1: c799816c (button) folded before Flop
Seat 2: 12df1763 (small blind) folded before Flop
Seat 3: 5dfaed61 (big blind) won (2,706)
Seat 4: 69d78c51 folded before Flop
Seat 5: Hero folded before Flop
Seat 6: 4701648b folded on the River
Seat 7: 47bec12e folded before Flop
Seat 8: 8363e8bb folded before Flop


Poker Hand #TM5578198206: Tournament #262414903, APL Series: ¥110 Zodiac Bounty + Rat Hold'em No Limit - Level6(125/250(30)) - 2026/02/12 16:34:12
Table '35' 8-max Seat #8 is the button
Seat 1: c799816c (18,317 in chips)
Seat 2: 12df1763 (18,958 in chips)
Seat 3: 5dfaed61 (8,258 in chips)
Seat 4: 69d78c51 (33,410 in chips)
Seat 5: Hero (2,330 in chips)
Seat 6: 4701648b (7,274 in chips)
Seat 7: 47bec12e (30,997 in chips)
Seat 8: 8363e8bb (10,622 in chips)
c799816c: posts the ante 30
Hero: posts the ante 30
8363e8bb: posts the ante 30
4701648b: posts the ante 30
12df1763: posts the ante 30
47bec12e: posts the ante 30
69d78c51: posts the ante 30
5dfaed61: posts the ante 30
c799816c: posts small blind 125
12df1763: posts big blind 250
*** HOLE CARDS ***
Dealt to c799816c 
Dealt to 12df1763 
Dealt to 5dfaed61 
Dealt to 69d78c51 
Dealt to Hero [8d 7s]
Dealt to 4701648b 
Dealt to 47bec12e 
Dealt to 8363e8bb 
5dfaed61: folds
69d78c51: folds
Hero: folds
4701648b: folds
47bec12e: raises 250 to 500
8363e8bb: folds
c799816c: calls 375
12df1763: folds
*** FLOP *** [Qd 3s 8s]
c799816c: checks
47bec12e: bets 492
c799816c: calls 492
*** TURN *** [Qd 3s 8s] [Jh]
c799816c: checks
47bec12e: bets 1,856
c799816c: calls 1,856
*** RIVER *** [Qd 3s 8s Jh] [Tc]
c799816c: checks
47bec12e: bets 28,119 and is all-in
c799816c: folds
Uncalled bet (28,119) returned to 47bec12e
*** SHOWDOWN ***
47bec12e collected 6,186 from pot
*** SUMMARY ***
Total pot 6,186 | Rake 0 | Jackpot 0 | Bingo 0 | Fortune 0 | Tax 0
Board [Qd 3s 8s Jh Tc]
Seat 1: c799816c (small blind) folded on the River
Seat 2: 12df1763 (big blind) folded before Flop
Seat 3: 5dfaed61 folded before Flop
Seat 4: 69d78c51 folded before Flop
Seat 5: Hero folded before Flop
Seat 6: 4701648b folded before Flop
Seat 7: 47bec12e won (6,186)
Seat 8: 8363e8bb (button) folded before Flop


Poker Hand #TM5578198194: Tournament #262414903, APL Series: ¥110 Zodiac Bounty + Rat Hold'em No Limit - Level6(125/250(30)) - 2026/02/12 16:32:59
Table '35' 8-max Seat #7 is the button
Seat 1: c799816c (18,597 in chips)
Seat 2: 12df1763 (18,988 in chips)
Seat 3: 5dfaed61 (8,288 in chips)
Seat 4: 69d78c51 (33,440 in chips)
Seat 5: Hero (2,360 in chips)
Seat 6: 4701648b (7,304 in chips)
Seat 7: 47bec12e (31,652 in chips)
Seat 8: 8363e8bb (9,537 in chips)
c799816c: posts the ante 30
Hero: posts the ante 30
4701648b: posts the ante 30
8363e8bb: posts the ante 30
12df1763: posts the ante 30
47bec12e: posts the ante 30
69d78c51: posts the ante 30
5dfaed61: posts the ante 30
8363e8bb: posts small blind 125
c799816c: posts big blind 250
*** HOLE CARDS ***
Dealt to c799816c 
Dealt to 12df1763 
Dealt to 5dfaed61 
Dealt to 69d78c51 
Dealt to Hero [Jc 5s]
Dealt to 4701648b 
Dealt to 47bec12e 
Dealt to 8363e8bb 
12df1763: folds
5dfaed61: folds
69d78c51: folds
Hero: folds
4701648b: folds
47bec12e: raises 375 to 625
8363e8bb: raises 1,305 to 1,930
c799816c: folds
47bec12e: folds
Uncalled bet (1,305) returned to 8363e8bb
*** SHOWDOWN ***
8363e8bb collected 1,740 from pot
*** SUMMARY ***
Total pot 1,740 | Rake 0 | Jackpot 0 | Bingo 0 | Fortune 0 | Tax 0
Seat 1: c799816c (big blind) folded before Flop
Seat 2: 12df1763 folded before Flop
Seat 3: 5dfaed61 folded before Flop
Seat 4: 69d78c51 folded before Flop
Seat 5: Hero folded before Flop
Seat 6: 4701648b folded before Flop
Seat 7: 47bec12e (button) folded before Flop
Seat 8: 8363e8bb (small blind) collected (1,740)


Poker Hand #TM5578198186: Tournament #262414903, APL Series: ¥110 Zodiac Bounty + Rat Hold'em No Limit - Level6(125/250(30)) - 2026/02/12 16:32:19
Table '35' 8-max Seat #6 is the button
Seat 1: c799816c (19,127 in chips)
Seat 2: 12df1763 (19,018 in chips)
Seat 3: 5dfaed61 (8,318 in chips)
Seat 4: 69d78c51 (32,355 in chips)
Seat 5: Hero (2,390 in chips)
Seat 6: 4701648b (7,334 in chips)
Seat 7: 47bec12e (31,807 in chips)
Seat 8: 8363e8bb (9,817 in chips)
c799816c: posts the ante 30
Hero: posts the ante 30
4701648b: posts the ante 30
8363e8bb: posts the ante 30
12df1763: posts the ante 30
47bec12e: posts the ante 30
69d78c51: posts the ante 30
5dfaed61: posts the ante 30
47bec12e: posts small blind 125
8363e8bb: posts big blind 250
*** HOLE CARDS ***
Dealt to c799816c 
Dealt to 12df1763 
Dealt to 5dfaed61 
Dealt to 69d78c51 
Dealt to Hero [3d 8c]
Dealt to 4701648b 
Dealt to 47bec12e 
Dealt to 8363e8bb 
c799816c: raises 250 to 500
12df1763: folds
5dfaed61: folds
69d78c51: raises 1,750 to 2,250
Hero: folds
4701648b: folds
47bec12e: folds
8363e8bb: folds
c799816c: folds
Uncalled bet (1,750) returned to 69d78c51
*** SHOWDOWN ***
69d78c51 collected 1,615 from pot
*** SUMMARY ***
Total pot 1,615 | Rake 0 | Jackpot 0 | Bingo 0 | Fortune 0 | Tax 0
Seat 1: c799816c folded before Flop
Seat 2: 12df1763 folded before Flop
Seat 3: 5dfaed61 folded before Flop
Seat 4: 69d78c51 collected (1,615)
Seat 5: Hero folded before Flop
Seat 6: 4701648b (button) folded before Flop
Seat 7: 47bec12e (small blind) folded before Flop
Seat 8: 8363e8bb (big blind) folded before Flop


Poker Hand #TM5578198161: Tournament #262414903, APL Series: ¥110 Zodiac Bounty + Rat Hold'em No Limit - Level6(125/250(30)) - 2026/02/12 16:29:53
Table '35' 8-max Seat #5 is the button
Seat 1: c799816c (19,157 in chips)
Seat 2: 12df1763 (19,048 in chips)
Seat 3: 5dfaed61 (8,348 in chips)
Seat 4: 69d78c51 (32,385 in chips)
Seat 5: Hero (2,420 in chips)
Seat 6: 4701648b (7,489 in chips)
Seat 7: 47bec12e (32,788 in chips)
Seat 8: 8363e8bb (8,531 in chips)
c799816c: posts the ante 30
Hero: posts the ante 30
8363e8bb: posts the ante 30
4701648b: posts the ante 30
12df1763: posts the ante 30
47bec12e: posts the ante 30
69d78c51: posts the ante 30
5dfaed61: posts the ante 30
4701648b: posts small blind 125
47bec12e: posts big blind 250
*** HOLE CARDS ***
Dealt to c799816c 
Dealt to 12df1763 
Dealt to 5dfaed61 
Dealt to 69d78c51 
Dealt to Hero [5c 8d]
Dealt to 4701648b 
Dealt to 47bec12e 
Dealt to 8363e8bb 
8363e8bb: raises 250 to 500
c799816c: folds
12df1763: folds
5dfaed61: folds
69d78c51: folds
Hero: folds
4701648b: folds
47bec12e: calls 250
*** FLOP *** [Jh 2h 4c]
47bec12e: checks
8363e8bb: bets 451
47bec12e: calls 451
*** TURN *** [Jh 2h 4c] [Td]
47bec12e: checks
8363e8bb: checks
*** RIVER *** [Jh 2h 4c Td] [Ts]
47bec12e: checks
8363e8bb: bets 1,134
47bec12e: folds
Uncalled bet (1,134) returned to 8363e8bb
*** SHOWDOWN ***
8363e8bb collected 2,267 from pot
*** SUMMARY ***
Total pot 2,267 | Rake 0 | Jackpot 0 | Bingo 0 | Fortune 0 | Tax 0
Board [Jh 2h 4c Td Ts]
Seat 1: c799816c folded before Flop
Seat 2: 12df1763 folded before Flop
Seat 3: 5dfaed61 folded before Flop
Seat 4: 69d78c51 folded before Flop
Seat 5: Hero (button) folded before Flop
Seat 6: 4701648b (small blind) folded before Flop
Seat 7: 47bec12e (big blind) folded on the River
Seat 8: 8363e8bb won (2,267)


Poker Hand #TM5578198154: Tournament #262414903, APL Series: ¥110 Zodiac Bounty + Rat Hold'em No Limit - Level6(125/250(30)) - 2026/02/12 16:29:09
Table '35' 8-max Seat #4 is the button
Seat 1: c799816c (19,187 in chips)
Seat 2: 12df1763 (17,963 in chips)
Seat 3: 5dfaed61 (8,378 in chips)
Seat 4: 69d78c51 (32,415 in chips)
Seat 5: Hero (2,575 in chips)
Seat 6: 4701648b (7,769 in chips)
Seat 7: 47bec12e (33,318 in chips)
Seat 8: 8363e8bb (8,561 in chips)
c799816c: posts the ante 30
Hero: posts the ante 30
8363e8bb: posts the ante 30
4701648b: posts the ante 30
12df1763: posts the ante 30
47bec12e: posts the ante 30
69d78c51: posts the ante 30
5dfaed61: posts the ante 30
Hero: posts small blind 125
4701648b: posts big blind 250
*** HOLE CARDS ***
Dealt to c799816c 
Dealt to 12df1763 
Dealt to 5dfaed61 
Dealt to 69d78c51 
Dealt to Hero [Kc Jd]
Dealt to 4701648b 
Dealt to 47bec12e 
Dealt to 8363e8bb 
47bec12e: raises 250 to 500
8363e8bb: folds
c799816c: folds
12df1763: raises 1,615 to 2,115
5dfaed61: folds
69d78c51: folds
Hero: folds
4701648b: folds
47bec12e: folds
Uncalled bet (1,615) returned to 12df1763
*** SHOWDOWN ***
12df1763 collected 1,615 from pot
*** SUMMARY ***
Total pot 1,615 | Rake 0 | Jackpot 0 | Bingo 0 | Fortune 0 | Tax 0
Seat 1: c799816c folded before Flop
Seat 2: 12df1763 collected (1,615)
Seat 3: 5dfaed61 folded before Flop
Seat 4: 69d78c51 (button) folded before Flop
Seat 5: Hero (small blind) folded before Flop
Seat 6: 4701648b (big blind) folded before Flop
Seat 7: 47bec12e folded before Flop
Seat 8: 8363e8bb folded before Flop


Poker Hand #TM5578198146: Tournament #262414903, APL Series: ¥110 Zodiac Bounty + Rat Hold'em No Limit - Level6(125/250(30)) - 2026/02/12 16:28:22
Table '35' 8-max Seat #3 is the button
Seat 1: c799816c (9,191 in chips)
Seat 2: 12df1763 (17,993 in chips)
Seat 3: 5dfaed61 (8,408 in chips)
Seat 4: 69d78c51 (32,570 in chips)
Seat 5: Hero (11,766 in chips)
Seat 6: 4701648b (8,299 in chips)
Seat 7: 47bec12e (33,348 in chips)
Seat 8: 8363e8bb (8,591 in chips)
c799816c: posts the ante 30
Hero: posts the ante 30
8363e8bb: posts the ante 30
4701648b: posts the ante 30
12df1763: posts the ante 30
47bec12e: posts the ante 30
5dfaed61: posts the ante 30
69d78c51: posts the ante 30
69d78c51: posts small blind 125
Hero: posts big blind 250
*** HOLE CARDS ***
Dealt to c799816c 
Dealt to 12df1763 
Dealt to 5dfaed61 
Dealt to 69d78c51 
Dealt to Hero [Ac Jd]
Dealt to 4701648b 
Dealt to 47bec12e 
Dealt to 8363e8bb 
4701648b: raises 250 to 500
47bec12e: folds
8363e8bb: folds
c799816c: raises 1,000 to 1,500
12df1763: folds
5dfaed61: folds
69d78c51: folds
Hero: raises 10,236 to 11,736 and is all-in
4701648b: folds
c799816c: calls 7,661 and is all-in
Uncalled bet (2,575) returned to Hero
Hero: shows [Ac Jd]
c799816c: shows [Kh Ad]
*** FLOP *** [Th 6h 9h]
*** TURN *** [Th 6h 9h] [Qh]
*** RIVER *** [Th 6h 9h Qh] [9d]
*** SHOWDOWN ***
c799816c collected 19,187 from pot
*** SUMMARY ***
Total pot 19,187 | Rake 0 | Jackpot 0 | Bingo 0 | Fortune 0 | Tax 0
Board [Th 6h 9h Qh 9d]
Seat 1: c799816c showed [Kh Ad] and won (19,187) with a flush King high
Seat 2: 12df1763 folded before Flop
Seat 3: 5dfaed61 (button) folded before Flop
Seat 4: 69d78c51 (small blind) folded before Flop
Seat 5: Hero (big blind) showed [Ac Jd] and lost with a pair of Nines
Seat 6: 4701648b folded before Flop
Seat 7: 47bec12e folded before Flop
Seat 8: 8363e8bb folded before Flop


Poker Hand #TM5578198140: Tournament #262414903, APL Series: ¥110 Zodiac Bounty + Rat Hold'em No Limit - Level6(125/250(30)) - 2026/02/12 16:27:53
Table '35' 8-max Seat #2 is the button
Seat 1: c799816c (9,221 in chips)
Seat 2: 12df1763 (18,023 in chips)
Seat 3: 5dfaed61 (8,563 in chips)
Seat 4: 69d78c51 (32,850 in chips)
Seat 5: Hero (11,796 in chips)
Seat 6: 4701648b (7,714 in chips)
Seat 7: 47bec12e (33,378 in chips)
Seat 8: 8363e8bb (8,621 in chips)
c799816c: posts the ante 30
Hero: posts the ante 30
8363e8bb: posts the ante 30
4701648b: posts the ante 30
12df1763: posts the ante 30
47bec12e: posts the ante 30
69d78c51: posts the ante 30
5dfaed61: posts the ante 30
5dfaed61: posts small blind 125
69d78c51: posts big blind 250
*** HOLE CARDS ***
Dealt to c799816c 
Dealt to 12df1763 
Dealt to 5dfaed61 
Dealt to 69d78c51 
Dealt to Hero [8c 9h]
Dealt to 4701648b 
Dealt to 47bec12e 
Dealt to 8363e8bb 
Hero: folds
4701648b: raises 250 to 500
47bec12e: folds
8363e8bb: folds
c799816c: folds
12df1763: folds
5dfaed61: folds
69d78c51: folds
Uncalled bet (250) returned to 4701648b
*** SHOWDOWN ***
4701648b collected 865 from pot
*** SUMMARY ***
Total pot 865 | Rake 0 | Jackpot 0 | Bingo 0 | Fortune 0 | Tax 0
Seat 1: c799816c folded before Flop
Seat 2: 12df1763 (button) folded before Flop
Seat 3: 5dfaed61 (small blind) folded before Flop
Seat 4: 69d78c51 (big blind) folded before Flop
Seat 5: Hero folded before Flop
Seat 6: 4701648b collected (865)
Seat 7: 47bec12e folded before Flop
Seat 8: 8363e8bb folded before Flop


Poker Hand #TM5578198129: Tournament #262414903, APL Series: ¥110 Zodiac Bounty + Rat Hold'em No Limit - Level6(125/250(30)) - 2026/02/12 16:26:49
Table '35' 8-max Seat #1 is the button
Seat 1: c799816c (9,251 in chips)
Seat 2: 12df1763 (15,505 in chips)
Seat 3: 5dfaed61 (8,843 in chips)
Seat 4: 69d78c51 (33,380 in chips)
Seat 5: Hero (13,384 in chips)
Seat 6: 4701648b (7,744 in chips)
Seat 7: 47bec12e (33,408 in chips)
Seat 8: 8363e8bb (8,651 in chips)
c799816c: posts the ante 30
Hero: posts the ante 30
8363e8bb: posts the ante 30
4701648b: posts the ante 30
12df1763: posts the ante 30
47bec12e: posts the ante 30
69d78c51: posts the ante 30
5dfaed61: posts the ante 30
12df1763: posts small blind 125
5dfaed61: posts big blind 250
*** HOLE CARDS ***
Dealt to c799816c 
Dealt to 12df1763 
Dealt to 5dfaed61 
Dealt to 69d78c51 
Dealt to Hero [9d 7d]
Dealt to 4701648b 
Dealt to 47bec12e 
Dealt to 8363e8bb 
69d78c51: raises 250 to 500
Hero: raises 1,058 to 1,558
4701648b: folds
47bec12e: folds
8363e8bb: folds
c799816c: folds
12df1763: raises 4,106 to 5,664
5dfaed61: folds
69d78c51: folds
Hero: folds
Uncalled bet (4,106) returned to 12df1763
*** SHOWDOWN ***
12df1763 collected 4,106 from pot
*** SUMMARY ***
Total pot 4,106 | Rake 0 | Jackpot 0 | Bingo 0 | Fortune 0 | Tax 0
Seat 1: c799816c (button) folded before Flop
Seat 2: 12df1763 (small blind) collected (4,106)
Seat 3: 5dfaed61 (big blind) folded before Flop
Seat 4: 69d78c51 folded before Flop
Seat 5: Hero folded before Flop
Seat 6: 4701648b folded before Flop
Seat 7: 47bec12e folded before Flop
Seat 8: 8363e8bb folded before Flop


Poker Hand #TM5578198127: Tournament #262414903, APL Series: ¥110 Zodiac Bounty + Rat Hold'em No Limit - Level6(125/250(30)) - 2026/02/12 16:26:34
Table '35' 8-max Seat #8 is the button
Seat 1: c799816c (9,406 in chips)
Seat 2: 12df1763 (15,170 in chips)
Seat 3: 5dfaed61 (8,873 in chips)
Seat 4: 69d78c51 (33,410 in chips)
Seat 5: Hero (13,414 in chips)
Seat 6: 4701648b (7,774 in chips)
Seat 7: 47bec12e (33,438 in chips)
Seat 8: 8363e8bb (8,681 in chips)
c799816c: posts the ante 30
Hero: posts the ante 30
8363e8bb: posts the ante 30
4701648b: posts the ante 30
12df1763: posts the ante 30
47bec12e: posts the ante 30
69d78c51: posts the ante 30
5dfaed61: posts the ante 30
c799816c: posts small blind 125
12df1763: posts big blind 250
*** HOLE CARDS ***
Dealt to c799816c 
Dealt to 12df1763 
Dealt to 5dfaed61 
Dealt to 69d78c51 
Dealt to Hero [3d Qh]
Dealt to 4701648b 
Dealt to 47bec12e 
Dealt to 8363e8bb 
5dfaed61: folds
69d78c51: folds
Hero: folds
4701648b: folds
47bec12e: folds
8363e8bb: folds
c799816c: folds
Uncalled bet (125) returned to 12df1763
*** SHOWDOWN ***
12df1763 collected 490 from pot
*** SUMMARY ***
Total pot 490 | Rake 0 | Jackpot 0 | Bingo 0 | Fortune 0 | Tax 0
Seat 1: c799816c (small blind) folded before Flop
Seat 2: 12df1763 (big blind) collected (490)
Seat 3: 5dfaed61 folded before Flop
Seat 4: 69d78c51 folded before Flop
Seat 5: Hero folded before Flop
Seat 6: 4701648b folded before Flop
Seat 7: 47bec12e folded before Flop
Seat 8: 8363e8bb (button) folded before Flop


Poker Hand #TM5578198107: Tournament #262414903, APL Series: ¥110 Zodiac Bounty + Rat Hold'em No Limit - Level5(100/200(25)) - 2026/02/12 16:24:02
Table '35' 8-max Seat #7 is the button
Seat 1: c799816c (10,425 in chips)
Seat 2: 12df1763 (15,195 in chips)
Seat 3: 5dfaed61 (8,898 in chips)
Seat 4: 69d78c51 (34,429 in chips)
Seat 5: Hero (13,439 in chips)
Seat 6: 4701648b (7,799 in chips)
Seat 7: 47bec12e (30,281 in chips)
Seat 8: 8363e8bb (9,700 in chips)
c799816c: posts the ante 25
Hero: posts the ante 25
4701648b: posts the ante 25
8363e8bb: posts the ante 25
12df1763: posts the ante 25
47bec12e: posts the ante 25
69d78c51: posts the ante 25
5dfaed61: posts the ante 25
8363e8bb: posts small blind 100
c799816c: posts big blind 200
*** HOLE CARDS ***
Dealt to c799816c 
Dealt to 12df1763 
Dealt to 5dfaed61 
Dealt to 69d78c51 
Dealt to Hero [3d 5h]
Dealt to 4701648b 
Dealt to 47bec12e 
Dealt to 8363e8bb 
12df1763: folds
5dfaed61: folds
69d78c51: raises 200 to 400
Hero: folds
4701648b: folds
47bec12e: calls 400
8363e8bb: calls 300
c799816c: calls 200
*** FLOP *** [8c Td Kd]
8363e8bb: checks
c799816c: checks
69d78c51: bets 594
47bec12e: calls 594
8363e8bb: calls 594
c799816c: calls 594
*** TURN *** [8c Td Kd] [7d]
8363e8bb: checks
c799816c: checks
69d78c51: checks
47bec12e: checks
*** RIVER *** [8c Td Kd 7d] [7h]
8363e8bb: checks
c799816c: checks
69d78c51: checks
47bec12e: checks
8363e8bb: shows [Tc Jc] (two pair, Tens and Sevens)
c799816c: shows [8s 9h] (two pair, Eights and Sevens)
69d78c51: shows [Qs As] (a pair of Sevens)
47bec12e: shows [2s Ks] (two pair, Kings and Sevens)
*** SHOWDOWN ***
47bec12e collected 4,176 from pot
*** SUMMARY ***
Total pot 4,176 | Rake 0 | Jackpot 0 | Bingo 0 | Fortune 0 | Tax 0
Board [8c Td Kd 7d 7h]
Seat 1: c799816c (big blind) showed [8s 9h] and lost with two pair, Eights and Sevens
Seat 2: 12df1763 folded before Flop
Seat 3: 5dfaed61 folded before Flop
Seat 4: 69d78c51 showed [Qs As] and lost with a pair of Sevens
Seat 5: Hero folded before Flop
Seat 6: 4701648b folded before Flop
Seat 7: 47bec12e (button) showed [2s Ks] and won (4,176) with two pair, Kings and Sevens
Seat 8: 8363e8bb (small blind) showed [Tc Jc] and lost with two pair, Tens and Sevens


Poker Hand #TM5578198101: Tournament #262414903, APL Series: ¥110 Zodiac Bounty + Rat Hold'em No Limit - Level5(100/200(25)) - 2026/02/12 16:23:30
Table '35' 8-max Seat #6 is the button
Seat 1: c799816c (10,450 in chips)
Seat 2: 12df1763 (15,220 in chips)
Seat 3: 5dfaed61 (8,923 in chips)
Seat 4: 69d78c51 (33,954 in chips)
Seat 5: Hero (13,464 in chips)
Seat 6: 4701648b (7,824 in chips)
Seat 7: 47bec12e (30,406 in chips)
Seat 8: 8363e8bb (9,925 in chips)
c799816c: posts the ante 25
Hero: posts the ante 25
4701648b: posts the ante 25
8363e8bb: posts the ante 25
12df1763: posts the ante 25
47bec12e: posts the ante 25
69d78c51: posts the ante 25
5dfaed61: posts the ante 25
47bec12e: posts small blind 100
8363e8bb: posts big blind 200
*** HOLE CARDS ***
Dealt to c799816c 
Dealt to 12df1763 
Dealt to 5dfaed61 
Dealt to 69d78c51 
Dealt to Hero [6c Th]
Dealt to 4701648b 
Dealt to 47bec12e 
Dealt to 8363e8bb 
c799816c: folds
12df1763: folds
5dfaed61: folds
69d78c51: raises 200 to 400
Hero: folds
4701648b: folds
47bec12e: folds
8363e8bb: folds
Uncalled bet (200) returned to 69d78c51
*** SHOWDOWN ***
69d78c51 collected 700 from pot
*** SUMMARY ***
Total pot 700 | Rake 0 | Jackpot 0 | Bingo 0 | Fortune 0 | Tax 0
Seat 1: c799816c folded before Flop
Seat 2: 12df1763 folded before Flop
Seat 3: 5dfaed61 folded before Flop
Seat 4: 69d78c51 collected (700)
Seat 5: Hero folded before Flop
Seat 6: 4701648b (button) folded before Flop
Seat 7: 47bec12e (small blind) folded before Flop
Seat 8: 8363e8bb (big blind) folded before Flop


Poker Hand #TM5578198095: Tournament #262414903, APL Series: ¥110 Zodiac Bounty + Rat Hold'em No Limit - Level5(100/200(25)) - 2026/02/12 16:22:44
Table '35' 8-max Seat #5 is the button
Seat 1: c799816c (10,475 in chips)
Seat 2: 12df1763 (15,245 in chips)
Seat 3: 5dfaed61 (8,948 in chips)
Seat 4: 69d78c51 (33,979 in chips)
Seat 5: Hero (13,489 in chips)
Seat 6: 4701648b (7,449 in chips)
Seat 7: 47bec12e (30,631 in chips)
Seat 8: 8363e8bb (9,950 in chips)
c799816c: posts the ante 25
Hero: posts the ante 25
8363e8bb: posts the ante 25
4701648b: posts the ante 25
12df1763: posts the ante 25
47bec12e: posts the ante 25
69d78c51: posts the ante 25
5dfaed61: posts the ante 25
4701648b: posts small blind 100
47bec12e: posts big blind 200
*** HOLE CARDS ***
Dealt to c799816c 
Dealt to 12df1763 
Dealt to 5dfaed61 
Dealt to 69d78c51 
Dealt to Hero [Js 3d]
Dealt to 4701648b 
Dealt to 47bec12e 
Dealt to 8363e8bb 
8363e8bb: folds
c799816c: folds
12df1763: folds
5dfaed61: folds
69d78c51: folds
Hero: folds
4701648b: raises 500 to 700
47bec12e: folds
Uncalled bet (500) returned to 4701648b
*** SHOWDOWN ***
4701648b collected 600 from pot
*** SUMMARY ***
Total pot 600 | Rake 0 | Jackpot 0 | Bingo 0 | Fortune 0 | Tax 0
Seat 1: c799816c folded before Flop
Seat 2: 12df1763 folded before Flop
Seat 3: 5dfaed61 folded before Flop
Seat 4: 69d78c51 folded before Flop
Seat 5: Hero (button) folded before Flop
Seat 6: 4701648b (small blind) collected (600)
Seat 7: 47bec12e (big blind) folded before Flop
Seat 8: 8363e8bb folded before Flop


Poker Hand #TM5578198087: Tournament #262414903, APL Series: ¥110 Zodiac Bounty + Rat Hold'em No Limit - Level5(100/200(25)) - 2026/02/12 16:21:54
Table '35' 8-max Seat #4 is the button
Seat 1: c799816c (10,000 in chips)
Seat 2: 12df1763 (15,270 in chips)
Seat 3: 5dfaed61 (8,973 in chips)
Seat 4: 69d78c51 (34,004 in chips)
Seat 5: Hero (13,614 in chips)
Seat 6: 4701648b (7,674 in chips)
Seat 7: 47bec12e (30,656 in chips)
Seat 8: 8363e8bb (9,975 in chips)
c799816c: posts the ante 25
Hero: posts the ante 25
8363e8bb: posts the ante 25
4701648b: posts the ante 25
12df1763: posts the ante 25
47bec12e: posts the ante 25
69d78c51: posts the ante 25
5dfaed61: posts the ante 25
Hero: posts small blind 100
4701648b: posts big blind 200
*** HOLE CARDS ***
Dealt to c799816c 
Dealt to 12df1763 
Dealt to 5dfaed61 
Dealt to 69d78c51 
Dealt to Hero [4c Qs]
Dealt to 4701648b 
Dealt to 47bec12e 
Dealt to 8363e8bb 
47bec12e: folds
8363e8bb: folds
c799816c: raises 240 to 440
12df1763: folds
5dfaed61: folds
69d78c51: folds
Hero: folds
4701648b: folds
Uncalled bet (240) returned to c799816c
*** SHOWDOWN ***
c799816c collected 700 from pot
*** SUMMARY ***
Total pot 700 | Rake 0 | Jackpot 0 | Bingo 0 | Fortune 0 | Tax 0
Seat 1: c799816c collected (700)
Seat 2: 12df1763 folded before Flop
Seat 3: 5dfaed61 folded before Flop
Seat 4: 69d78c51 (button) folded before Flop
Seat 5: Hero (small blind) folded before Flop
Seat 6: 4701648b (big blind) folded before Flop
Seat 7: 47bec12e folded before Flop
Seat 8: 8363e8bb folded before Flop


Poker Hand #TM5578198077: Tournament #262414903, APL Series: ¥110 Zodiac Bounty + Rat Hold'em No Limit - Level5(100/200(25)) - 2026/02/12 16:20:45
Table '35' 8-max Seat #3 is the button
Seat 2: 12df1763 (15,295 in chips)
Seat 3: 5dfaed61 (9,418 in chips)
Seat 4: 69d78c51 (34,129 in chips)
Seat 5: Hero (12,944 in chips)
Seat 6: 4701648b (7,699 in chips)
Seat 7: 47bec12e (30,681 in chips)
Seat 8: 8363e8bb (10,000 in chips)
Hero: posts the ante 25
8363e8bb: posts the ante 25
4701648b: posts the ante 25
12df1763: posts the ante 25
47bec12e: posts the ante 25
5dfaed61: posts the ante 25
69d78c51: posts the ante 25
69d78c51: posts small blind 100
Hero: posts big blind 200
*** HOLE CARDS ***
Dealt to 12df1763 
Dealt to 5dfaed61 
Dealt to 69d78c51 
Dealt to Hero [9h 7d]
Dealt to 4701648b 
Dealt to 47bec12e 
Dealt to 8363e8bb 
4701648b: folds
47bec12e: folds
8363e8bb: folds
12df1763: folds
5dfaed61: raises 220 to 420
69d78c51: folds
Hero: calls 220
*** FLOP *** [6s 8c 9c]
Hero: checks
5dfaed61: checks
*** TURN *** [6s 8c 9c] [3h]
Hero: bets 837
5dfaed61: folds
Uncalled bet (837) returned to Hero
*** SHOWDOWN ***
Hero collected 1,115 from pot
*** SUMMARY ***
Total pot 1,115 | Rake 0 | Jackpot 0 | Bingo 0 | Fortune 0 | Tax 0
Board [6s 8c 9c 3h]
Seat 2: 12df1763 folded before Flop
Seat 3: 5dfaed61 (button) folded on the Turn
Seat 4: 69d78c51 (small blind) folded before Flop
Seat 5: Hero (big blind) won (1,115)
Seat 6: 4701648b folded before Flop
Seat 7: 47bec12e folded before Flop
Seat 8: 8363e8bb folded before Flop


Poker Hand #TM5578198065: Tournament #262414903, APL Series: ¥110 Zodiac Bounty + Rat Hold'em No Limit - Level5(100/200(25)) - 2026/02/12 16:19:49
Table '35' 8-max Seat #2 is the button
Seat 1: 812556e2 (9,277 in chips)
Seat 2: 12df1763 (15,320 in chips)
Seat 3: 5dfaed61 (9,543 in chips)
Seat 4: 69d78c51 (34,354 in chips)
Seat 5: Hero (12,969 in chips)
Seat 6: 4701648b (7,724 in chips)
Seat 7: 47bec12e (20,979 in chips)
Hero: posts the ante 25
4701648b: posts the ante 25
12df1763: posts the ante 25
47bec12e: posts the ante 25
812556e2: posts the ante 25
69d78c51: posts the ante 25
5dfaed61: posts the ante 25
5dfaed61: posts small blind 100
69d78c51: posts big blind 200
*** HOLE CARDS ***
Dealt to 812556e2 
Dealt to 12df1763 
Dealt to 5dfaed61 
Dealt to 69d78c51 
Dealt to Hero [Jh 8d]
Dealt to 4701648b 
Dealt to 47bec12e 
Hero: folds
4701648b: folds
47bec12e: raises 200 to 400
812556e2: raises 860 to 1,260
12df1763: folds
5dfaed61: folds
69d78c51: folds
47bec12e: raises 19,694 to 20,954 and is all-in
812556e2: calls 7,992 and is all-in
Uncalled bet (11,702) returned to 47bec12e
47bec12e: shows [Kh As]
812556e2: shows [Js Qs]
*** FLOP *** [5d 7c Tc]
*** TURN *** [5d 7c Tc] [Td]
*** RIVER *** [5d 7c Tc Td] [2h]
*** SHOWDOWN ***
47bec12e collected 18,979 from pot
*** SUMMARY ***
Total pot 18,979 | Rake 0 | Jackpot 0 | Bingo 0 | Fortune 0 | Tax 0
Board [5d 7c Tc Td 2h]
Seat 1: 812556e2 showed [Js Qs] and lost with a pair of Tens
Seat 2: 12df1763 (button) folded before Flop
Seat 3: 5dfaed61 (small blind) folded before Flop
Seat 4: 69d78c51 (big blind) folded before Flop
Seat 5: Hero folded before Flop
Seat 6: 4701648b folded before Flop
Seat 7: 47bec12e showed [Kh As] and won (18,979) with a pair of Tens


Poker Hand #TM5578198056: Tournament #262414903, APL Series: ¥110 Zodiac Bounty + Rat Hold'em No Limit - Level5(100/200(25)) - 2026/02/12 16:18:54
Table '35' 8-max Seat #1 is the button
Seat 1: 812556e2 (9,302 in chips)
Seat 2: 12df1763 (15,445 in chips)
Seat 3: 5dfaed61 (9,768 in chips)
Seat 4: 69d78c51 (34,379 in chips)
Seat 5: Hero (12,994 in chips)
Seat 6: 4701648b (8,149 in chips)
Seat 7: 47bec12e (20,129 in chips)
Hero: posts the ante 25
4701648b: posts the ante 25
12df1763: posts the ante 25
47bec12e: posts the ante 25
812556e2: posts the ante 25
69d78c51: posts the ante 25
5dfaed61: posts the ante 25
12df1763: posts small blind 100
5dfaed61: posts big blind 200
*** HOLE CARDS ***
Dealt to 812556e2 
Dealt to 12df1763 
Dealt to 5dfaed61 
Dealt to 69d78c51 
Dealt to Hero [Tc 6s]
Dealt to 4701648b 
Dealt to 47bec12e 
69d78c51: folds
Hero: folds
4701648b: raises 200 to 400
47bec12e: raises 957 to 1,357
812556e2: folds
12df1763: folds
5dfaed61: folds
4701648b: folds
Uncalled bet (957) returned to 47bec12e
*** SHOWDOWN ***
47bec12e collected 1,275 from pot
*** SUMMARY ***
Total pot 1,275 | Rake 0 | Jackpot 0 | Bingo 0 | Fortune 0 | Tax 0
Seat 1: 812556e2 (button) folded before Flop
Seat 2: 12df1763 (small blind) folded before Flop
Seat 3: 5dfaed61 (big blind) folded before Flop
Seat 4: 69d78c51 folded before Flop
Seat 5: Hero folded before Flop
Seat 6: 4701648b folded before Flop
Seat 7: 47bec12e collected (1,275)


Poker Hand #TM5578198048: Tournament #262414903, APL Series: ¥110 Zodiac Bounty + Rat Hold'em No Limit - Level5(100/200(25)) - 2026/02/12 16:17:59
Table '35' 8-max Seat #8 is the button
Seat 1: 812556e2 (9,427 in chips)
Seat 2: 12df1763 (15,670 in chips)
Seat 3: 5dfaed61 (9,793 in chips)
Seat 4: 69d78c51 (28,107 in chips)
Seat 5: Hero (13,019 in chips)
Seat 6: 4701648b (9,374 in chips)
Seat 7: 47bec12e (20,154 in chips)
Seat 8: ae44f1ed (4,622 in chips)
Hero: posts the ante 25
4701648b: posts the ante 25
12df1763: posts the ante 25
ae44f1ed: posts the ante 25
47bec12e: posts the ante 25
812556e2: posts the ante 25
69d78c51: posts the ante 25
5dfaed61: posts the ante 25
812556e2: posts small blind 100
12df1763: posts big blind 200
*** HOLE CARDS ***
Dealt to 812556e2 
Dealt to 12df1763 
Dealt to 5dfaed61 
Dealt to 69d78c51 
Dealt to Hero [Td 3c]
Dealt to 4701648b 
Dealt to 47bec12e 
Dealt to ae44f1ed 
5dfaed61: folds
69d78c51: raises 200 to 400
Hero: folds
4701648b: raises 800 to 1,200
47bec12e: folds
ae44f1ed: raises 3,397 to 4,597 and is all-in
812556e2: folds
12df1763: folds
69d78c51: raises 3,397 to 7,994
4701648b: folds
Uncalled bet (3,397) returned to 69d78c51
69d78c51: shows [Js 8s]
ae44f1ed: shows [Kh Kc]
*** FLOP *** [6h 8c Qd]
*** TURN *** [6h 8c Qd] [Jc]
*** RIVER *** [6h 8c Qd Jc] [4h]
*** SHOWDOWN ***
69d78c51 collected 10,894 from pot
*** SUMMARY ***
Total pot 10,894 | Rake 0 | Jackpot 0 | Bingo 0 | Fortune 0 | Tax 0
Board [6h 8c Qd Jc 4h]
Seat 1: 812556e2 (small blind) folded before Flop
Seat 2: 12df1763 (big blind) folded before Flop
Seat 3: 5dfaed61 folded before Flop
Seat 4: 69d78c51 showed [Js 8s] and won (10,894) with two pair, Jacks and Eights
Seat 5: Hero folded before Flop
Seat 6: 4701648b folded before Flop
Seat 7: 47bec12e folded before Flop
Seat 8: ae44f1ed (button) showed [Kh Kc] and lost with a pair of Kings


Poker Hand #TM5578198031: Tournament #262414903, APL Series: ¥110 Zodiac Bounty + Rat Hold'em No Limit - Level4(75/150(18)) - 2026/02/12 16:15:39
Table '35' 8-max Seat #7 is the button
Seat 1: 812556e2 (9,595 in chips)
Seat 2: 12df1763 (15,688 in chips)
Seat 3: 5dfaed61 (9,811 in chips)
Seat 4: 69d78c51 (28,125 in chips)
Seat 5: Hero (13,037 in chips)
Seat 6: 4701648b (7,389 in chips)
Seat 7: 47bec12e (20,172 in chips)
Seat 8: ae44f1ed (6,349 in chips)
Hero: posts the ante 18
4701648b: posts the ante 18
12df1763: posts the ante 18
ae44f1ed: posts the ante 18
47bec12e: posts the ante 18
812556e2: posts the ante 18
69d78c51: posts the ante 18
5dfaed61: posts the ante 18
ae44f1ed: posts small blind 75
812556e2: posts big blind 150
*** HOLE CARDS ***
Dealt to 812556e2 
Dealt to 12df1763 
Dealt to 5dfaed61 
Dealt to 69d78c51 
Dealt to Hero [8c Qd]
Dealt to 4701648b 
Dealt to 47bec12e 
Dealt to ae44f1ed 
12df1763: folds
5dfaed61: folds
69d78c51: folds
Hero: folds
4701648b: raises 150 to 300
47bec12e: folds
ae44f1ed: raises 671 to 971
812556e2: folds
4701648b: calls 671
*** FLOP *** [7s 6d 4s]
ae44f1ed: bets 738
4701648b: raises 1,137 to 1,875
ae44f1ed: folds
Uncalled bet (1,137) returned to 4701648b
*** SHOWDOWN ***
4701648b collected 3,712 from pot
*** SUMMARY ***
Total pot 3,712 | Rake 0 | Jackpot 0 | Bingo 0 | Fortune 0 | Tax 0
Board [7s 6d 4s]
Seat 1: 812556e2 (big blind) folded before Flop
Seat 2: 12df1763 folded before Flop
Seat 3: 5dfaed61 folded before Flop
Seat 4: 69d78c51 folded before Flop
Seat 5: Hero folded before Flop
Seat 6: 4701648b won (3,712)
Seat 7: 47bec12e (button) folded before Flop
Seat 8: ae44f1ed (small blind) folded on the Flop


Poker Hand #TM5578198026: Tournament #262414903, APL Series: ¥110 Zodiac Bounty + Rat Hold'em No Limit - Level4(75/150(18)) - 2026/02/12 16:14:59
Table '35' 8-max Seat #6 is the button
Seat 1: 812556e2 (9,613 in chips)
Seat 2: 12df1763 (15,706 in chips)
Seat 3: 5dfaed61 (9,829 in chips)
Seat 4: 69d78c51 (27,774 in chips)
Seat 5: Hero (13,055 in chips)
Seat 6: 4701648b (7,407 in chips)
Seat 7: 47bec12e (20,265 in chips)
Seat 8: ae44f1ed (6,517 in chips)
Hero: posts the ante 18
4701648b: posts the ante 18
12df1763: posts the ante 18
ae44f1ed: posts the ante 18
47bec12e: posts the ante 18
812556e2: posts the ante 18
69d78c51: posts the ante 18
5dfaed61: posts the ante 18
47bec12e: posts small blind 75
ae44f1ed: posts big blind 150
*** HOLE CARDS ***
Dealt to 812556e2 
Dealt to 12df1763 
Dealt to 5dfaed61 
Dealt to 69d78c51 
Dealt to Hero [8d 3c]
Dealt to 4701648b 
Dealt to 47bec12e 
Dealt to ae44f1ed 
812556e2: folds
12df1763: folds
5dfaed61: folds
69d78c51: raises 150 to 300
Hero: folds
4701648b: folds
47bec12e: folds
ae44f1ed: folds
Uncalled bet (150) returned to 69d78c51
*** SHOWDOWN ***
69d78c51 collected 519 from pot
*** SUMMARY ***
Total pot 519 | Rake 0 | Jackpot 0 | Bingo 0 | Fortune 0 | Tax 0
Seat 1: 812556e2 folded before Flop
Seat 2: 12df1763 folded before Flop
Seat 3: 5dfaed61 folded before Flop
Seat 4: 69d78c51 collected (519)
Seat 5: Hero folded before Flop
Seat 6: 4701648b (button) folded before Flop
Seat 7: 47bec12e (small blind) folded before Flop
Seat 8: ae44f1ed (big blind) folded before Flop


Poker Hand #TM5578198022: Tournament #262414903, APL Series: ¥110 Zodiac Bounty + Rat Hold'em No Limit - Level4(75/150(18)) - 2026/02/12 16:14:31
Table '35' 8-max Seat #5 is the button
Seat 1: 812556e2 (9,631 in chips)
Seat 2: 12df1763 (15,724 in chips)
Seat 3: 5dfaed61 (9,847 in chips)
Seat 4: 69d78c51 (27,792 in chips)
Seat 5: Hero (13,073 in chips)
Seat 6: 4701648b (7,500 in chips)
Seat 7: 47bec12e (20,433 in chips)
Seat 8: ae44f1ed (6,166 in chips)
Hero: posts the ante 18
4701648b: posts the ante 18
12df1763: posts the ante 18
ae44f1ed: posts the ante 18
47bec12e: posts the ante 18
812556e2: posts the ante 18
69d78c51: posts the ante 18
5dfaed61: posts the ante 18
4701648b: posts small blind 75
47bec12e: posts big blind 150
*** HOLE CARDS ***
Dealt to 812556e2 
Dealt to 12df1763 
Dealt to 5dfaed61 
Dealt to 69d78c51 
Dealt to Hero [8d 2h]
Dealt to 4701648b 
Dealt to 47bec12e 
Dealt to ae44f1ed 
ae44f1ed: raises 150 to 300
812556e2: folds
12df1763: folds
5dfaed61: folds
69d78c51: folds
Hero: folds
4701648b: folds
47bec12e: folds
Uncalled bet (150) returned to ae44f1ed
*** SHOWDOWN ***
ae44f1ed collected 519 from pot
*** SUMMARY ***
Total pot 519 | Rake 0 | Jackpot 0 | Bingo 0 | Fortune 0 | Tax 0
Seat 1: 812556e2 folded before Flop
Seat 2: 12df1763 folded before Flop
Seat 3: 5dfaed61 folded before Flop
Seat 4: 69d78c51 folded before Flop
Seat 5: Hero (button) folded before Flop
Seat 6: 4701648b (small blind) folded before Flop
Seat 7: 47bec12e (big blind) folded before Flop
Seat 8: ae44f1ed collected (519)


Poker Hand #TM5578198014: Tournament #262414903, APL Series: ¥110 Zodiac Bounty + Rat Hold'em No Limit - Level4(75/150(18)) - 2026/02/12 16:13:34
Table '35' 8-max Seat #4 is the button
Seat 1: 812556e2 (9,649 in chips)
Seat 2: 12df1763 (15,742 in chips)
Seat 3: 5dfaed61 (9,865 in chips)
Seat 4: 69d78c51 (27,810 in chips)
Seat 5: Hero (13,166 in chips)
Seat 6: 4701648b (6,384 in chips)
Seat 7: 47bec12e (20,451 in chips)
Seat 8: ae44f1ed (7,099 in chips)
Hero: posts the ante 18
4701648b: posts the ante 18
12df1763: posts the ante 18
ae44f1ed: posts the ante 18
47bec12e: posts the ante 18
812556e2: posts the ante 18
69d78c51: posts the ante 18
5dfaed61: posts the ante 18
Hero: posts small blind 75
4701648b: posts big blind 150
*** HOLE CARDS ***
Dealt to 812556e2 
Dealt to 12df1763 
Dealt to 5dfaed61 
Dealt to 69d78c51 
Dealt to Hero [5c Qh]
Dealt to 4701648b 
Dealt to 47bec12e 
Dealt to ae44f1ed 
47bec12e: folds
ae44f1ed: raises 150 to 300
812556e2: folds
12df1763: folds
5dfaed61: folds
69d78c51: folds
Hero: folds
4701648b: calls 150
*** FLOP *** [7s 6s 4h]
4701648b: checks
ae44f1ed: checks
*** TURN *** [7s 6s 4h] [8s]
4701648b: bets 615
ae44f1ed: calls 615
*** RIVER *** [7s 6s 4h 8s] [2c]
4701648b: bets 1,800
ae44f1ed: folds
Uncalled bet (1,800) returned to 4701648b
*** SHOWDOWN ***
4701648b collected 2,049 from pot
*** SUMMARY ***
Total pot 2,049 | Rake 0 | Jackpot 0 | Bingo 0 | Fortune 0 | Tax 0
Board [7s 6s 4h 8s 2c]
Seat 1: 812556e2 folded before Flop
Seat 2: 12df1763 folded before Flop
Seat 3: 5dfaed61 folded before Flop
Seat 4: 69d78c51 (button) folded before Flop
Seat 5: Hero (small blind) folded before Flop
Seat 6: 4701648b (big blind) won (2,049)
Seat 7: 47bec12e folded before Flop
Seat 8: ae44f1ed folded on the River


Poker Hand #TM5578198006: Tournament #262414903, APL Series: ¥110 Zodiac Bounty + Rat Hold'em No Limit - Level4(75/150(18)) - 2026/02/12 16:12:35
Table '35' 8-max Seat #3 is the button
Seat 1: 812556e2 (9,667 in chips)
Seat 2: 12df1763 (15,760 in chips)
Seat 3: 5dfaed61 (10,183 in chips)
Seat 4: 69d78c51 (26,934 in chips)
Seat 5: Hero (13,334 in chips)
Seat 6: 4701648b (6,702 in chips)
Seat 7: 47bec12e (20,469 in chips)
Seat 8: ae44f1ed (7,117 in chips)
Hero: posts the ante 18
4701648b: posts the ante 18
12df1763: posts the ante 18
ae44f1ed: posts the ante 18
47bec12e: posts the ante 18
812556e2: posts the ante 18
5dfaed61: posts the ante 18
69d78c51: posts the ante 18
69d78c51: posts small blind 75
Hero: posts big blind 150
*** HOLE CARDS ***
Dealt to 812556e2 
Dealt to 12df1763 
Dealt to 5dfaed61 
Dealt to 69d78c51 
Dealt to Hero [Ac Jh]
Dealt to 4701648b 
Dealt to 47bec12e 
Dealt to ae44f1ed 
4701648b: raises 150 to 300
47bec12e: folds
ae44f1ed: folds
812556e2: folds
12df1763: folds
5dfaed61: calls 300
69d78c51: raises 1,220 to 1,520
Hero: folds
4701648b: folds
5dfaed61: folds
Uncalled bet (1,220) returned to 69d78c51
*** SHOWDOWN ***
69d78c51 collected 1,194 from pot
*** SUMMARY ***
Total pot 1,194 | Rake 0 | Jackpot 0 | Bingo 0 | Fortune 0 | Tax 0
Seat 1: 812556e2 folded before Flop
Seat 2: 12df1763 folded before Flop
Seat 3: 5dfaed61 (button) folded before Flop
Seat 4: 69d78c51 (small blind) collected (1,194)
Seat 5: Hero (big blind) folded before Flop
Seat 6: 4701648b folded before Flop
Seat 7: 47bec12e folded before Flop
Seat 8: ae44f1ed folded before Flop


Poker Hand #TM5578198004: Tournament #262414903, APL Series: ¥110 Zodiac Bounty + Rat Hold'em No Limit - Level4(75/150(18)) - 2026/02/12 16:12:13
Table '35' 8-max Seat #2 is the button
Seat 1: 812556e2 (9,685 in chips)
Seat 2: 12df1763 (15,778 in chips)
Seat 3: 5dfaed61 (10,276 in chips)
Seat 4: 69d78c51 (27,102 in chips)
Seat 5: Hero (13,352 in chips)
Seat 6: 4701648b (6,720 in chips)
Seat 7: 47bec12e (20,487 in chips)
Seat 8: ae44f1ed (6,766 in chips)
Hero: posts the ante 18
4701648b: posts the ante 18
12df1763: posts the ante 18
ae44f1ed: posts the ante 18
47bec12e: posts the ante 18
812556e2: posts the ante 18
69d78c51: posts the ante 18
5dfaed61: posts the ante 18
5dfaed61: posts small blind 75
69d78c51: posts big blind 150
*** HOLE CARDS ***
Dealt to 812556e2 
Dealt to 12df1763 
Dealt to 5dfaed61 
Dealt to 69d78c51 
Dealt to Hero [2h 5s]
Dealt to 4701648b 
Dealt to 47bec12e 
Dealt to ae44f1ed 
Hero: folds
4701648b: folds
47bec12e: folds
ae44f1ed: raises 150 to 300
812556e2: folds
12df1763: folds
5dfaed61: folds
69d78c51: folds
Uncalled bet (150) returned to ae44f1ed
*** SHOWDOWN ***
ae44f1ed collected 519 from pot
*** SUMMARY ***
Total pot 519 | Rake 0 | Jackpot 0 | Bingo 0 | Fortune 0 | Tax 0
Seat 1: 812556e2 folded before Flop
Seat 2: 12df1763 (button) folded before Flop
Seat 3: 5dfaed61 (small blind) folded before Flop
Seat 4: 69d78c51 (big blind) folded before Flop
Seat 5: Hero folded before Flop
Seat 6: 4701648b folded before Flop
Seat 7: 47bec12e folded before Flop
Seat 8: ae44f1ed collected (519)


Poker Hand #TM5578197996: Tournament #262414903, APL Series: ¥110 Zodiac Bounty + Rat Hold'em No Limit - Level4(75/150(18)) - 2026/02/12 16:10:58
Table '35' 8-max Seat #1 is the button
Seat 1: 812556e2 (9,703 in chips)
Seat 2: 12df1763 (12,525 in chips)
Seat 3: 5dfaed61 (10,444 in chips)
Seat 4: 69d78c51 (27,120 in chips)
Seat 5: Hero (13,370 in chips)
Seat 6: 4701648b (7,038 in chips)
Seat 7: 47bec12e (20,505 in chips)
Seat 8: ae44f1ed (9,461 in chips)
Hero: posts the ante 18
4701648b: posts the ante 18
12df1763: posts the ante 18
ae44f1ed: posts the ante 18
47bec12e: posts the ante 18
812556e2: posts the ante 18
69d78c51: posts the ante 18
5dfaed61: posts the ante 18
12df1763: posts small blind 75
5dfaed61: posts big blind 150
*** HOLE CARDS ***
Dealt to 812556e2 
Dealt to 12df1763 
Dealt to 5dfaed61 
Dealt to 69d78c51 
Dealt to Hero [3c 5c]
Dealt to 4701648b 
Dealt to 47bec12e 
Dealt to ae44f1ed 
69d78c51: folds
Hero: folds
4701648b: raises 150 to 300
47bec12e: folds
ae44f1ed: calls 300
812556e2: folds
12df1763: raises 1,194 to 1,494
5dfaed61: folds
4701648b: folds
ae44f1ed: calls 1,194
*** FLOP *** [Th 4s 4h]
12df1763: checks
ae44f1ed: bets 1,183
12df1763: calls 1,183
*** TURN *** [Th 4s 4h] [Td]
12df1763: checks
ae44f1ed: checks
*** RIVER *** [Th 4s 4h Td] [8c]
12df1763: checks
ae44f1ed: checks
12df1763: shows [Ts Tc] (four of a kind, Tens)
ae44f1ed: shows [6s 6d] (two pair, Tens and Sixes)
*** SHOWDOWN ***
12df1763 collected 5,948 from pot
*** SUMMARY ***
Total pot 5,948 | Rake 0 | Jackpot 0 | Bingo 0 | Fortune 0 | Tax 0
Board [Th 4s 4h Td 8c]
Seat 1: 812556e2 (button) folded before Flop
Seat 2: 12df1763 (small blind) showed [Ts Tc] and won (5,948) with four of a kind, Tens
Seat 3: 5dfaed61 (big blind) folded before Flop
Seat 4: 69d78c51 folded before Flop
Seat 5: Hero folded before Flop
Seat 6: 4701648b folded before Flop
Seat 7: 47bec12e folded before Flop
Seat 8: ae44f1ed showed [6s 6d] and lost with two pair, Tens and Sixes


Poker Hand #TM5578197993: Tournament #262414903, APL Series: ¥110 Zodiac Bounty + Rat Hold'em No Limit - Level4(75/150(18)) - 2026/02/12 16:10:10
Table '35' 8-max Seat #8 is the button
Seat 1: 812556e2 (9,796 in chips)
Seat 2: 12df1763 (12,858 in chips)
Seat 3: 5dfaed61 (9,928 in chips)
Seat 4: 69d78c51 (27,138 in chips)
Seat 5: Hero (13,388 in chips)
Seat 6: 4701648b (7,056 in chips)
Seat 7: 47bec12e (20,523 in chips)
Seat 8: ae44f1ed (9,479 in chips)
Hero: posts the ante 18
4701648b: posts the ante 18
12df1763: posts the ante 18
ae44f1ed: posts the ante 18
47bec12e: posts the ante 18
812556e2: posts the ante 18
69d78c51: posts the ante 18
5dfaed61: posts the ante 18
812556e2: posts small blind 75
12df1763: posts big blind 150
*** HOLE CARDS ***
Dealt to 812556e2 
Dealt to 12df1763 
Dealt to 5dfaed61 
Dealt to 69d78c51 
Dealt to Hero [5s 7s]
Dealt to 4701648b 
Dealt to 47bec12e 
Dealt to ae44f1ed 
5dfaed61: raises 165 to 315
69d78c51: folds
Hero: folds
4701648b: folds
47bec12e: folds
ae44f1ed: folds
812556e2: folds
12df1763: calls 165
*** FLOP *** [8d Jh 3d]
12df1763: checks
5dfaed61: bets 408
12df1763: folds
Uncalled bet (408) returned to 5dfaed61
*** SHOWDOWN ***
5dfaed61 collected 849 from pot
*** SUMMARY ***
Total pot 849 | Rake 0 | Jackpot 0 | Bingo 0 | Fortune 0 | Tax 0
Board [8d Jh 3d]
Seat 1: 812556e2 (small blind) folded before Flop
Seat 2: 12df1763 (big blind) folded on the Flop
Seat 3: 5dfaed61 won (849)
Seat 4: 69d78c51 folded before Flop
Seat 5: Hero folded before Flop
Seat 6: 4701648b folded before Flop
Seat 7: 47bec12e folded before Flop
Seat 8: ae44f1ed (button) folded before Flop


Poker Hand #TM5578197987: Tournament #262414903, APL Series: ¥110 Zodiac Bounty + Rat Hold'em No Limit - Level4(75/150(18)) - 2026/02/12 16:09:39
Table '35' 8-max Seat #7 is the button
Seat 1: 812556e2 (9,964 in chips)
Seat 2: 12df1763 (12,507 in chips)
Seat 3: 5dfaed61 (9,946 in chips)
Seat 4: 69d78c51 (27,156 in chips)
Seat 5: Hero (13,406 in chips)
Seat 6: 4701648b (7,074 in chips)
Seat 7: 47bec12e (20,541 in chips)
Seat 8: ae44f1ed (9,572 in chips)
Hero: posts the ante 18
4701648b: posts the ante 18
12df1763: posts the ante 18
ae44f1ed: posts the ante 18
47bec12e: posts the ante 18
812556e2: posts the ante 18
69d78c51: posts the ante 18
5dfaed61: posts the ante 18
ae44f1ed: posts small blind 75
812556e2: posts big blind 150
*** HOLE CARDS ***
Dealt to 812556e2 
Dealt to 12df1763 
Dealt to 5dfaed61 
Dealt to 69d78c51 
Dealt to Hero [Qs 6c]
Dealt to 4701648b 
Dealt to 47bec12e 
Dealt to ae44f1ed 
12df1763: raises 150 to 300
5dfaed61: folds
69d78c51: folds
Hero: folds
4701648b: folds
47bec12e: folds
ae44f1ed: folds
812556e2: folds
Uncalled bet (150) returned to 12df1763
*** SHOWDOWN ***
12df1763 collected 519 from pot
*** SUMMARY ***
Total pot 519 | Rake 0 | Jackpot 0 | Bingo 0 | Fortune 0 | Tax 0
Seat 1: 812556e2 (big blind) folded before Flop
Seat 2: 12df1763 collected (519)
Seat 3: 5dfaed61 folded before Flop
Seat 4: 69d78c51 folded before Flop
Seat 5: Hero folded before Flop
Seat 6: 4701648b folded before Flop
Seat 7: 47bec12e (button) folded before Flop
Seat 8: ae44f1ed (small blind) folded before Flop


Poker Hand #TM5578197979: Tournament #262414903, APL Series: ¥110 Zodiac Bounty + Rat Hold'em No Limit - Level4(75/150(18)) - 2026/02/12 16:08:41
Table '35' 8-max Seat #6 is the button
Seat 1: 812556e2 (9,982 in chips)
Seat 2: 12df1763 (12,525 in chips)
Seat 3: 5dfaed61 (9,964 in chips)
Seat 4: 69d78c51 (28,443 in chips)
Seat 5: Hero (11,786 in chips)
Seat 6: 4701648b (7,092 in chips)
Seat 7: 47bec12e (20,634 in chips)
Seat 8: ae44f1ed (9,740 in chips)
Hero: posts the ante 18
4701648b: posts the ante 18
12df1763: posts the ante 18
ae44f1ed: posts the ante 18
47bec12e: posts the ante 18
812556e2: posts the ante 18
69d78c51: posts the ante 18
5dfaed61: posts the ante 18
47bec12e: posts small blind 75
ae44f1ed: posts big blind 150
*** HOLE CARDS ***
Dealt to 812556e2 
Dealt to 12df1763 
Dealt to 5dfaed61 
Dealt to 69d78c51 
Dealt to Hero [Ks Kc]
Dealt to 4701648b 
Dealt to 47bec12e 
Dealt to ae44f1ed 
812556e2: folds
12df1763: folds
5dfaed61: folds
69d78c51: raises 150 to 300
Hero: raises 969 to 1,269
4701648b: folds
47bec12e: folds
ae44f1ed: folds
69d78c51: calls 969
*** FLOP *** [8h Jh 7s]
69d78c51: checks
Hero: bets 2,181
69d78c51: folds
Uncalled bet (2,181) returned to Hero
*** SHOWDOWN ***
Hero collected 2,907 from pot
*** SUMMARY ***
Total pot 2,907 | Rake 0 | Jackpot 0 | Bingo 0 | Fortune 0 | Tax 0
Board [8h Jh 7s]
Seat 1: 812556e2 folded before Flop
Seat 2: 12df1763 folded before Flop
Seat 3: 5dfaed61 folded before Flop
Seat 4: 69d78c51 folded on the Flop
Seat 5: Hero won (2,907)
Seat 6: 4701648b (button) folded before Flop
Seat 7: 47bec12e (small blind) folded before Flop
Seat 8: ae44f1ed (big blind) folded before Flop


Poker Hand #TM5578197972: Tournament #262414903, APL Series: ¥110 Zodiac Bounty + Rat Hold'em No Limit - Level4(75/150(18)) - 2026/02/12 16:07:57
Table '35' 8-max Seat #5 is the button
Seat 1: 812556e2 (10,000 in chips)
Seat 2: 12df1763 (12,543 in chips)
Seat 3: 5dfaed61 (9,982 in chips)
Seat 4: 69d78c51 (31,000 in chips)
Seat 5: Hero (8,896 in chips)
Seat 6: 4701648b (7,185 in chips)
Seat 7: 47bec12e (20,802 in chips)
Seat 8: ae44f1ed (9,758 in chips)
Hero: posts the ante 18
4701648b: posts the ante 18
12df1763: posts the ante 18
ae44f1ed: posts the ante 18
47bec12e: posts the ante 18
812556e2: posts the ante 18
69d78c51: posts the ante 18
5dfaed61: posts the ante 18
4701648b: posts small blind 75
47bec12e: posts big blind 150
*** HOLE CARDS ***
Dealt to 812556e2 
Dealt to 12df1763 
Dealt to 5dfaed61 
Dealt to 69d78c51 
Dealt to Hero [2s Ks]
Dealt to 4701648b 
Dealt to 47bec12e 
Dealt to ae44f1ed 
ae44f1ed: folds
812556e2: folds
12df1763: folds
5dfaed61: folds
69d78c51: raises 150 to 300
Hero: raises 877 to 1,177
4701648b: folds
47bec12e: folds
69d78c51: calls 877
*** FLOP *** [7c Qh Kh]
69d78c51: checks
Hero: bets 1,362
69d78c51: calls 1,362
*** TURN *** [7c Qh Kh] [5s]
69d78c51: checks
Hero: bets 4,086
69d78c51: folds
Uncalled bet (4,086) returned to Hero
*** SHOWDOWN ***
Hero collected 5,447 from pot
*** SUMMARY ***
Total pot 5,447 | Rake 0 | Jackpot 0 | Bingo 0 | Fortune 0 | Tax 0
Board [7c Qh Kh 5s]
Seat 1: 812556e2 folded before Flop
Seat 2: 12df1763 folded before Flop
Seat 3: 5dfaed61 folded before Flop
Seat 4: 69d78c51 folded on the Turn
Seat 5: Hero (button) won (5,447)
Seat 6: 4701648b (small blind) folded before Flop
Seat 7: 47bec12e (big blind) folded before Flop
Seat 8: ae44f1ed folded before Flop


Poker Hand #TM5578197963: Tournament #262414903, APL Series: ¥110 Zodiac Bounty + Rat Hold'em No Limit - Level4(75/150(18)) - 2026/02/12 16:07:09
Table '35' 8-max Seat #4 is the button
Seat 2: 12df1763 (12,561 in chips)
Seat 3: 5dfaed61 (10,000 in chips)
Seat 4: 69d78c51 (30,252 in chips)
Seat 5: Hero (8,989 in chips)
Seat 6: 4701648b (7,768 in chips)
Seat 7: 47bec12e (20,820 in chips)
Seat 8: ae44f1ed (9,776 in chips)
Hero: posts the ante 18
4701648b: posts the ante 18
12df1763: posts the ante 18
ae44f1ed: posts the ante 18
47bec12e: posts the ante 18
69d78c51: posts the ante 18
5dfaed61: posts the ante 18
Hero: posts small blind 75
4701648b: posts big blind 150
*** HOLE CARDS ***
Dealt to 12df1763 
Dealt to 5dfaed61 
Dealt to 69d78c51 
Dealt to Hero [2h Ks]
Dealt to 4701648b 
Dealt to 47bec12e 
Dealt to ae44f1ed 
47bec12e: folds
ae44f1ed: folds
12df1763: folds
5dfaed61: folds
69d78c51: raises 150 to 300
Hero: folds
4701648b: calls 150
*** FLOP *** [Jd 6s 8s]
4701648b: checks
69d78c51: bets 265
4701648b: calls 265
*** TURN *** [Jd 6s 8s] [Ac]
4701648b: checks
69d78c51: bets 878
4701648b: folds
Uncalled bet (878) returned to 69d78c51
*** SHOWDOWN ***
69d78c51 collected 1,331 from pot
*** SUMMARY ***
Total pot 1,331 | Rake 0 | Jackpot 0 | Bingo 0 | Fortune 0 | Tax 0
Board [Jd 6s 8s Ac]
Seat 2: 12df1763 folded before Flop
Seat 3: 5dfaed61 folded before Flop
Seat 4: 69d78c51 (button) won (1,331)
Seat 5: Hero (small blind) folded before Flop
Seat 6: 4701648b (big blind) folded on the Turn
Seat 7: 47bec12e folded before Flop
Seat 8: ae44f1ed folded before Flop


Poker Hand #TM5578197954: Tournament #262414903, APL Series: ¥110 Zodiac Bounty + Rat Hold'em No Limit - Level3(50/100(12)) - 2026/02/12 16:05:46
Table '35' 8-max Seat #2 is the button
Seat 1: ee9f51c7 (9,368 in chips)
Seat 2: 12df1763 (12,573 in chips)
Seat 4: 69d78c51 (20,624 in chips)
Seat 5: Hero (9,201 in chips)
Seat 6: 4701648b (7,780 in chips)
Seat 7: 47bec12e (20,832 in chips)
Seat 8: ae44f1ed (9,788 in chips)
Hero: posts the ante 12
4701648b: posts the ante 12
12df1763: posts the ante 12
ee9f51c7: posts the ante 12
ae44f1ed: posts the ante 12
47bec12e: posts the ante 12
69d78c51: posts the ante 12
69d78c51: posts small blind 50
Hero: posts big blind 100
*** HOLE CARDS ***
Dealt to ee9f51c7 
Dealt to 12df1763 
Dealt to 69d78c51 
Dealt to Hero [Jh 7d]
Dealt to 4701648b 
Dealt to 47bec12e 
Dealt to ae44f1ed 
4701648b: folds
47bec12e: folds
ae44f1ed: folds
ee9f51c7: raises 100 to 200
12df1763: folds
69d78c51: calls 150
Hero: calls 100
*** FLOP *** [Jc 6c 9c]
69d78c51: checks
Hero: checks
ee9f51c7: bets 308
69d78c51: calls 308
Hero: folds
*** TURN *** [Jc 6c 9c] [9s]
69d78c51: checks
ee9f51c7: bets 975
69d78c51: calls 975
*** RIVER *** [Jc 6c 9c 9s] [Th]
69d78c51: checks
ee9f51c7: bets 7,873 and is all-in
69d78c51: calls 7,873
ee9f51c7: shows [Kc Js] (two pair, Jacks and Nines)
69d78c51: shows [2d 9d] (three of a kind, Nines)
*** SHOWDOWN ***
69d78c51 collected 18,996 from pot
*** SUMMARY ***
Total pot 18,996 | Rake 0 | Jackpot 0 | Bingo 0 | Fortune 0 | Tax 0
Board [Jc 6c 9c 9s Th]
Seat 1: ee9f51c7 showed [Kc Js] and lost with two pair, Jacks and Nines
Seat 2: 12df1763 (button) folded before Flop
Seat 4: 69d78c51 (small blind) showed [2d 9d] and won (18,996) with three of a kind, Nines
Seat 5: Hero (big blind) folded on the Flop
Seat 6: 4701648b folded before Flop
Seat 7: 47bec12e folded before Flop
Seat 8: ae44f1ed folded before Flop


Poker Hand #TM5578197942: Tournament #262414903, APL Series: ¥110 Zodiac Bounty + Rat Hold'em No Limit - Level3(50/100(12)) - 2026/02/12 16:04:30
Table '35' 8-max Seat #1 is the button
Seat 1: ee9f51c7 (19,525 in chips)
Seat 2: 12df1763 (12,635 in chips)
Seat 4: 69d78c51 (10,157 in chips)
Seat 5: Hero (9,213 in chips)
Seat 6: 4701648b (7,792 in chips)
Seat 7: 47bec12e (20,844 in chips)
Seat 8: ae44f1ed (10,000 in chips)
Hero: posts the ante 12
4701648b: posts the ante 12
12df1763: posts the ante 12
ee9f51c7: posts the ante 12
ae44f1ed: posts the ante 12
47bec12e: posts the ante 12
69d78c51: posts the ante 12
12df1763: posts small blind 50
69d78c51: posts big blind 100
*** HOLE CARDS ***
Dealt to ee9f51c7 
Dealt to 12df1763 
Dealt to 69d78c51 
Dealt to Hero [7c 4c]
Dealt to 4701648b 
Dealt to 47bec12e 
Dealt to ae44f1ed 
Hero: folds
4701648b: folds
47bec12e: folds
ae44f1ed: raises 100 to 200
ee9f51c7: raises 400 to 600
12df1763: folds
69d78c51: raises 752 to 1,352
ae44f1ed: folds
ee9f51c7: raises 18,161 to 19,513 and is all-in
69d78c51: calls 8,793 and is all-in
Uncalled bet (9,368) returned to ee9f51c7
ee9f51c7: shows [3d 3s]
69d78c51: shows [Ac Ad]
*** FLOP *** [Ah Jh Kc]
*** TURN *** [Ah Jh Kc] [6c]
*** RIVER *** [Ah Jh Kc 6c] [8c]
*** SHOWDOWN ***
69d78c51 collected 20,624 from pot
*** SUMMARY ***
Total pot 20,624 | Rake 0 | Jackpot 0 | Bingo 0 | Fortune 0 | Tax 0
Board [Ah Jh Kc 6c 8c]
Seat 1: ee9f51c7 (button) showed [3d 3s] and lost with a pair of Threes
Seat 2: 12df1763 (small blind) folded before Flop
Seat 4: 69d78c51 (big blind) showed [Ac Ad] and won (20,624) with three of a kind, Aces
Seat 5: Hero folded before Flop
Seat 6: 4701648b folded before Flop
Seat 7: 47bec12e folded before Flop
Seat 8: ae44f1ed folded before Flop


Poker Hand #TM5578197933: Tournament #262414903, APL Series: ¥110 Zodiac Bounty + Rat Hold'em No Limit - Level3(50/100(12)) - 2026/02/12 16:03:33
Table '35' 8-max Seat #7 is the button
Seat 1: ee9f51c7 (10,086 in chips)
Seat 2: 12df1763 (12,747 in chips)
Seat 3: c049b91d (9,279 in chips)
Seat 4: 69d78c51 (10,169 in chips)
Seat 5: Hero (9,225 in chips)
Seat 6: 4701648b (7,804 in chips)
Seat 7: 47bec12e (20,856 in chips)
Hero: posts the ante 12
4701648b: posts the ante 12
c049b91d: posts the ante 12
12df1763: posts the ante 12
ee9f51c7: posts the ante 12
47bec12e: posts the ante 12
69d78c51: posts the ante 12
ee9f51c7: posts small blind 50
12df1763: posts big blind 100
*** HOLE CARDS ***
Dealt to ee9f51c7 
Dealt to 12df1763 
Dealt to c049b91d 
Dealt to 69d78c51 
Dealt to Hero [9s 3s]
Dealt to 4701648b 
Dealt to 47bec12e 
c049b91d: raises 150 to 250
69d78c51: folds
Hero: folds
4701648b: folds
47bec12e: folds
ee9f51c7: raises 9,824 to 10,074 and is all-in
12df1763: folds
c049b91d: calls 9,017 and is all-in
Uncalled bet (807) returned to ee9f51c7
ee9f51c7: shows [Td Ts]
c049b91d: shows [Qs Qc]
*** FLOP *** [3d 9d 7d]
*** TURN *** [3d 9d 7d] [8d]
*** RIVER *** [3d 9d 7d 8d] [2s]
*** SHOWDOWN ***
ee9f51c7 collected 18,718 from pot
*** SUMMARY ***
Total pot 18,718 | Rake 0 | Jackpot 0 | Bingo 0 | Fortune 0 | Tax 0
Board [3d 9d 7d 8d 2s]
Seat 1: ee9f51c7 (small blind) showed [Td Ts] and won (18,718) with a flush Ten high
Seat 2: 12df1763 (big blind) folded before Flop
Seat 3: c049b91d showed [Qs Qc] and lost with a pair of Queens
Seat 4: 69d78c51 folded before Flop
Seat 5: Hero folded before Flop
Seat 6: 4701648b folded before Flop
Seat 7: 47bec12e (button) folded before Flop


Poker Hand #TM5578197929: Tournament #262414903, APL Series: ¥110 Zodiac Bounty + Rat Hold'em No Limit - Level3(50/100(12)) - 2026/02/12 16:03:06
Table '35' 8-max Seat #6 is the button
Seat 1: ee9f51c7 (10,198 in chips)
Seat 2: 12df1763 (12,959 in chips)
Seat 3: c049b91d (9,291 in chips)
Seat 4: 69d78c51 (9,747 in chips)
Seat 5: Hero (9,237 in chips)
Seat 6: 4701648b (7,816 in chips)
Seat 7: 47bec12e (20,918 in chips)
Hero: posts the ante 12
4701648b: posts the ante 12
c049b91d: posts the ante 12
12df1763: posts the ante 12
ee9f51c7: posts the ante 12
47bec12e: posts the ante 12
69d78c51: posts the ante 12
47bec12e: posts small blind 50
ee9f51c7: posts big blind 100
*** HOLE CARDS ***
Dealt to ee9f51c7 
Dealt to 12df1763 
Dealt to c049b91d 
Dealt to 69d78c51 
Dealt to Hero [2c Kh]
Dealt to 4701648b 
Dealt to 47bec12e 
12df1763: raises 100 to 200
c049b91d: folds
69d78c51: raises 411 to 611
Hero: folds
4701648b: folds
47bec12e: folds
ee9f51c7: folds
12df1763: folds
Uncalled bet (411) returned to 69d78c51
*** SHOWDOWN ***
69d78c51 collected 634 from pot
*** SUMMARY ***
Total pot 634 | Rake 0 | Jackpot 0 | Bingo 0 | Fortune 0 | Tax 0
Seat 1: ee9f51c7 (big blind) folded before Flop
Seat 2: 12df1763 folded before Flop
Seat 3: c049b91d folded before Flop
Seat 4: 69d78c51 collected (634)
Seat 5: Hero folded before Flop
Seat 6: 4701648b (button) folded before Flop
Seat 7: 47bec12e (small blind) folded before Flop


Poker Hand #TM5578197924: Tournament #262414903, APL Series: ¥110 Zodiac Bounty + Rat Hold'em No Limit - Level3(50/100(12)) - 2026/02/12 16:02:38
Table '35' 8-max Seat #5 is the button
Seat 1: ee9f51c7 (9,964 in chips)
Seat 2: 12df1763 (12,971 in chips)
Seat 3: c049b91d (9,303 in chips)
Seat 4: 69d78c51 (9,759 in chips)
Seat 5: Hero (9,249 in chips)
Seat 6: 4701648b (7,878 in chips)
Seat 7: 47bec12e (21,030 in chips)
Seat 8: 929e6229 (20,034 in chips)
Hero: posts the ante 12
c049b91d: posts the ante 12
4701648b: posts the ante 12
12df1763: posts the ante 12
ee9f51c7: posts the ante 12
929e6229: posts the ante 12
47bec12e: posts the ante 12
69d78c51: posts the ante 12
4701648b: posts small blind 50
47bec12e: posts big blind 100
*** HOLE CARDS ***
Dealt to ee9f51c7 
Dealt to 12df1763 
Dealt to c049b91d 
Dealt to 69d78c51 
Dealt to Hero [3c 5h]
Dealt to 4701648b 
Dealt to 47bec12e 
Dealt to 929e6229 
929e6229: folds
ee9f51c7: raises 100 to 200
12df1763: folds
c049b91d: folds
69d78c51: folds
Hero: folds
4701648b: folds
47bec12e: folds
Uncalled bet (100) returned to ee9f51c7
*** SHOWDOWN ***
ee9f51c7 collected 346 from pot
*** SUMMARY ***
Total pot 346 | Rake 0 | Jackpot 0 | Bingo 0 | Fortune 0 | Tax 0
Seat 1: ee9f51c7 collected (346)
Seat 2: 12df1763 folded before Flop
Seat 3: c049b91d folded before Flop
Seat 4: 69d78c51 folded before Flop
Seat 5: Hero (button) folded before Flop
Seat 6: 4701648b (small blind) folded before Flop
Seat 7: 47bec12e (big blind) folded before Flop
Seat 8: 929e6229 folded before Flop


Poker Hand #TM5578197919: Tournament #262414903, APL Series: ¥110 Zodiac Bounty + Rat Hold'em No Limit - Level3(50/100(12)) - 2026/02/12 16:01:34
Table '35' 8-max Seat #4 is the button
Seat 1: ee9f51c7 (9,976 in chips)
Seat 2: 12df1763 (12,983 in chips)
Seat 3: c049b91d (9,315 in chips)
Seat 4: 69d78c51 (9,771 in chips)
Seat 5: Hero (9,311 in chips)
Seat 6: 4701648b (10,000 in chips)
Seat 7: 47bec12e (18,786 in chips)
Seat 8: 929e6229 (20,046 in chips)
Hero: posts the ante 12
c049b91d: posts the ante 12
4701648b: posts the ante 12
12df1763: posts the ante 12
ee9f51c7: posts the ante 12
929e6229: posts the ante 12
47bec12e: posts the ante 12
69d78c51: posts the ante 12
Hero: posts small blind 50
4701648b: posts big blind 100
*** HOLE CARDS ***
Dealt to ee9f51c7 
Dealt to 12df1763 
Dealt to c049b91d 
Dealt to 69d78c51 
Dealt to Hero [8c 3c]
Dealt to 4701648b 
Dealt to 47bec12e 
Dealt to 929e6229 
47bec12e: raises 100 to 200
929e6229: folds
ee9f51c7: folds
12df1763: folds
c049b91d: folds
69d78c51: folds
Hero: folds
4701648b: calls 100
*** FLOP *** [5c 4d Kc]
4701648b: checks
47bec12e: bets 181
4701648b: raises 419 to 600
47bec12e: calls 419
*** TURN *** [5c 4d Kc] [6s]
4701648b: bets 1,310
47bec12e: calls 1,310
*** RIVER *** [5c 4d Kc 6s] [Jd]
4701648b: checks
47bec12e: checks
4701648b: shows [Ac 5d] (a pair of Fives)
47bec12e: shows [Kh 8h] (a pair of Kings)
*** SHOWDOWN ***
47bec12e collected 4,366 from pot
*** SUMMARY ***
Total pot 4,366 | Rake 0 | Jackpot 0 | Bingo 0 | Fortune 0 | Tax 0
Board [5c 4d Kc 6s Jd]
Seat 1: ee9f51c7 folded before Flop
Seat 2: 12df1763 folded before Flop
Seat 3: c049b91d folded before Flop
Seat 4: 69d78c51 (button) folded before Flop
Seat 5: Hero (small blind) folded before Flop
Seat 6: 4701648b (big blind) showed [Ac 5d] and lost with a pair of Fives
Seat 7: 47bec12e showed [Kh 8h] and won (4,366) with a pair of Kings
Seat 8: 929e6229 folded before Flop


Poker Hand #TM5578197912: Tournament #262414903, APL Series: ¥110 Zodiac Bounty + Rat Hold'em No Limit - Level3(50/100(12)) - 2026/02/12 15:54:59
Table '35' 8-max Seat #3 is the button
Seat 1: ee9f51c7 (9,988 in chips)
Seat 2: 12df1763 (12,995 in chips)
Seat 3: c049b91d (9,327 in chips)
Seat 4: 69d78c51 (9,833 in chips)
Seat 5: Hero (9,423 in chips)
Seat 6: 4916d5db (7,781 in chips)
Seat 7: 47bec12e (18,798 in chips)
Seat 8: 929e6229 (19,812 in chips)
Hero: posts the ante 12
c049b91d: posts the ante 12
4916d5db: posts the ante 12
12df1763: posts the ante 12
ee9f51c7: posts the ante 12
929e6229: posts the ante 12
47bec12e: posts the ante 12
69d78c51: posts the ante 12
69d78c51: posts small blind 50
Hero: posts big blind 100
*** HOLE CARDS ***
Dealt to ee9f51c7 
Dealt to 12df1763 
Dealt to c049b91d 
Dealt to 69d78c51 
Dealt to Hero [Jh 3d]
Dealt to 4916d5db 
Dealt to 47bec12e 
Dealt to 929e6229 
4916d5db: folds
47bec12e: folds
929e6229: raises 129 to 229
ee9f51c7: folds
12df1763: folds
c049b91d: folds
69d78c51: folds
Hero: folds
Uncalled bet (129) returned to 929e6229
*** SHOWDOWN ***
929e6229 collected 346 from pot
*** SUMMARY ***
Total pot 346 | Rake 0 | Jackpot 0 | Bingo 0 | Fortune 0 | Tax 0
Seat 1: ee9f51c7 folded before Flop
Seat 2: 12df1763 folded before Flop
Seat 3: c049b91d (button) folded before Flop
Seat 4: 69d78c51 (small blind) folded before Flop
Seat 5: Hero (big blind) folded before Flop
Seat 6: 4916d5db folded before Flop
Seat 7: 47bec12e folded before Flop
Seat 8: 929e6229 collected (346)


Poker Hand #TM5578197902: Tournament #262414903, APL Series: ¥110 Zodiac Bounty + Rat Hold'em No Limit - Level3(50/100(12)) - 2026/02/12 15:53:45
Table '35' 8-max Seat #2 is the button
Seat 1: ee9f51c7 (10,000 in chips)
Seat 2: 12df1763 (13,007 in chips)
Seat 3: c049b91d (9,389 in chips)
Seat 4: 69d78c51 (8,287 in chips)
Seat 5: Hero (9,435 in chips)
Seat 6: 4916d5db (9,205 in chips)
Seat 7: 47bec12e (18,810 in chips)
Seat 8: 929e6229 (19,824 in chips)
Hero: posts the ante 12
4916d5db: posts the ante 12
c049b91d: posts the ante 12
12df1763: posts the ante 12
ee9f51c7: posts the ante 12
929e6229: posts the ante 12
47bec12e: posts the ante 12
69d78c51: posts the ante 12
c049b91d: posts small blind 50
69d78c51: posts big blind 100
*** HOLE CARDS ***
Dealt to ee9f51c7 
Dealt to 12df1763 
Dealt to c049b91d 
Dealt to 69d78c51 
Dealt to Hero [6h 2d]
Dealt to 4916d5db 
Dealt to 47bec12e 
Dealt to 929e6229 
Hero: folds
4916d5db: raises 100 to 200
47bec12e: folds
929e6229: folds
ee9f51c7: folds
12df1763: folds
c049b91d: folds
69d78c51: raises 621 to 821
4916d5db: calls 621
*** FLOP *** [Td 5s Qd]
69d78c51: bets 591
4916d5db: calls 591
*** TURN *** [Td 5s Qd] [Ks]
69d78c51: bets 1,456
4916d5db: folds
Uncalled bet (1,456) returned to 69d78c51
*** SHOWDOWN ***
69d78c51 collected 2,970 from pot
*** SUMMARY ***
Total pot 2,970 | Rake 0 | Jackpot 0 | Bingo 0 | Fortune 0 | Tax 0
Board [Td 5s Qd Ks]
Seat 1: ee9f51c7 folded before Flop
Seat 2: 12df1763 (button) folded before Flop
Seat 3: c049b91d (small blind) folded before Flop
Seat 4: 69d78c51 (big blind) won (2,970)
Seat 5: Hero folded before Flop
Seat 6: 4916d5db folded on the Turn
Seat 7: 47bec12e folded before Flop
Seat 8: 929e6229 folded before Flop


Poker Hand #TM5578197891: Tournament #262414903, APL Series: ¥110 Zodiac Bounty + Rat Hold'em No Limit - Level3(50/100(12)) - 2026/02/12 15:52:21
Table '35' 8-max Seat #8 is the button
Seat 2: 12df1763 (13,069 in chips)
Seat 3: c049b91d (7,041 in chips)
Seat 4: 69d78c51 (8,299 in chips)
Seat 5: Hero (9,447 in chips)
Seat 6: 4916d5db (9,217 in chips)
Seat 7: 47bec12e (21,048 in chips)
Seat 8: 929e6229 (19,836 in chips)
Hero: posts the ante 12
4916d5db: posts the ante 12
c049b91d: posts the ante 12
12df1763: posts the ante 12
929e6229: posts the ante 12
47bec12e: posts the ante 12
69d78c51: posts the ante 12
12df1763: posts small blind 50
c049b91d: posts big blind 100
*** HOLE CARDS ***
Dealt to 12df1763 
Dealt to c049b91d 
Dealt to 69d78c51 
Dealt to Hero [Qd 8c]
Dealt to 4916d5db 
Dealt to 47bec12e 
Dealt to 929e6229 
69d78c51: folds
Hero: folds
4916d5db: folds
47bec12e: raises 100 to 200
929e6229: folds
12df1763: folds
c049b91d: calls 100
*** FLOP *** [3s 9h 7d]
c049b91d: checks
47bec12e: bets 267
c049b91d: raises 383 to 650
47bec12e: calls 383
*** TURN *** [3s 9h 7d] [Ah]
c049b91d: checks
47bec12e: checks
*** RIVER *** [3s 9h 7d Ah] [6h]
c049b91d: bets 1,376
47bec12e: calls 1,376
c049b91d: shows [9c 9d] (three of a kind, Nines)
47bec12e: shows [6s 9s] (two pair, Nines and Sixes)
*** SHOWDOWN ***
c049b91d collected 4,586 from pot
*** SUMMARY ***
Total pot 4,586 | Rake 0 | Jackpot 0 | Bingo 0 | Fortune 0 | Tax 0
Board [3s 9h 7d Ah 6h]
Seat 2: 12df1763 (small blind) folded before Flop
Seat 3: c049b91d (big blind) showed [9c 9d] and won (4,586) with three of a kind, Nines
Seat 4: 69d78c51 folded before Flop
Seat 5: Hero folded before Flop
Seat 6: 4916d5db folded before Flop
Seat 7: 47bec12e showed [6s 9s] and lost with two pair, Nines and Sixes
Seat 8: 929e6229 (button) folded before Flop


Poker Hand #TM5578197881: Tournament #262414903, APL Series: ¥110 Zodiac Bounty + Rat Hold'em No Limit - Level3(50/100(12)) - 2026/02/12 15:50:33
Table '35' 8-max Seat #7 is the button
Seat 2: 12df1763 (9,992 in chips)
Seat 3: c049b91d (10,008 in chips)
Seat 4: 69d78c51 (8,311 in chips)
Seat 5: Hero (9,459 in chips)
Seat 6: 4916d5db (9,229 in chips)
Seat 7: 47bec12e (21,060 in chips)
Seat 8: 929e6229 (19,898 in chips)
Hero: posts the ante 12
4916d5db: posts the ante 12
c049b91d: posts the ante 12
12df1763: posts the ante 12
929e6229: posts the ante 12
47bec12e: posts the ante 12
69d78c51: posts the ante 12
929e6229: posts small blind 50
12df1763: posts big blind 100
*** HOLE CARDS ***
Dealt to 12df1763 
Dealt to c049b91d 
Dealt to 69d78c51 
Dealt to Hero [8h Jh]
Dealt to 4916d5db 
Dealt to 47bec12e 
Dealt to 929e6229 
c049b91d: raises 150 to 250
69d78c51: folds
Hero: folds
4916d5db: folds
47bec12e: folds
929e6229: folds
12df1763: calls 150
*** FLOP *** [8s Kc 4c]
12df1763: checks
c049b91d: bets 210
12df1763: raises 646 to 856
c049b91d: calls 646
*** TURN *** [8s Kc 4c] [5h]
12df1763: bets 1,849
c049b91d: calls 1,849
*** RIVER *** [8s Kc 4c 5h] [7h]
12df1763: bets 7,025 and is all-in
c049b91d: folds
Uncalled bet (7,025) returned to 12df1763
*** SHOWDOWN ***
12df1763 collected 6,044 from pot
*** SUMMARY ***
Total pot 6,044 | Rake 0 | Jackpot 0 | Bingo 0 | Fortune 0 | Tax 0
Board [8s Kc 4c 5h 7h]
Seat 2: 12df1763 (big blind) won (6,044)
Seat 3: c049b91d folded on the River
Seat 4: 69d78c51 folded before Flop
Seat 5: Hero folded before Flop
Seat 6: 4916d5db folded before Flop
Seat 7: 47bec12e (button) folded before Flop
Seat 8: 929e6229 (small blind) folded before Flop


Poker Hand #TM5578197874: Tournament #262414903, APL Series: ¥110 Zodiac Bounty + Rat Hold'em No Limit - Level2(35/70(8)) - 2026/02/12 15:49:17
Table '35' 8-max Seat #6 is the button
Seat 1: e60ccff6 (10,000 in chips)
Seat 2: 12df1763 (10,000 in chips)
Seat 3: c049b91d (8,727 in chips)
Seat 4: 69d78c51 (8,319 in chips)
Seat 5: Hero (9,467 in chips)
Seat 6: 4916d5db (9,237 in chips)
Seat 7: 47bec12e (21,243 in chips)
Seat 8: 929e6229 (20,956 in chips)
e60ccff6: posts the ante 8
Hero: posts the ante 8
4916d5db: posts the ante 8
c049b91d: posts the ante 8
12df1763: posts the ante 8
929e6229: posts the ante 8
47bec12e: posts the ante 8
69d78c51: posts the ante 8
47bec12e: posts small blind 35
929e6229: posts big blind 70
*** HOLE CARDS ***
Dealt to e60ccff6 
Dealt to 12df1763 
Dealt to c049b91d 
Dealt to 69d78c51 
Dealt to Hero [4c 6d]
Dealt to 4916d5db 
Dealt to 47bec12e 
Dealt to 929e6229 
e60ccff6: folds
12df1763: folds
c049b91d: raises 105 to 175
69d78c51: folds
Hero: folds
4916d5db: folds
47bec12e: calls 140
929e6229: raises 875 to 1,050
c049b91d: raises 1,715 to 2,765
47bec12e: folds
929e6229: folds
Uncalled bet (1,715) returned to c049b91d
*** SHOWDOWN ***
c049b91d collected 2,339 from pot
*** SUMMARY ***
Total pot 2,339 | Rake 0 | Jackpot 0 | Bingo 0 | Fortune 0 | Tax 0
Seat 1: e60ccff6 folded before Flop
Seat 2: 12df1763 folded before Flop
Seat 3: c049b91d collected (2,339)
Seat 4: 69d78c51 folded before Flop
Seat 5: Hero folded before Flop
Seat 6: 4916d5db (button) folded before Flop
Seat 7: 47bec12e (small blind) folded before Flop
Seat 8: 929e6229 (big blind) folded before Flop


Poker Hand #TM5577886562: Tournament #262414903, APL Series: ¥110 Zodiac Bounty + Rat Hold'em No Limit - Level2(35/70(8)) - 2026/02/12 15:45:29
Table '24' 8-max Seat #3 is the button
Seat 1: f61c4ef4 (9,551 in chips)
Seat 2: 7d32142c (9,459 in chips)
Seat 3: ef077fb5 (9,697 in chips)
Seat 4: ce38cc76 (9,569 in chips)
Seat 5: 7a0f8a1 (20,790 in chips)
Seat 6: 3ba5b3de (8,808 in chips)
Seat 7: Hero (9,475 in chips)
Seat 8: bff2761d (9,984 in chips)
bff2761d: posts the ante 8
ce38cc76: posts the ante 8
Hero: posts the ante 8
7d32142c: posts the ante 8
f61c4ef4: posts the ante 8
3ba5b3de: posts the ante 8
ef077fb5: posts the ante 8
7a0f8a1: posts the ante 8
ce38cc76: posts small blind 35
7a0f8a1: posts big blind 70
*** HOLE CARDS ***
Dealt to f61c4ef4 
Dealt to 7d32142c 
Dealt to ef077fb5 
Dealt to ce38cc76 
Dealt to 7a0f8a1 
Dealt to 3ba5b3de 
Dealt to Hero [7d 3c]
Dealt to bff2761d 
3ba5b3de: folds
Hero: folds
bff2761d: folds
f61c4ef4: raises 70 to 140
7d32142c: folds
ef077fb5: folds
ce38cc76: calls 105
7a0f8a1: calls 70
*** FLOP *** [5h 7s 2d]
ce38cc76: bets 160
7a0f8a1: folds
f61c4ef4: calls 160
*** TURN *** [5h 7s 2d] [Kd]
ce38cc76: bets 603
f61c4ef4: folds
Uncalled bet (603) returned to ce38cc76
*** SHOWDOWN ***
ce38cc76 collected 804 from pot
*** SUMMARY ***
Total pot 804 | Rake 0 | Jackpot 0 | Bingo 0 | Fortune 0 | Tax 0
Board [5h 7s 2d Kd]
Seat 1: f61c4ef4 folded on the Turn
Seat 2: 7d32142c folded before Flop
Seat 3: ef077fb5 (button) folded before Flop
Seat 4: ce38cc76 (small blind) won (804)
Seat 5: 7a0f8a1 (big blind) folded on the Flop
Seat 6: 3ba5b3de folded before Flop
Seat 7: Hero folded before Flop
Seat 8: bff2761d folded before Flop


Poker Hand #TM5577886560: Tournament #262414903, APL Series: ¥110 Zodiac Bounty + Rat Hold'em No Limit - Level2(35/70(8)) - 2026/02/12 15:45:04
Table '24' 8-max Seat #2 is the button
Seat 1: f61c4ef4 (9,559 in chips)
Seat 2: 7d32142c (9,467 in chips)
Seat 3: ef077fb5 (9,740 in chips)
Seat 4: ce38cc76 (9,647 in chips)
Seat 5: 7a0f8a1 (20,938 in chips)
Seat 6: 3ba5b3de (8,507 in chips)
Seat 7: Hero (9,483 in chips)
Seat 8: bff2761d (9,992 in chips)
bff2761d: posts the ante 8
ce38cc76: posts the ante 8
Hero: posts the ante 8
7d32142c: posts the ante 8
f61c4ef4: posts the ante 8
3ba5b3de: posts the ante 8
ef077fb5: posts the ante 8
7a0f8a1: posts the ante 8
ef077fb5: posts small blind 35
ce38cc76: posts big blind 70
*** HOLE CARDS ***
Dealt to f61c4ef4 
Dealt to 7d32142c 
Dealt to ef077fb5 
Dealt to ce38cc76 
Dealt to 7a0f8a1 
Dealt to 3ba5b3de 
Dealt to Hero [Kd 3c]
Dealt to bff2761d 
7a0f8a1: raises 70 to 140
3ba5b3de: raises 407 to 547
Hero: folds
bff2761d: folds
f61c4ef4: folds
7d32142c: folds
ef077fb5: folds
ce38cc76: folds
7a0f8a1: folds
Uncalled bet (407) returned to 3ba5b3de
*** SHOWDOWN ***
3ba5b3de collected 449 from pot
*** SUMMARY ***
Total pot 449 | Rake 0 | Jackpot 0 | Bingo 0 | Fortune 0 | Tax 0
Seat 1: f61c4ef4 folded before Flop
Seat 2: 7d32142c (button) folded before Flop
Seat 3: ef077fb5 (small blind) folded before Flop
Seat 4: ce38cc76 (big blind) folded before Flop
Seat 5: 7a0f8a1 folded before Flop
Seat 6: 3ba5b3de collected (449)
Seat 7: Hero folded before Flop
Seat 8: bff2761d folded before Flop


Poker Hand #TM5577886554: Tournament #262414903, APL Series: ¥110 Zodiac Bounty + Rat Hold'em No Limit - Level2(35/70(8)) - 2026/02/12 15:44:08
Table '24' 8-max Seat #1 is the button
Seat 1: f61c4ef4 (9,567 in chips)
Seat 2: 7d32142c (9,510 in chips)
Seat 3: ef077fb5 (9,818 in chips)
Seat 4: ce38cc76 (9,655 in chips)
Seat 5: 7a0f8a1 (18,176 in chips)
Seat 6: 3ba5b3de (8,515 in chips)
Seat 7: Hero (12,092 in chips)
Seat 8: bff2761d (10,000 in chips)
bff2761d: posts the ante 8
ce38cc76: posts the ante 8
Hero: posts the ante 8
f61c4ef4: posts the ante 8
7d32142c: posts the ante 8
3ba5b3de: posts the ante 8
ef077fb5: posts the ante 8
7a0f8a1: posts the ante 8
7d32142c: posts small blind 35
ef077fb5: posts big blind 70
*** HOLE CARDS ***
Dealt to f61c4ef4 
Dealt to 7d32142c 
Dealt to ef077fb5 
Dealt to ce38cc76 
Dealt to 7a0f8a1 
Dealt to 3ba5b3de 
Dealt to Hero [Js As]
Dealt to bff2761d 
ce38cc76: folds
7a0f8a1: raises 70 to 140
3ba5b3de: folds
Hero: raises 407 to 547
bff2761d: folds
f61c4ef4: folds
7d32142c: folds
ef077fb5: folds
7a0f8a1: calls 407
*** FLOP *** [Qc Tc 6c]
7a0f8a1: checks
Hero: bets 948
7a0f8a1: calls 948
*** TURN *** [Qc Tc 6c] [Td]
7a0f8a1: checks
Hero: checks
*** RIVER *** [Qc Tc 6c Td] [5s]
7a0f8a1: bets 1,106
Hero: calls 1,106
7a0f8a1: shows [Ks Qs] (two pair, Queens and Tens)
Hero: shows [Js As] (a pair of Tens)
*** SHOWDOWN ***
7a0f8a1 collected 5,371 from pot
*** SUMMARY ***
Total pot 5,371 | Rake 0 | Jackpot 0 | Bingo 0 | Fortune 0 | Tax 0
Board [Qc Tc 6c Td 5s]
Seat 1: f61c4ef4 (button) folded before Flop
Seat 2: 7d32142c (small blind) folded before Flop
Seat 3: ef077fb5 (big blind) folded before Flop
Seat 4: ce38cc76 folded before Flop
Seat 5: 7a0f8a1 showed [Ks Qs] and won (5,371) with two pair, Queens and Tens
Seat 6: 3ba5b3de folded before Flop
Seat 7: Hero showed [Js As] and lost with a pair of Tens
Seat 8: bff2761d folded before Flop


Poker Hand #TM5577886548: Tournament #262414903, APL Series: ¥110 Zodiac Bounty + Rat Hold'em No Limit - Level2(35/70(8)) - 2026/02/12 15:43:25
Table '24' 8-max Seat #7 is the button
Seat 1: f61c4ef4 (9,449 in chips)
Seat 2: 7d32142c (9,588 in chips)
Seat 3: ef077fb5 (9,826 in chips)
Seat 4: ce38cc76 (9,663 in chips)
Seat 5: 7a0f8a1 (18,184 in chips)
Seat 6: 3ba5b3de (8,523 in chips)
Seat 7: Hero (12,100 in chips)
ce38cc76: posts the ante 8
Hero: posts the ante 8
7d32142c: posts the ante 8
f61c4ef4: posts the ante 8
3ba5b3de: posts the ante 8
ef077fb5: posts the ante 8
7a0f8a1: posts the ante 8
f61c4ef4: posts small blind 35
7d32142c: posts big blind 70
*** HOLE CARDS ***
Dealt to f61c4ef4 
Dealt to 7d32142c 
Dealt to ef077fb5 
Dealt to ce38cc76 
Dealt to 7a0f8a1 
Dealt to 3ba5b3de 
Dealt to Hero [2h Qc]
ef077fb5: folds
ce38cc76: folds
7a0f8a1: folds
3ba5b3de: folds
Hero: folds
f61c4ef4: raises 175 to 245
7d32142c: folds
Uncalled bet (175) returned to f61c4ef4
*** SHOWDOWN ***
f61c4ef4 collected 196 from pot
*** SUMMARY ***
Total pot 196 | Rake 0 | Jackpot 0 | Bingo 0 | Fortune 0 | Tax 0
Seat 1: f61c4ef4 (small blind) collected (196)
Seat 2: 7d32142c (big blind) folded before Flop
Seat 3: ef077fb5 folded before Flop
Seat 4: ce38cc76 folded before Flop
Seat 5: 7a0f8a1 folded before Flop
Seat 6: 3ba5b3de folded before Flop
Seat 7: Hero (button) folded before Flop


Poker Hand #TM5577886537: Tournament #262414903, APL Series: ¥110 Zodiac Bounty + Rat Hold'em No Limit - Level2(35/70(8)) - 2026/02/12 15:41:00
Table '24' 8-max Seat #6 is the button
Seat 1: f61c4ef4 (9,611 in chips)
Seat 2: 7d32142c (9,596 in chips)
Seat 3: ef077fb5 (9,988 in chips)
Seat 4: ce38cc76 (9,671 in chips)
Seat 5: 7a0f8a1 (18,192 in chips)
Seat 6: 3ba5b3de (9,815 in chips)
Seat 7: Hero (10,460 in chips)
ce38cc76: posts the ante 8
Hero: posts the ante 8
7d32142c: posts the ante 8
f61c4ef4: posts the ante 8
3ba5b3de: posts the ante 8
ef077fb5: posts the ante 8
7a0f8a1: posts the ante 8
Hero: posts small blind 35
f61c4ef4: posts big blind 70
*** HOLE CARDS ***
Dealt to f61c4ef4 
Dealt to 7d32142c 
Dealt to ef077fb5 
Dealt to ce38cc76 
Dealt to 7a0f8a1 
Dealt to 3ba5b3de 
Dealt to Hero [Ah 7c]
7d32142c: folds
ef077fb5: raises 84 to 154
ce38cc76: folds
7a0f8a1: folds
3ba5b3de: calls 154
Hero: calls 119
f61c4ef4: calls 84
*** FLOP *** [5s 3s 4c]
Hero: checks
f61c4ef4: checks
ef077fb5: checks
3ba5b3de: bets 292
Hero: raises 838 to 1,130
f61c4ef4: folds
ef077fb5: folds
3ba5b3de: calls 838
*** TURN *** [5s 3s 4c] [4s]
Hero: bets 1,466
3ba5b3de: folds
Uncalled bet (1,466) returned to Hero
*** SHOWDOWN ***
Hero collected 2,932 from pot
*** SUMMARY ***
Total pot 2,932 | Rake 0 | Jackpot 0 | Bingo 0 | Fortune 0 | Tax 0
Board [5s 3s 4c 4s]
Seat 1: f61c4ef4 (big blind) folded on the Flop
Seat 2: 7d32142c folded before Flop
Seat 3: ef077fb5 folded on the Flop
Seat 4: ce38cc76 folded before Flop
Seat 5: 7a0f8a1 folded before Flop
Seat 6: 3ba5b3de (button) folded on the Turn
Seat 7: Hero (small blind) won (2,932)


Poker Hand #TM5577886527: Tournament #262414903, APL Series: ¥110 Zodiac Bounty + Rat Hold'em No Limit - Level1(25/50(6)) - 2026/02/12 15:39:20
Table '24' 8-max Seat #5 is the button
Seat 1: f61c4ef4 (9,617 in chips)
Seat 2: 7d32142c (9,707 in chips)
Seat 3: ef077fb5 (9,994 in chips)
Seat 4: ce38cc76 (9,677 in chips)
Seat 5: 7a0f8a1 (18,198 in chips)
Seat 6: 3ba5b3de (9,926 in chips)
Seat 7: Hero (10,726 in chips)
Seat 8: bedef5f3 (12,191 in chips)
ce38cc76: posts the ante 6
Hero: posts the ante 6
7d32142c: posts the ante 6
f61c4ef4: posts the ante 6
3ba5b3de: posts the ante 6
ef077fb5: posts the ante 6
bedef5f3: posts the ante 6
7a0f8a1: posts the ante 6
3ba5b3de: posts small blind 25
Hero: posts big blind 50
*** HOLE CARDS ***
Dealt to f61c4ef4 
Dealt to 7d32142c 
Dealt to ef077fb5 
Dealt to ce38cc76 
Dealt to 7a0f8a1 
Dealt to 3ba5b3de 
Dealt to Hero [Ts 7c]
Dealt to bedef5f3 
bedef5f3: raises 55 to 105
f61c4ef4: folds
7d32142c: calls 105
ef077fb5: folds
ce38cc76: folds
7a0f8a1: folds
3ba5b3de: calls 80
Hero: calls 55
*** FLOP *** [5c 8h 9h]
3ba5b3de: checks
Hero: checks
bedef5f3: bets 155
7d32142c: folds
3ba5b3de: folds
Hero: calls 155
*** TURN *** [5c 8h 9h] [4d]
Hero: checks
bedef5f3: checks
*** RIVER *** [5c 8h 9h 4d] [9s]
Hero: checks
bedef5f3: bets 407
Hero: folds
Uncalled bet (407) returned to bedef5f3
*** SHOWDOWN ***
bedef5f3 collected 778 from pot
*** SUMMARY ***
Total pot 778 | Rake 0 | Jackpot 0 | Bingo 0 | Fortune 0 | Tax 0
Board [5c 8h 9h 4d 9s]
Seat 1: f61c4ef4 folded before Flop
Seat 2: 7d32142c folded on the Flop
Seat 3: ef077fb5 folded before Flop
Seat 4: ce38cc76 folded before Flop
Seat 5: 7a0f8a1 (button) folded before Flop
Seat 6: 3ba5b3de (small blind) folded on the Flop
Seat 7: Hero (big blind) folded on the River
Seat 8: bedef5f3 won (778)


Poker Hand #TM5577886521: Tournament #262414903, APL Series: ¥110 Zodiac Bounty + Rat Hold'em No Limit - Level1(25/50(6)) - 2026/02/12 15:38:10
Table '24' 8-max Seat #4 is the button
Seat 1: f61c4ef4 (9,623 in chips)
Seat 2: 7d32142c (9,713 in chips)
Seat 3: ef077fb5 (10,000 in chips)
Seat 4: ce38cc76 (9,683 in chips)
Seat 5: 7a0f8a1 (18,056 in chips)
Seat 6: 3ba5b3de (9,982 in chips)
Seat 7: Hero (10,732 in chips)
Seat 8: bedef5f3 (12,247 in chips)
ce38cc76: posts the ante 6
Hero: posts the ante 6
7d32142c: posts the ante 6
f61c4ef4: posts the ante 6
3ba5b3de: posts the ante 6
ef077fb5: posts the ante 6
bedef5f3: posts the ante 6
7a0f8a1: posts the ante 6
7a0f8a1: posts small blind 25
3ba5b3de: posts big blind 50
*** HOLE CARDS ***
Dealt to f61c4ef4 
Dealt to 7d32142c 
Dealt to ef077fb5 
Dealt to ce38cc76 
Dealt to 7a0f8a1 
Dealt to 3ba5b3de 
Dealt to Hero [4c 2s]
Dealt to bedef5f3 
Hero: folds
bedef5f3: calls 50
f61c4ef4: folds
7d32142c: folds
ef077fb5: folds
ce38cc76: folds
7a0f8a1: calls 25
3ba5b3de: checks
*** FLOP *** [6d 4s Kh]
7a0f8a1: checks
3ba5b3de: checks
bedef5f3: checks
*** TURN *** [6d 4s Kh] [Ks]
7a0f8a1: checks
3ba5b3de: checks
bedef5f3: checks
*** RIVER *** [6d 4s Kh Ks] [Kc]
7a0f8a1: checks
3ba5b3de: checks
bedef5f3: checks
7a0f8a1: shows [Ad 3h] (three of a kind, Kings)
3ba5b3de: shows [5d 9h] (three of a kind, Kings)
bedef5f3: shows [Js 9s] (three of a kind, Kings)
*** SHOWDOWN ***
7a0f8a1 collected 198 from pot
*** SUMMARY ***
Total pot 198 | Rake 0 | Jackpot 0 | Bingo 0 | Fortune 0 | Tax 0
Board [6d 4s Kh Ks Kc]
Seat 1: f61c4ef4 folded before Flop
Seat 2: 7d32142c folded before Flop
Seat 3: ef077fb5 folded before Flop
Seat 4: ce38cc76 (button) folded before Flop
Seat 5: 7a0f8a1 (small blind) showed [Ad 3h] and won (198) with three of a kind, Kings
Seat 6: 3ba5b3de (big blind) showed [5d 9h] and lost with three of a kind, Kings
Seat 7: Hero folded before Flop
Seat 8: bedef5f3 showed [Js 9s] and lost with three of a kind, Kings


Poker Hand #TM5577886518: Tournament #262414903, APL Series: ¥110 Zodiac Bounty + Rat Hold'em No Limit - Level1(25/50(6)) - 2026/02/12 15:37:18
Table '24' 8-max Seat #2 is the button
Seat 1: f61c4ef4 (10,000 in chips)
Seat 2: 7d32142c (9,719 in chips)
Seat 4: ce38cc76 (9,714 in chips)
Seat 5: 7a0f8a1 (18,112 in chips)
Seat 6: 3ba5b3de (9,988 in chips)
Seat 7: Hero (10,738 in chips)
Seat 8: bedef5f3 (11,765 in chips)
ce38cc76: posts the ante 6
Hero: posts the ante 6
7d32142c: posts the ante 6
f61c4ef4: posts the ante 6
3ba5b3de: posts the ante 6
bedef5f3: posts the ante 6
7a0f8a1: posts the ante 6
ce38cc76: posts small blind 25
7a0f8a1: posts big blind 50
*** HOLE CARDS ***
Dealt to f61c4ef4 
Dealt to 7d32142c 
Dealt to ce38cc76 
Dealt to 7a0f8a1 
Dealt to 3ba5b3de 
Dealt to Hero [Kc 6d]
Dealt to bedef5f3 
3ba5b3de: folds
Hero: folds
bedef5f3: calls 50
f61c4ef4: raises 150 to 200
7d32142c: folds
ce38cc76: folds
7a0f8a1: folds
bedef5f3: calls 150
*** FLOP *** [5c 4d 2d]
bedef5f3: checks
f61c4ef4: checks
*** TURN *** [5c 4d 2d] [8h]
bedef5f3: bets 171
f61c4ef4: calls 171
*** RIVER *** [5c 4d 2d 8h] [5h]
bedef5f3: checks
f61c4ef4: checks
bedef5f3: shows [3c 2c] (two pair, Fives and Twos)
f61c4ef4: shows [Kh Td] (a pair of Fives)
*** SHOWDOWN ***
bedef5f3 collected 859 from pot
*** SUMMARY ***
Total pot 859 | Rake 0 | Jackpot 0 | Bingo 0 | Fortune 0 | Tax 0
Board [5c 4d 2d 8h 5h]
Seat 1: f61c4ef4 showed [Kh Td] and lost with a pair of Fives
Seat 2: 7d32142c (button) folded before Flop
Seat 4: ce38cc76 (small blind) folded before Flop
Seat 5: 7a0f8a1 (big blind) folded before Flop
Seat 6: 3ba5b3de folded before Flop
Seat 7: Hero folded before Flop
Seat 8: bedef5f3 showed [3c 2c] and won (859) with two pair, Fives and Twos


Poker Hand #TM5577886510: Tournament #262414903, APL Series: ¥110 Zodiac Bounty + Rat Hold'em No Limit - Level1(25/50(6)) - 2026/02/12 15:36:15
Table '24' 8-max Seat #8 is the button
Seat 2: 7d32142c (9,920 in chips)
Seat 4: ce38cc76 (9,770 in chips)
Seat 5: 7a0f8a1 (18,118 in chips)
Seat 6: 3ba5b3de (9,994 in chips)
Seat 7: Hero (10,463 in chips)
Seat 8: bedef5f3 (11,771 in chips)
ce38cc76: posts the ante 6
Hero: posts the ante 6
7d32142c: posts the ante 6
3ba5b3de: posts the ante 6
bedef5f3: posts the ante 6
7a0f8a1: posts the ante 6
7d32142c: posts small blind 25
ce38cc76: posts big blind 50
*** HOLE CARDS ***
Dealt to 7d32142c 
Dealt to ce38cc76 
Dealt to 7a0f8a1 
Dealt to 3ba5b3de 
Dealt to Hero [9h Qh]
Dealt to bedef5f3 
7a0f8a1: folds
3ba5b3de: folds
Hero: raises 50 to 100
bedef5f3: folds
7d32142c: calls 75
ce38cc76: folds
*** FLOP *** [Js 3h 3c]
7d32142c: checks
Hero: bets 95
7d32142c: calls 95
*** TURN *** [Js 3h 3c] [8c]
7d32142c: checks
Hero: bets 238
7d32142c: folds
Uncalled bet (238) returned to Hero
*** SHOWDOWN ***
Hero collected 476 from pot
*** SUMMARY ***
Total pot 476 | Rake 0 | Jackpot 0 | Bingo 0 | Fortune 0 | Tax 0
Board [Js 3h 3c 8c]
Seat 2: 7d32142c (small blind) folded on the Turn
Seat 4: ce38cc76 (big blind) folded before Flop
Seat 5: 7a0f8a1 folded before Flop
Seat 6: 3ba5b3de folded before Flop
Seat 7: Hero won (476)
Seat 8: bedef5f3 (button) folded before Flop


Poker Hand #TM5577886498: Tournament #262414903, APL Series: ¥110 Zodiac Bounty + Rat Hold'em No Limit - Level1(25/50(6)) - 2026/02/12 15:34:15
Table '24' 8-max Seat #7 is the button
Seat 2: 7d32142c (9,976 in chips)
Seat 3: f113ae3e (8,421 in chips)
Seat 4: ce38cc76 (9,776 in chips)
Seat 5: 7a0f8a1 (9,592 in chips)
Seat 6: 3ba5b3de (10,000 in chips)
Seat 7: Hero (10,469 in chips)
Seat 8: bedef5f3 (11,802 in chips)
ce38cc76: posts the ante 6
Hero: posts the ante 6
7d32142c: posts the ante 6
3ba5b3de: posts the ante 6
f113ae3e: posts the ante 6
bedef5f3: posts the ante 6
7a0f8a1: posts the ante 6
bedef5f3: posts small blind 25
7d32142c: posts big blind 50
*** HOLE CARDS ***
Dealt to 7d32142c 
Dealt to f113ae3e 
Dealt to ce38cc76 
Dealt to 7a0f8a1 
Dealt to 3ba5b3de 
Dealt to Hero [7s Ad]
Dealt to bedef5f3 
f113ae3e: raises 100 to 150
ce38cc76: folds
7a0f8a1: raises 450 to 600
3ba5b3de: folds
Hero: folds
bedef5f3: folds
7d32142c: folds
f113ae3e: calls 450
*** FLOP *** [8d Jc 4d]
f113ae3e: checks
7a0f8a1: bets 461
f113ae3e: raises 739 to 1,200
7a0f8a1: calls 739
*** TURN *** [8d Jc 4d] [9c]
f113ae3e: bets 2,125
7a0f8a1: calls 2,125
*** RIVER *** [8d Jc 4d 9c] [7c]
f113ae3e: bets 4,490 and is all-in
7a0f8a1: calls 4,490
f113ae3e: shows [7d 6d] (a pair of Sevens)
7a0f8a1: shows [Th Td] (a straight, Jack to Seven)
*** SHOWDOWN ***
7a0f8a1 collected 16,947 from pot
*** SUMMARY ***
Total pot 16,947 | Rake 0 | Jackpot 0 | Bingo 0 | Fortune 0 | Tax 0
Board [8d Jc 4d 9c 7c]
Seat 2: 7d32142c (big blind) folded before Flop
Seat 3: f113ae3e showed [7d 6d] and lost with a pair of Sevens
Seat 4: ce38cc76 folded before Flop
Seat 5: 7a0f8a1 showed [Th Td] and won (16,947) with a straight, Jack to Seven
Seat 6: 3ba5b3de folded before Flop
Seat 7: Hero (button) folded before Flop
Seat 8: bedef5f3 (small blind) folded before Flop


Poker Hand #TM5577886496: Tournament #262414903, APL Series: ¥110 Zodiac Bounty + Rat Hold'em No Limit - Level1(25/50(6)) - 2026/02/12 15:33:51
Table '24' 8-max Seat #5 is the button
Seat 1: fba7c6b1 (9,982 in chips)
Seat 2: 7d32142c (9,982 in chips)
Seat 3: f113ae3e (8,427 in chips)
Seat 4: ce38cc76 (9,782 in chips)
Seat 5: 7a0f8a1 (9,598 in chips)
Seat 7: Hero (10,383 in chips)
Seat 8: bedef5f3 (11,858 in chips)
ce38cc76: posts the ante 6
Hero: posts the ante 6
7d32142c: posts the ante 6
fba7c6b1: posts the ante 6
f113ae3e: posts the ante 6
bedef5f3: posts the ante 6
7a0f8a1: posts the ante 6
Hero: posts small blind 25
bedef5f3: posts big blind 50
*** HOLE CARDS ***
Dealt to fba7c6b1 
Dealt to 7d32142c 
Dealt to f113ae3e 
Dealt to ce38cc76 
Dealt to 7a0f8a1 
Dealt to Hero [7s 8h]
Dealt to bedef5f3 
fba7c6b1: folds
7d32142c: folds
f113ae3e: folds
ce38cc76: folds
7a0f8a1: folds
Hero: raises 100 to 150
bedef5f3: folds
Uncalled bet (100) returned to Hero
*** SHOWDOWN ***
Hero collected 142 from pot
*** SUMMARY ***
Total pot 142 | Rake 0 | Jackpot 0 | Bingo 0 | Fortune 0 | Tax 0
Seat 1: fba7c6b1 folded before Flop
Seat 2: 7d32142c folded before Flop
Seat 3: f113ae3e folded before Flop
Seat 4: ce38cc76 folded before Flop
Seat 5: 7a0f8a1 (button) folded before Flop
Seat 7: Hero (small blind) collected (142)
Seat 8: bedef5f3 (big blind) folded before Flop


Poker Hand #TM5577886489: Tournament #262414903, APL Series: ¥110 Zodiac Bounty + Rat Hold'em No Limit - Level1(25/50(6)) - 2026/02/12 15:32:59
Table '24' 8-max Seat #4 is the button
Seat 1: fba7c6b1 (9,988 in chips)
Seat 2: 7d32142c (9,988 in chips)
Seat 3: f113ae3e (8,433 in chips)
Seat 4: ce38cc76 (9,913 in chips)
Seat 5: 7a0f8a1 (9,938 in chips)
Seat 7: Hero (9,888 in chips)
Seat 8: bedef5f3 (11,864 in chips)
ce38cc76: posts the ante 6
Hero: posts the ante 6
7d32142c: posts the ante 6
fba7c6b1: posts the ante 6
f113ae3e: posts the ante 6
bedef5f3: posts the ante 6
7a0f8a1: posts the ante 6
7a0f8a1: posts small blind 25
Hero: posts big blind 50
*** HOLE CARDS ***
Dealt to fba7c6b1 
Dealt to 7d32142c 
Dealt to f113ae3e 
Dealt to ce38cc76 
Dealt to 7a0f8a1 
Dealt to Hero [Ah 2c]
Dealt to bedef5f3 
bedef5f3: folds
fba7c6b1: folds
7d32142c: folds
f113ae3e: folds
ce38cc76: raises 75 to 125
7a0f8a1: calls 100
Hero: calls 75
*** FLOP *** [4h 8h 9c]
7a0f8a1: checks
Hero: bets 209
ce38cc76: folds
7a0f8a1: calls 209
*** TURN *** [4h 8h 9c] [9h]
7a0f8a1: checks
Hero: bets 276
7a0f8a1: folds
Uncalled bet (276) returned to Hero
*** SHOWDOWN ***
Hero collected 835 from pot
*** SUMMARY ***
Total pot 835 | Rake 0 | Jackpot 0 | Bingo 0 | Fortune 0 | Tax 0
Board [4h 8h 9c 9h]
Seat 1: fba7c6b1 folded before Flop
Seat 2: 7d32142c folded before Flop
Seat 3: f113ae3e folded before Flop
Seat 4: ce38cc76 (button) folded on the Flop
Seat 5: 7a0f8a1 (small blind) folded on the Turn
Seat 7: Hero (big blind) won (835)
Seat 8: bedef5f3 folded before Flop


Poker Hand #TM5577886479: Tournament #262414903, APL Series: ¥110 Zodiac Bounty + Rat Hold'em No Limit - Level1(25/50(6)) - 2026/02/12 15:31:02
Table '24' 8-max Seat #3 is the button
Seat 1: fba7c6b1 (9,994 in chips)
Seat 2: 7d32142c (9,994 in chips)
Seat 3: f113ae3e (9,969 in chips)
Seat 4: ce38cc76 (9,944 in chips)
Seat 5: 7a0f8a1 (9,994 in chips)
Seat 6: 44f59e8 (9,994 in chips)
Seat 7: Hero (9,894 in chips)
Seat 8: bedef5f3 (10,217 in chips)
44f59e8: posts the ante 6
ce38cc76: posts the ante 6
Hero: posts the ante 6
7d32142c: posts the ante 6
fba7c6b1: posts the ante 6
f113ae3e: posts the ante 6
bedef5f3: posts the ante 6
7a0f8a1: posts the ante 6
ce38cc76: posts small blind 25
7a0f8a1: posts big blind 50
*** HOLE CARDS ***
Dealt to fba7c6b1 
Dealt to 7d32142c 
Dealt to f113ae3e 
Dealt to ce38cc76 
Dealt to 7a0f8a1 
Dealt to 44f59e8 
Dealt to Hero [4d 7s]
Dealt to bedef5f3 
44f59e8: folds
Hero: folds
bedef5f3: calls 50
fba7c6b1: folds
7d32142c: folds
f113ae3e: raises 350 to 400
ce38cc76: folds
7a0f8a1: folds
bedef5f3: calls 350
*** FLOP *** [9d 6s 6c]
bedef5f3: checks
f113ae3e: bets 330
bedef5f3: calls 330
*** TURN *** [9d 6s 6c] [6d]
bedef5f3: checks
f113ae3e: bets 800
bedef5f3: calls 800
*** RIVER *** [9d 6s 6c 6d] [8d]
bedef5f3: checks
f113ae3e: checks
bedef5f3: shows [As Ad] (a full house, Sixes full of Aces)
f113ae3e: shows [Kd Ah] (three of a kind, Sixes)
*** SHOWDOWN ***
bedef5f3 collected 3,183 from pot
*** SUMMARY ***
Total pot 3,183 | Rake 0 | Jackpot 0 | Bingo 0 | Fortune 0 | Tax 0
Board [9d 6s 6c 6d 8d]
Seat 1: fba7c6b1 folded before Flop
Seat 2: 7d32142c folded before Flop
Seat 3: f113ae3e (button) showed [Kd Ah] and lost with three of a kind, Sixes
Seat 4: ce38cc76 (small blind) folded before Flop
Seat 5: 7a0f8a1 (big blind) folded before Flop
Seat 6: 44f59e8 folded before Flop
Seat 7: Hero folded before Flop
Seat 8: bedef5f3 showed [As Ad] and won (3,183) with a full house, Sixes full of Aces


Poker Hand #TM5577886469: Tournament #262414903, APL Series: ¥110 Zodiac Bounty + Rat Hold'em No Limit - Level1(25/50(6)) - 2026/02/12 15:30:02
Table '24' 8-max Seat #2 is the button
Seat 1: fba7c6b1 (10,000 in chips)
Seat 2: 7d32142c (10,000 in chips)
Seat 3: f113ae3e (10,000 in chips)
Seat 4: ce38cc76 (10,000 in chips)
Seat 5: 7a0f8a1 (10,000 in chips)
Seat 6: 44f59e8 (10,000 in chips)
Seat 7: Hero (10,000 in chips)
Seat 8: bedef5f3 (10,000 in chips)
44f59e8: posts the ante 6
ce38cc76: posts the ante 6
Hero: posts the ante 6
7d32142c: posts the ante 6
fba7c6b1: posts the ante 6
f113ae3e: posts the ante 6
bedef5f3: posts the ante 6
7a0f8a1: posts the ante 6
f113ae3e: posts small blind 25
ce38cc76: posts big blind 50
*** HOLE CARDS ***
Dealt to fba7c6b1 
Dealt to 7d32142c 
Dealt to f113ae3e 
Dealt to ce38cc76 
Dealt to 7a0f8a1 
Dealt to 44f59e8 
Dealt to Hero [Ks Th]
Dealt to bedef5f3 
7a0f8a1: folds
44f59e8: folds
Hero: raises 50 to 100
bedef5f3: calls 100
fba7c6b1: folds
7d32142c: folds
f113ae3e: folds
ce38cc76: folds
*** FLOP *** [7s 2d 8d]
Hero: checks
bedef5f3: checks
*** TURN *** [7s 2d 8d] [5h]
Hero: checks
bedef5f3: checks
*** RIVER *** [7s 2d 8d 5h] [7c]
Hero: checks
bedef5f3: checks
Hero: shows [Ks Th] (a pair of Sevens)
bedef5f3: shows [Ad Jh] (a pair of Sevens)
*** SHOWDOWN ***
bedef5f3 collected 323 from pot
*** SUMMARY ***
Total pot 323 | Rake 0 | Jackpot 0 | Bingo 0 | Fortune 0 | Tax 0
Board [7s 2d 8d 5h 7c]
Seat 1: fba7c6b1 folded before Flop
Seat 2: 7d32142c (button) folded before Flop
Seat 3: f113ae3e (small blind) folded before Flop
Seat 4: ce38cc76 (big blind) folded before Flop
Seat 5: 7a0f8a1 folded before Flop
Seat 6: 44f59e8 folded before Flop
Seat 7: Hero showed [Ks Th] and lost with a pair of Sevens
Seat 8: bedef5f3 showed [Ad Jh] and won (323) with a pair of Sevens


