Poker Hand #TM5571262754: Tournament #262414653, APL Series: ¥110 Zodiac Bounty + Rat Hold'em No Limit - Level7(150/300(35)) - 2026/02/10 16:38:09
Table '48' 8-max Seat #7 is the button
Seat 1: ab704251 (8,835 in chips)
Seat 2: a1e2b960 (1,276 in chips)
Seat 3: 72633bbf (9,185 in chips)
Seat 4: 88cb086c (20,278 in chips)
Seat 5: e13600a8 (35,134 in chips)
Seat 6: 7ddf3d01 (19,694 in chips)
Seat 7: 5defbab0 (4,297 in chips)
Seat 8: Hero (6,289 in chips)
ab704251: posts the ante 35
5defbab0: posts the ante 35
88cb086c: posts the ante 35
Hero: posts the ante 35
e13600a8: posts the ante 35
72633bbf: posts the ante 35
a1e2b960: posts the ante 35
7ddf3d01: posts the ante 35
Hero: posts small blind 150
ab704251: posts big blind 300
*** HOLE CARDS ***
Dealt to ab704251 
Dealt to a1e2b960 
Dealt to 72633bbf 
Dealt to 88cb086c 
Dealt to e13600a8 
Dealt to 7ddf3d01 
Dealt to 5defbab0 
Dealt to Hero [3c Ac]
a1e2b960: raises 941 to 1,241 and is all-in
72633bbf: folds
88cb086c: folds
e13600a8: folds
7ddf3d01: folds
5defbab0: folds
Hero: raises 5,013 to 6,254 and is all-in
ab704251: calls 5,954
Hero: shows [3c Ac]
ab704251: shows [Ks Js]
a1e2b960: shows [9d Jc]
*** FLOP *** [Qc 5h Td]
*** TURN *** [Qc 5h Td] [Kc]
*** RIVER *** [Qc 5h Td Kc] [4s]
*** SHOWDOWN ***
a1e2b960 collected 4,003 from pot
ab704251 collected 10,026 from pot
*** SUMMARY ***
Total pot 14,029 | Rake 0 | Jackpot 0 | Bingo 0 | Fortune 0 | Tax 0
Board [Qc 5h Td Kc 4s]
Seat 1: ab704251 (big blind) showed [Ks Js] and won (10,026) with a pair of Kings
Seat 2: a1e2b960 showed [9d Jc] and won (4,003) with a straight, King to Nine
Seat 3: 72633bbf folded before Flop
Seat 4: 88cb086c folded before Flop
Seat 5: e13600a8 folded before Flop
Seat 6: 7ddf3d01 folded before Flop
Seat 7: 5defbab0 (button) folded before Flop
Seat 8: Hero (small blind) showed [3c Ac] and lost with Ace high


Poker Hand #TM5571262744: Tournament #262414653, APL Series: ¥110 Zodiac Bounty + Rat Hold'em No Limit - Level7(150/300(35)) - 2026/02/10 16:37:03
Table '48' 8-max Seat #6 is the button
Seat 1: ab704251 (8,870 in chips)
Seat 2: a1e2b960 (1,311 in chips)
Seat 3: 72633bbf (9,220 in chips)
Seat 4: 88cb086c (20,313 in chips)
Seat 5: e13600a8 (30,598 in chips)
Seat 6: 7ddf3d01 (19,729 in chips)
Seat 7: 5defbab0 (4,482 in chips)
Seat 8: Hero (10,465 in chips)
ab704251: posts the ante 35
5defbab0: posts the ante 35
88cb086c: posts the ante 35
Hero: posts the ante 35
e13600a8: posts the ante 35
72633bbf: posts the ante 35
a1e2b960: posts the ante 35
7ddf3d01: posts the ante 35
5defbab0: posts small blind 150
Hero: posts big blind 300
*** HOLE CARDS ***
Dealt to ab704251 
Dealt to a1e2b960 
Dealt to 72633bbf 
Dealt to 88cb086c 
Dealt to e13600a8 
Dealt to 7ddf3d01 
Dealt to 5defbab0 
Dealt to Hero [Jh 9s]
ab704251: folds
a1e2b960: folds
72633bbf: folds
88cb086c: folds
e13600a8: raises 330 to 630
7ddf3d01: folds
5defbab0: folds
Hero: calls 330
*** FLOP *** [4d 4h 3c]
Hero: checks
e13600a8: bets 592
Hero: calls 592
*** TURN *** [4d 4h 3c] [Ad]
Hero: checks
e13600a8: bets 1,006
Hero: raises 1,913 to 2,919
e13600a8: calls 1,913
*** RIVER *** [4d 4h 3c Ad] [9c]
Hero: checks
e13600a8: checks
Hero: shows [Jh 9s] (two pair, Nines and Fours)
e13600a8: shows [5h Ah] (two pair, Aces and Fours)
*** SHOWDOWN ***
e13600a8 collected 8,712 from pot
*** SUMMARY ***
Total pot 8,712 | Rake 0 | Jackpot 0 | Bingo 0 | Fortune 0 | Tax 0
Board [4d 4h 3c Ad 9c]
Seat 1: ab704251 folded before Flop
Seat 2: a1e2b960 folded before Flop
Seat 3: 72633bbf folded before Flop
Seat 4: 88cb086c folded before Flop
Seat 5: e13600a8 showed [5h Ah] and won (8,712) with two pair, Aces and Fours
Seat 6: 7ddf3d01 (button) folded before Flop
Seat 7: 5defbab0 (small blind) folded before Flop
Seat 8: Hero (big blind) showed [Jh 9s] and lost with two pair, Nines and Fours


Poker Hand #TM5571262729: Tournament #262414653, APL Series: ¥110 Zodiac Bounty + Rat Hold'em No Limit - Level6(125/250(30)) - 2026/02/10 16:35:31
Table '48' 8-max Seat #5 is the button
Seat 1: ab704251 (8,900 in chips)
Seat 2: a1e2b960 (1,341 in chips)
Seat 3: 72633bbf (9,250 in chips)
Seat 4: 88cb086c (18,795 in chips)
Seat 5: e13600a8 (30,628 in chips)
Seat 6: 7ddf3d01 (19,884 in chips)
Seat 7: 5defbab0 (5,695 in chips)
Seat 8: Hero (10,495 in chips)
ab704251: posts the ante 30
5defbab0: posts the ante 30
88cb086c: posts the ante 30
Hero: posts the ante 30
e13600a8: posts the ante 30
72633bbf: posts the ante 30
a1e2b960: posts the ante 30
7ddf3d01: posts the ante 30
7ddf3d01: posts small blind 125
5defbab0: posts big blind 250
*** HOLE CARDS ***
Dealt to ab704251 
Dealt to a1e2b960 
Dealt to 72633bbf 
Dealt to 88cb086c 
Dealt to e13600a8 
Dealt to 7ddf3d01 
Dealt to 5defbab0 
Dealt to Hero [5h 9c]
Hero: folds
ab704251: folds
a1e2b960: folds
72633bbf: folds
88cb086c: raises 250 to 500
e13600a8: folds
7ddf3d01: folds
5defbab0: calls 250
*** FLOP *** [4d Td 7s]
5defbab0: checks
88cb086c: bets 683
5defbab0: calls 683
*** TURN *** [4d Td 7s] [9s]
5defbab0: checks
88cb086c: bets 2,049
5defbab0: folds
Uncalled bet (2,049) returned to 88cb086c
*** SHOWDOWN ***
88cb086c collected 2,731 from pot
*** SUMMARY ***
Total pot 2,731 | Rake 0 | Jackpot 0 | Bingo 0 | Fortune 0 | Tax 0
Board [4d Td 7s 9s]
Seat 1: ab704251 folded before Flop
Seat 2: a1e2b960 folded before Flop
Seat 3: 72633bbf folded before Flop
Seat 4: 88cb086c won (2,731)
Seat 5: e13600a8 (button) folded before Flop
Seat 6: 7ddf3d01 (small blind) folded before Flop
Seat 7: 5defbab0 (big blind) folded on the Turn
Seat 8: Hero folded before Flop


Poker Hand #TM5571262723: Tournament #262414653, APL Series: ¥110 Zodiac Bounty + Rat Hold'em No Limit - Level6(125/250(30)) - 2026/02/10 16:34:59
Table '48' 8-max Seat #4 is the button
Seat 1: ab704251 (8,930 in chips)
Seat 2: a1e2b960 (1,371 in chips)
Seat 3: 72633bbf (9,280 in chips)
Seat 4: 88cb086c (18,825 in chips)
Seat 5: e13600a8 (30,783 in chips)
Seat 6: 7ddf3d01 (20,164 in chips)
Seat 7: 5defbab0 (5,725 in chips)
Seat 8: Hero (9,910 in chips)
ab704251: posts the ante 30
5defbab0: posts the ante 30
88cb086c: posts the ante 30
Hero: posts the ante 30
72633bbf: posts the ante 30
e13600a8: posts the ante 30
a1e2b960: posts the ante 30
7ddf3d01: posts the ante 30
e13600a8: posts small blind 125
7ddf3d01: posts big blind 250
*** HOLE CARDS ***
Dealt to ab704251 
Dealt to a1e2b960 
Dealt to 72633bbf 
Dealt to 88cb086c 
Dealt to e13600a8 
Dealt to 7ddf3d01 
Dealt to 5defbab0 
Dealt to Hero [8s 7s]
5defbab0: folds
Hero: raises 250 to 500
ab704251: folds
a1e2b960: folds
72633bbf: folds
88cb086c: folds
e13600a8: folds
7ddf3d01: folds
Uncalled bet (250) returned to Hero
*** SHOWDOWN ***
Hero collected 865 from pot
*** SUMMARY ***
Total pot 865 | Rake 0 | Jackpot 0 | Bingo 0 | Fortune 0 | Tax 0
Seat 1: ab704251 folded before Flop
Seat 2: a1e2b960 folded before Flop
Seat 3: 72633bbf folded before Flop
Seat 4: 88cb086c (button) folded before Flop
Seat 5: e13600a8 (small blind) folded before Flop
Seat 6: 7ddf3d01 (big blind) folded before Flop
Seat 7: 5defbab0 folded before Flop
Seat 8: Hero collected (865)


Poker Hand #TM5571262714: Tournament #262414653, APL Series: ¥110 Zodiac Bounty + Rat Hold'em No Limit - Level6(125/250(30)) - 2026/02/10 16:34:31
Table '48' 8-max Seat #3 is the button
Seat 1: ab704251 (8,960 in chips)
Seat 2: a1e2b960 (1,401 in chips)
Seat 3: 72633bbf (9,310 in chips)
Seat 4: 88cb086c (18,980 in chips)
Seat 5: e13600a8 (31,063 in chips)
Seat 6: 7ddf3d01 (20,194 in chips)
Seat 7: 5defbab0 (5,140 in chips)
Seat 8: Hero (9,940 in chips)
ab704251: posts the ante 30
5defbab0: posts the ante 30
Hero: posts the ante 30
88cb086c: posts the ante 30
72633bbf: posts the ante 30
e13600a8: posts the ante 30
a1e2b960: posts the ante 30
7ddf3d01: posts the ante 30
88cb086c: posts small blind 125
e13600a8: posts big blind 250
*** HOLE CARDS ***
Dealt to ab704251 
Dealt to a1e2b960 
Dealt to 72633bbf 
Dealt to 88cb086c 
Dealt to e13600a8 
Dealt to 7ddf3d01 
Dealt to 5defbab0 
Dealt to Hero [4s 5h]
7ddf3d01: folds
5defbab0: raises 250 to 500
Hero: folds
ab704251: folds
a1e2b960: folds
72633bbf: folds
88cb086c: folds
e13600a8: folds
Uncalled bet (250) returned to 5defbab0
*** SHOWDOWN ***
5defbab0 collected 865 from pot
*** SUMMARY ***
Total pot 865 | Rake 0 | Jackpot 0 | Bingo 0 | Fortune 0 | Tax 0
Seat 1: ab704251 folded before Flop
Seat 2: a1e2b960 folded before Flop
Seat 3: 72633bbf (button) folded before Flop
Seat 4: 88cb086c (small blind) folded before Flop
Seat 5: e13600a8 (big blind) folded before Flop
Seat 6: 7ddf3d01 folded before Flop
Seat 7: 5defbab0 collected (865)
Seat 8: Hero folded before Flop


Poker Hand #TM5571262707: Tournament #262414653, APL Series: ¥110 Zodiac Bounty + Rat Hold'em No Limit - Level6(125/250(30)) - 2026/02/10 16:33:53
Table '48' 8-max Seat #2 is the button
Seat 1: ab704251 (8,990 in chips)
Seat 2: a1e2b960 (1,431 in chips)
Seat 3: 72633bbf (8,850 in chips)
Seat 4: 88cb086c (19,260 in chips)
Seat 5: e13600a8 (31,093 in chips)
Seat 6: 7ddf3d01 (20,224 in chips)
Seat 7: 5defbab0 (5,170 in chips)
Seat 8: Hero (9,970 in chips)
ab704251: posts the ante 30
5defbab0: posts the ante 30
Hero: posts the ante 30
88cb086c: posts the ante 30
e13600a8: posts the ante 30
72633bbf: posts the ante 30
a1e2b960: posts the ante 30
7ddf3d01: posts the ante 30
72633bbf: posts small blind 125
88cb086c: posts big blind 250
*** HOLE CARDS ***
Dealt to ab704251 
Dealt to a1e2b960 
Dealt to 72633bbf 
Dealt to 88cb086c 
Dealt to e13600a8 
Dealt to 7ddf3d01 
Dealt to 5defbab0 
Dealt to Hero [2c 8h]
e13600a8: folds
7ddf3d01: folds
5defbab0: folds
Hero: folds
ab704251: folds
a1e2b960: folds
72633bbf: raises 500 to 750
88cb086c: folds
Uncalled bet (500) returned to 72633bbf
*** SHOWDOWN ***
72633bbf collected 740 from pot
*** SUMMARY ***
Total pot 740 | Rake 0 | Jackpot 0 | Bingo 0 | Fortune 0 | Tax 0
Seat 1: ab704251 folded before Flop
Seat 2: a1e2b960 (button) folded before Flop
Seat 3: 72633bbf (small blind) collected (740)
Seat 4: 88cb086c (big blind) folded before Flop
Seat 5: e13600a8 folded before Flop
Seat 6: 7ddf3d01 folded before Flop
Seat 7: 5defbab0 folded before Flop
Seat 8: Hero folded before Flop


Poker Hand #TM5571262702: Tournament #262414653, APL Series: ¥110 Zodiac Bounty + Rat Hold'em No Limit - Level6(125/250(30)) - 2026/02/10 16:33:21
Table '48' 8-max Seat #1 is the button
Seat 1: ab704251 (9,020 in chips)
Seat 2: a1e2b960 (1,586 in chips)
Seat 3: 72633bbf (9,380 in chips)
Seat 4: 88cb086c (19,290 in chips)
Seat 5: e13600a8 (31,123 in chips)
Seat 6: 7ddf3d01 (19,389 in chips)
Seat 7: 5defbab0 (5,200 in chips)
Seat 8: Hero (10,000 in chips)
ab704251: posts the ante 30
5defbab0: posts the ante 30
Hero: posts the ante 30
88cb086c: posts the ante 30
e13600a8: posts the ante 30
72633bbf: posts the ante 30
a1e2b960: posts the ante 30
7ddf3d01: posts the ante 30
a1e2b960: posts small blind 125
72633bbf: posts big blind 250
*** HOLE CARDS ***
Dealt to ab704251 
Dealt to a1e2b960 
Dealt to 72633bbf 
Dealt to 88cb086c 
Dealt to e13600a8 
Dealt to 7ddf3d01 
Dealt to 5defbab0 
Dealt to Hero [7c 8s]
88cb086c: folds
e13600a8: folds
7ddf3d01: raises 250 to 500
5defbab0: folds
Hero: folds
ab704251: folds
a1e2b960: folds
72633bbf: calls 250
*** FLOP *** [Ac 3c 5h]
72633bbf: checks
7ddf3d01: bets 396
72633bbf: folds
Uncalled bet (396) returned to 7ddf3d01
*** SHOWDOWN ***
7ddf3d01 collected 1,365 from pot
*** SUMMARY ***
Total pot 1,365 | Rake 0 | Jackpot 0 | Bingo 0 | Fortune 0 | Tax 0
Board [Ac 3c 5h]
Seat 1: ab704251 (button) folded before Flop
Seat 2: a1e2b960 (small blind) folded before Flop
Seat 3: 72633bbf (big blind) folded on the Flop
Seat 4: 88cb086c folded before Flop
Seat 5: e13600a8 folded before Flop
Seat 6: 7ddf3d01 won (1,365)
Seat 7: 5defbab0 folded before Flop
Seat 8: Hero folded before Flop


