Poker Hand #TM5577886880: Tournament #262414903, APL Series: ¥110 Zodiac Bounty + Rat Hold'em No Limit - Level8(175/350(35)) - 2026/02/12 17:02:10
Table '24' 8-max Seat #8 is the button
Seat 1: 29d269a3 (20,029 in chips)
Seat 2: Hero (3,484 in chips)
Seat 3: cef5a007 (9,965 in chips)
Seat 4: 7c029eca (9,352 in chips)
Seat 5: 7a0f8a1 (21,812 in chips)
Seat 6: f5410a37 (43,806 in chips)
Seat 7: 82600af2 (14,551 in chips)
Seat 8: bff2761d (36,332 in chips)
bff2761d: posts the ante 35
Hero: posts the ante 35
29d269a3: posts the ante 35
f5410a37: posts the ante 35
82600af2: posts the ante 35
7c029eca: posts the ante 35
cef5a007: posts the ante 35
7a0f8a1: posts the ante 35
29d269a3: posts small blind 175
Hero: posts big blind 350
*** HOLE CARDS ***
Dealt to 29d269a3 
Dealt to Hero [8c As]
Dealt to cef5a007 
Dealt to 7c029eca 
Dealt to 7a0f8a1 
Dealt to f5410a37 
Dealt to 82600af2 
Dealt to bff2761d 
cef5a007: folds
7c029eca: folds
7a0f8a1: folds
f5410a37: raises 385 to 735
82600af2: folds
bff2761d: folds
29d269a3: folds
Hero: raises 2,714 to 3,449 and is all-in
f5410a37: calls 2,714
Hero: shows [8c As]
f5410a37: shows [4d Ad]
*** FLOP *** [Qc 2d 8d]
*** TURN *** [Qc 2d 8d] [2c]
*** RIVER *** [Qc 2d 8d 2c] [Kd]
*** SHOWDOWN ***
f5410a37 collected 7,353 from pot
*** SUMMARY ***
Total pot 7,353 | Rake 0 | Jackpot 0 | Bingo 0 | Fortune 0 | Tax 0
Board [Qc 2d 8d 2c Kd]
Seat 1: 29d269a3 (small blind) folded before Flop
Seat 2: Hero (big blind) showed [8c As] and lost with two pair, Eights and Twos
Seat 3: cef5a007 folded before Flop
Seat 4: 7c029eca folded before Flop
Seat 5: 7a0f8a1 folded before Flop
Seat 6: f5410a37 showed [4d Ad] and won (7,353) with a flush Ace high
Seat 7: 82600af2 folded before Flop
Seat 8: bff2761d (button) folded before Flop


Poker Hand #TM5577886873: Tournament #262414903, APL Series: ¥110 Zodiac Bounty + Rat Hold'em No Limit - Level8(175/350(35)) - 2026/02/12 17:01:25
Table '24' 8-max Seat #7 is the button
Seat 1: 29d269a3 (20,414 in chips)
Seat 2: Hero (2,714 in chips)
Seat 3: cef5a007 (10,000 in chips)
Seat 4: 7c029eca (9,387 in chips)
Seat 5: 7a0f8a1 (21,847 in chips)
Seat 6: f5410a37 (43,841 in chips)
Seat 7: 82600af2 (14,586 in chips)
Seat 8: bff2761d (36,542 in chips)
bff2761d: posts the ante 35
Hero: posts the ante 35
29d269a3: posts the ante 35
f5410a37: posts the ante 35
82600af2: posts the ante 35
7c029eca: posts the ante 35
cef5a007: posts the ante 35
7a0f8a1: posts the ante 35
bff2761d: posts small blind 175
29d269a3: posts big blind 350
*** HOLE CARDS ***
Dealt to 29d269a3 
Dealt to Hero [9h 9d]
Dealt to cef5a007 
Dealt to 7c029eca 
Dealt to 7a0f8a1 
Dealt to f5410a37 
Dealt to 82600af2 
Dealt to bff2761d 
Hero: raises 2,329 to 2,679 and is all-in
cef5a007: folds
7c029eca: folds
7a0f8a1: folds
f5410a37: folds
82600af2: folds
bff2761d: folds
29d269a3: folds
Uncalled bet (2,329) returned to Hero
*** SHOWDOWN ***
Hero collected 1,155 from pot
*** SUMMARY ***
Total pot 1,155 | Rake 0 | Jackpot 0 | Bingo 0 | Fortune 0 | Tax 0
Seat 1: 29d269a3 (big blind) folded before Flop
Seat 2: Hero collected (1,155)
Seat 3: cef5a007 folded before Flop
Seat 4: 7c029eca folded before Flop
Seat 5: 7a0f8a1 folded before Flop
Seat 6: f5410a37 folded before Flop
Seat 7: 82600af2 (button) folded before Flop
Seat 8: bff2761d (small blind) folded before Flop


Poker Hand #TM5577886866: Tournament #262414903, APL Series: ¥110 Zodiac Bounty + Rat Hold'em No Limit - Level8(175/350(35)) - 2026/02/12 16:54:52
Table '24' 8-max Seat #6 is the button
Seat 1: 29d269a3 (20,449 in chips)
Seat 2: Hero (2,749 in chips)
Seat 4: 7c029eca (9,422 in chips)
Seat 5: 7a0f8a1 (23,842 in chips)
Seat 6: f5410a37 (44,576 in chips)
Seat 7: 82600af2 (14,796 in chips)
Seat 8: bff2761d (33,497 in chips)
bff2761d: posts the ante 35
Hero: posts the ante 35
29d269a3: posts the ante 35
f5410a37: posts the ante 35
82600af2: posts the ante 35
7c029eca: posts the ante 35
7a0f8a1: posts the ante 35
82600af2: posts small blind 175
bff2761d: posts big blind 350
*** HOLE CARDS ***
Dealt to 29d269a3 
Dealt to Hero [8c Qh]
Dealt to 7c029eca 
Dealt to 7a0f8a1 
Dealt to f5410a37 
Dealt to 82600af2 
Dealt to bff2761d 
29d269a3: folds
Hero: folds
7c029eca: folds
7a0f8a1: raises 350 to 700
f5410a37: calls 700
82600af2: folds
bff2761d: calls 350
*** FLOP *** [Qd Th 7d]
bff2761d: checks
7a0f8a1: bets 1,260
f5410a37: folds
bff2761d: calls 1,260
*** TURN *** [Qd Th 7d] [4d]
bff2761d: checks
7a0f8a1: checks
*** RIVER *** [Qd Th 7d 4d] [Ad]
bff2761d: bets 2,520
7a0f8a1: folds
Uncalled bet (2,520) returned to bff2761d
*** SHOWDOWN ***
bff2761d collected 5,040 from pot
*** SUMMARY ***
Total pot 5,040 | Rake 0 | Jackpot 0 | Bingo 0 | Fortune 0 | Tax 0
Board [Qd Th 7d 4d Ad]
Seat 1: 29d269a3 folded before Flop
Seat 2: Hero folded before Flop
Seat 4: 7c029eca folded before Flop
Seat 5: 7a0f8a1 folded on the River
Seat 6: f5410a37 (button) folded on the Flop
Seat 7: 82600af2 (small blind) folded before Flop
Seat 8: bff2761d (big blind) won (5,040)


Poker Hand #TM5577886861: Tournament #262414903, APL Series: ¥110 Zodiac Bounty + Rat Hold'em No Limit - Level8(175/350(35)) - 2026/02/12 16:54:06
Table '24' 8-max Seat #5 is the button
Seat 1: 29d269a3 (21,785 in chips)
Seat 2: Hero (2,784 in chips)
Seat 4: 7c029eca (9,457 in chips)
Seat 5: 7a0f8a1 (23,877 in chips)
Seat 6: f5410a37 (44,786 in chips)
Seat 7: 82600af2 (13,110 in chips)
Seat 8: bff2761d (33,532 in chips)
bff2761d: posts the ante 35
Hero: posts the ante 35
29d269a3: posts the ante 35
f5410a37: posts the ante 35
82600af2: posts the ante 35
7c029eca: posts the ante 35
7a0f8a1: posts the ante 35
f5410a37: posts small blind 175
82600af2: posts big blind 350
*** HOLE CARDS ***
Dealt to 29d269a3 
Dealt to Hero [8d 5s]
Dealt to 7c029eca 
Dealt to 7a0f8a1 
Dealt to f5410a37 
Dealt to 82600af2 
Dealt to bff2761d 
bff2761d: folds
29d269a3: raises 350 to 700
Hero: folds
7c029eca: folds
7a0f8a1: folds
f5410a37: folds
82600af2: calls 350
*** FLOP *** [Th 9h Ad]
82600af2: checks
29d269a3: bets 601
82600af2: calls 601
*** TURN *** [Th 9h Ad] [7h]
82600af2: bets 998
29d269a3: folds
Uncalled bet (998) returned to 82600af2
*** SHOWDOWN ***
82600af2 collected 3,022 from pot
*** SUMMARY ***
Total pot 3,022 | Rake 0 | Jackpot 0 | Bingo 0 | Fortune 0 | Tax 0
Board [Th 9h Ad 7h]
Seat 1: 29d269a3 folded on the Turn
Seat 2: Hero folded before Flop
Seat 4: 7c029eca folded before Flop
Seat 5: 7a0f8a1 (button) folded before Flop
Seat 6: f5410a37 (small blind) folded before Flop
Seat 7: 82600af2 (big blind) won (3,022)
Seat 8: bff2761d folded before Flop


Poker Hand #TM5577886857: Tournament #262414903, APL Series: ¥110 Zodiac Bounty + Rat Hold'em No Limit - Level8(175/350(35)) - 2026/02/12 16:53:32
Table '24' 8-max Seat #4 is the button
Seat 1: 29d269a3 (19,090 in chips)
Seat 2: Hero (2,819 in chips)
Seat 4: 7c029eca (9,492 in chips)
Seat 5: 7a0f8a1 (24,087 in chips)
Seat 6: f5410a37 (47,131 in chips)
Seat 7: 82600af2 (13,145 in chips)
Seat 8: bff2761d (33,567 in chips)
bff2761d: posts the ante 35
Hero: posts the ante 35
29d269a3: posts the ante 35
f5410a37: posts the ante 35
82600af2: posts the ante 35
7c029eca: posts the ante 35
7a0f8a1: posts the ante 35
7a0f8a1: posts small blind 175
f5410a37: posts big blind 350
*** HOLE CARDS ***
Dealt to 29d269a3 
Dealt to Hero [Td 9c]
Dealt to 7c029eca 
Dealt to 7a0f8a1 
Dealt to f5410a37 
Dealt to 82600af2 
Dealt to bff2761d 
82600af2: folds
bff2761d: folds
29d269a3: raises 700 to 1,050
Hero: folds
7c029eca: folds
7a0f8a1: folds
f5410a37: calls 700
*** FLOP *** [Ad 6c 5c]
f5410a37: checks
29d269a3: bets 1,260
f5410a37: calls 1,260
*** TURN *** [Ad 6c 5c] [Kc]
f5410a37: checks
29d269a3: bets 1,664
f5410a37: folds
Uncalled bet (1,664) returned to 29d269a3
*** SHOWDOWN ***
29d269a3 collected 5,040 from pot
*** SUMMARY ***
Total pot 5,040 | Rake 0 | Jackpot 0 | Bingo 0 | Fortune 0 | Tax 0
Board [Ad 6c 5c Kc]
Seat 1: 29d269a3 showed [Ac Kh] and won (5,040)
Seat 2: Hero folded before Flop
Seat 4: 7c029eca (button) folded before Flop
Seat 5: 7a0f8a1 (small blind) folded before Flop
Seat 6: f5410a37 (big blind) folded on the Turn
Seat 7: 82600af2 folded before Flop
Seat 8: bff2761d folded before Flop


Poker Hand #TM5577886851: Tournament #262414903, APL Series: ¥110 Zodiac Bounty + Rat Hold'em No Limit - Level8(175/350(35)) - 2026/02/12 16:52:42
Table '24' 8-max Seat #2 is the button
Seat 1: 29d269a3 (9,195 in chips)
Seat 2: Hero (12,014 in chips)
Seat 4: 7c029eca (9,702 in chips)
Seat 5: 7a0f8a1 (24,472 in chips)
Seat 6: f5410a37 (47,166 in chips)
Seat 7: 82600af2 (13,180 in chips)
Seat 8: bff2761d (33,602 in chips)
bff2761d: posts the ante 35
Hero: posts the ante 35
29d269a3: posts the ante 35
f5410a37: posts the ante 35
82600af2: posts the ante 35
7c029eca: posts the ante 35
7a0f8a1: posts the ante 35
7c029eca: posts small blind 175
7a0f8a1: posts big blind 350
*** HOLE CARDS ***
Dealt to 29d269a3 
Dealt to Hero [Ah Qd]
Dealt to 7c029eca 
Dealt to 7a0f8a1 
Dealt to f5410a37 
Dealt to 82600af2 
Dealt to bff2761d 
f5410a37: folds
82600af2: folds
bff2761d: folds
29d269a3: raises 1,050 to 1,400
Hero: raises 1,785 to 3,185
7c029eca: folds
7a0f8a1: folds
29d269a3: raises 5,975 to 9,160 and is all-in
Hero: calls 5,975
29d269a3: shows [Ac Kd]
Hero: shows [Ah Qd]
*** FLOP *** [8c 3s Js]
*** TURN *** [8c 3s Js] [5s]
*** RIVER *** [8c 3s Js 5s] [2s]
*** SHOWDOWN ***
29d269a3 collected 19,090 from pot
*** SUMMARY ***
Total pot 19,090 | Rake 0 | Jackpot 0 | Bingo 0 | Fortune 0 | Tax 0
Board [8c 3s Js 5s 2s]
Seat 1: 29d269a3 showed [Ac Kd] and won (19,090) with Ace high
Seat 2: Hero (button) showed [Ah Qd] and lost with Ace high
Seat 4: 7c029eca (small blind) folded before Flop
Seat 5: 7a0f8a1 (big blind) folded before Flop
Seat 6: f5410a37 folded before Flop
Seat 7: 82600af2 folded before Flop
Seat 8: bff2761d folded before Flop


Poker Hand #TM5577886846: Tournament #262414903, APL Series: ¥110 Zodiac Bounty + Rat Hold'em No Limit - Level8(175/350(35)) - 2026/02/12 16:52:01
Table '24' 8-max Seat #1 is the button
Seat 1: 29d269a3 (9,230 in chips)
Seat 2: Hero (12,224 in chips)
Seat 3: f250ba38 (3,604 in chips)
Seat 4: 7c029eca (9,737 in chips)
Seat 5: 7a0f8a1 (24,507 in chips)
Seat 6: f5410a37 (51,779 in chips)
Seat 7: 82600af2 (4,613 in chips)
Seat 8: bff2761d (33,637 in chips)
bff2761d: posts the ante 35
29d269a3: posts the ante 35
Hero: posts the ante 35
f5410a37: posts the ante 35
82600af2: posts the ante 35
f250ba38: posts the ante 35
7c029eca: posts the ante 35
7a0f8a1: posts the ante 35
Hero: posts small blind 175
f250ba38: posts big blind 350
*** HOLE CARDS ***
Dealt to 29d269a3 
Dealt to Hero [Kh 7s]
Dealt to f250ba38 
Dealt to 7c029eca 
Dealt to 7a0f8a1 
Dealt to f5410a37 
Dealt to 82600af2 
Dealt to bff2761d 
7c029eca: folds
7a0f8a1: folds
f5410a37: raises 385 to 735
82600af2: raises 3,843 to 4,578 and is all-in
bff2761d: folds
29d269a3: folds
Hero: folds
f250ba38: calls 3,219 and is all-in
f5410a37: calls 3,843
82600af2: shows [Td Jd]
f250ba38: shows [Jh 8h]
f5410a37: shows [9s 9c]
*** FLOP *** [8d 2s Qs]
*** TURN *** [8d 2s Qs] [Ad]
*** RIVER *** [8d 2s Qs Ad] [6d]
*** SHOWDOWN ***
82600af2 collected 11,162 from pot
82600af2 collected 2,018 from pot
*** SUMMARY ***
Total pot 13,180 | Rake 0 | Jackpot 0 | Bingo 0 | Fortune 0 | Tax 0
Board [8d 2s Qs Ad 6d]
Seat 1: 29d269a3 (button) folded before Flop
Seat 2: Hero (small blind) folded before Flop
Seat 3: f250ba38 (big blind) showed [Jh 8h] and lost with a pair of Eights
Seat 4: 7c029eca folded before Flop
Seat 5: 7a0f8a1 folded before Flop
Seat 6: f5410a37 showed [9s 9c] and lost with a pair of Nines
Seat 7: 82600af2 showed [Td Jd] and won (13,180) with a flush Ace high
Seat 8: bff2761d folded before Flop


Poker Hand #TM5577886841: Tournament #262414903, APL Series: ¥110 Zodiac Bounty + Rat Hold'em No Limit - Level8(175/350(35)) - 2026/02/12 16:51:08
Table '24' 8-max Seat #8 is the button
Seat 1: 29d269a3 (9,440 in chips)
Seat 2: Hero (8,600 in chips)
Seat 3: f250ba38 (3,639 in chips)
Seat 4: 7c029eca (9,772 in chips)
Seat 5: 7a0f8a1 (24,542 in chips)
Seat 6: f5410a37 (51,814 in chips)
Seat 7: 82600af2 (7,852 in chips)
Seat 8: bff2761d (33,672 in chips)
bff2761d: posts the ante 35
Hero: posts the ante 35
29d269a3: posts the ante 35
f5410a37: posts the ante 35
82600af2: posts the ante 35
f250ba38: posts the ante 35
7c029eca: posts the ante 35
7a0f8a1: posts the ante 35
29d269a3: posts small blind 175
Hero: posts big blind 350
*** HOLE CARDS ***
Dealt to 29d269a3 
Dealt to Hero [Js Th]
Dealt to f250ba38 
Dealt to 7c029eca 
Dealt to 7a0f8a1 
Dealt to f5410a37 
Dealt to 82600af2 
Dealt to bff2761d 
f250ba38: folds
7c029eca: folds
7a0f8a1: folds
f5410a37: folds
82600af2: raises 350 to 700
bff2761d: folds
29d269a3: folds
Hero: calls 350
*** FLOP *** [4d 9s 9d]
Hero: checks
82600af2: bets 613
Hero: calls 613
*** TURN *** [4d 9s 9d] [5d]
Hero: checks
82600af2: checks
*** RIVER *** [4d 9s 9d 5d] [Ts]
Hero: bets 1,891
82600af2: calls 1,891
Hero: shows [Js Th] (two pair, Tens and Nines)
82600af2: shows [5s 6s] (two pair, Nines and Fives)
*** SHOWDOWN ***
Hero collected 6,863 from pot
*** SUMMARY ***
Total pot 6,863 | Rake 0 | Jackpot 0 | Bingo 0 | Fortune 0 | Tax 0
Board [4d 9s 9d 5d Ts]
Seat 1: 29d269a3 (small blind) folded before Flop
Seat 2: Hero (big blind) showed [Js Th] and won (6,863) with two pair, Tens and Nines
Seat 3: f250ba38 folded before Flop
Seat 4: 7c029eca folded before Flop
Seat 5: 7a0f8a1 folded before Flop
Seat 6: f5410a37 folded before Flop
Seat 7: 82600af2 showed [5s 6s] and lost with two pair, Nines and Fives
Seat 8: bff2761d (button) folded before Flop


Poker Hand #TM5577886838: Tournament #262414903, APL Series: ¥110 Zodiac Bounty + Rat Hold'em No Limit - Level8(175/350(35)) - 2026/02/12 16:50:25
Table '24' 8-max Seat #7 is the button
Seat 1: 29d269a3 (9,825 in chips)
Seat 2: Hero (8,635 in chips)
Seat 3: f250ba38 (3,674 in chips)
Seat 4: 7c029eca (9,807 in chips)
Seat 5: 7a0f8a1 (25,277 in chips)
Seat 6: f5410a37 (50,344 in chips)
Seat 7: 82600af2 (7,887 in chips)
Seat 8: bff2761d (33,882 in chips)
bff2761d: posts the ante 35
Hero: posts the ante 35
29d269a3: posts the ante 35
f5410a37: posts the ante 35
82600af2: posts the ante 35
f250ba38: posts the ante 35
7c029eca: posts the ante 35
7a0f8a1: posts the ante 35
bff2761d: posts small blind 175
29d269a3: posts big blind 350
*** HOLE CARDS ***
Dealt to 29d269a3 
Dealt to Hero [Kc 2d]
Dealt to f250ba38 
Dealt to 7c029eca 
Dealt to 7a0f8a1 
Dealt to f5410a37 
Dealt to 82600af2 
Dealt to bff2761d 
Hero: folds
f250ba38: folds
7c029eca: folds
7a0f8a1: raises 350 to 700
f5410a37: raises 1,750 to 2,450
82600af2: folds
bff2761d: folds
29d269a3: folds
7a0f8a1: folds
Uncalled bet (1,750) returned to f5410a37
*** SHOWDOWN ***
f5410a37 collected 2,205 from pot
*** SUMMARY ***
Total pot 2,205 | Rake 0 | Jackpot 0 | Bingo 0 | Fortune 0 | Tax 0
Seat 1: 29d269a3 (big blind) folded before Flop
Seat 2: Hero folded before Flop
Seat 3: f250ba38 folded before Flop
Seat 4: 7c029eca folded before Flop
Seat 5: 7a0f8a1 folded before Flop
Seat 6: f5410a37 collected (2,205)
Seat 7: 82600af2 (button) folded before Flop
Seat 8: bff2761d (small blind) folded before Flop


Poker Hand #TM5577886825: Tournament #262414903, APL Series: ¥110 Zodiac Bounty + Rat Hold'em No Limit - Level8(175/350(35)) - 2026/02/12 16:48:23
Table '24' 8-max Seat #6 is the button
Seat 1: 29d269a3 (9,860 in chips)
Seat 2: Hero (8,670 in chips)
Seat 3: f250ba38 (3,709 in chips)
Seat 4: 7c029eca (9,842 in chips)
Seat 5: 7a0f8a1 (25,312 in chips)
Seat 6: f5410a37 (50,379 in chips)
Seat 7: 82600af2 (19,227 in chips)
Seat 8: bff2761d (22,332 in chips)
bff2761d: posts the ante 35
Hero: posts the ante 35
29d269a3: posts the ante 35
f5410a37: posts the ante 35
82600af2: posts the ante 35
f250ba38: posts the ante 35
7c029eca: posts the ante 35
7a0f8a1: posts the ante 35
82600af2: posts small blind 175
bff2761d: posts big blind 350
*** HOLE CARDS ***
Dealt to 29d269a3 
Dealt to Hero [Jd 9h]
Dealt to f250ba38 
Dealt to 7c029eca 
Dealt to 7a0f8a1 
Dealt to f5410a37 
Dealt to 82600af2 
Dealt to bff2761d 
29d269a3: folds
Hero: folds
f250ba38: folds
7c029eca: folds
7a0f8a1: folds
f5410a37: folds
82600af2: raises 1,050 to 1,400
bff2761d: calls 1,050
*** FLOP *** [Ts 4h 4c]
82600af2: checks
bff2761d: bets 1,017
82600af2: calls 1,017
*** TURN *** [Ts 4h 4c] [Jh]
82600af2: checks
bff2761d: checks
*** RIVER *** [Ts 4h 4c Jh] [6s]
82600af2: checks
bff2761d: bets 8,888
82600af2: calls 8,888
bff2761d: shows [6h 6d] (a full house, Sixes full of Fours)
82600af2: shows [Ad Qh] (a pair of Fours)
*** SHOWDOWN ***
bff2761d collected 22,890 from pot
*** SUMMARY ***
Total pot 22,890 | Rake 0 | Jackpot 0 | Bingo 0 | Fortune 0 | Tax 0
Board [Ts 4h 4c Jh 6s]
Seat 1: 29d269a3 folded before Flop
Seat 2: Hero folded before Flop
Seat 3: f250ba38 folded before Flop
Seat 4: 7c029eca folded before Flop
Seat 5: 7a0f8a1 folded before Flop
Seat 6: f5410a37 (button) folded before Flop
Seat 7: 82600af2 (small blind) showed [Ad Qh] and lost with a pair of Fours
Seat 8: bff2761d (big blind) showed [6h 6d] and won (22,890) with a full house, Sixes full of Fours


Poker Hand #TM5578664898: Tournament #262414903, APL Series: ¥110 Zodiac Bounty + Rat Hold'em No Limit - Level8(175/350(35)) - 2026/02/12 16:46:54
Table '32' 8-max Seat #8 is the button
Seat 1: 56a17f29 (31,271 in chips)
Seat 2: 40c7c0a8 (14,418 in chips)
Seat 3: 50482a5c (5,663 in chips)
Seat 4: Hero (8,705 in chips)
Seat 5: 68f25e4b (38,364 in chips)
Seat 6: e988a9de (60,693 in chips)
Seat 8: ad8cfd94 (10,855 in chips)
ad8cfd94: posts the ante 35
40c7c0a8: posts the ante 35
e988a9de: posts the ante 35
50482a5c: posts the ante 35
Hero: posts the ante 35
68f25e4b: posts the ante 35
56a17f29: posts the ante 35
56a17f29: posts small blind 175
40c7c0a8: posts big blind 350
*** HOLE CARDS ***
Dealt to 56a17f29 
Dealt to 40c7c0a8 
Dealt to 50482a5c 
Dealt to Hero [Ts 2h]
Dealt to 68f25e4b 
Dealt to e988a9de 
Dealt to ad8cfd94 
50482a5c: folds
Hero: folds
68f25e4b: folds
e988a9de: raises 350 to 700
ad8cfd94: raises 10,120 to 10,820 and is all-in
56a17f29: folds
40c7c0a8: folds
e988a9de: calls 10,120
ad8cfd94: shows [6c 6d]
e988a9de: shows [Qh Qc]
*** FLOP *** [5h Qs As]
*** TURN *** [5h Qs As] [Th]
*** RIVER *** [5h Qs As Th] [Td]
*** SHOWDOWN ***
e988a9de collected 22,410 from pot
*** SUMMARY ***
Total pot 22,410 | Rake 0 | Jackpot 0 | Bingo 0 | Fortune 0 | Tax 0
Board [5h Qs As Th Td]
Seat 1: 56a17f29 (small blind) folded before Flop
Seat 2: 40c7c0a8 (big blind) folded before Flop
Seat 3: 50482a5c folded before Flop
Seat 4: Hero folded before Flop
Seat 5: 68f25e4b folded before Flop
Seat 6: e988a9de showed [Qh Qc] and won (22,410) with a full house, Queens full of Tens
Seat 8: ad8cfd94 (button) showed [6c 6d] and lost with two pair, Tens and Sixes


Poker Hand #TM5578664884: Tournament #262414903, APL Series: ¥110 Zodiac Bounty + Rat Hold'em No Limit - Level7(150/300(35)) - 2026/02/12 16:45:41
Table '32' 8-max Seat #6 is the button
Seat 1: 56a17f29 (31,306 in chips)
Seat 2: 40c7c0a8 (16,553 in chips)
Seat 3: 50482a5c (5,698 in chips)
Seat 4: Hero (8,740 in chips)
Seat 5: 68f25e4b (49,361 in chips)
Seat 6: e988a9de (26,940 in chips)
Seat 7: 81a6820a (20,181 in chips)
Seat 8: ad8cfd94 (11,190 in chips)
40c7c0a8: posts the ante 35
ad8cfd94: posts the ante 35
e988a9de: posts the ante 35
50482a5c: posts the ante 35
Hero: posts the ante 35
81a6820a: posts the ante 35
68f25e4b: posts the ante 35
56a17f29: posts the ante 35
81a6820a: posts small blind 150
ad8cfd94: posts big blind 300
*** HOLE CARDS ***
Dealt to 56a17f29 
Dealt to 40c7c0a8 
Dealt to 50482a5c 
Dealt to Hero [6h Qh]
Dealt to 68f25e4b 
Dealt to e988a9de 
Dealt to 81a6820a 
Dealt to ad8cfd94 
56a17f29: folds
40c7c0a8: raises 300 to 600
50482a5c: folds
Hero: folds
68f25e4b: calls 600
e988a9de: raises 1,500 to 2,100
81a6820a: calls 1,950
ad8cfd94: folds
40c7c0a8: calls 1,500
68f25e4b: calls 1,500
*** FLOP *** [7s 2h 6s]
81a6820a: bets 2,964
40c7c0a8: folds
68f25e4b: calls 2,964
e988a9de: calls 2,964
*** TURN *** [7s 2h 6s] [4c]
81a6820a: bets 5,898
68f25e4b: calls 5,898
e988a9de: calls 5,898
*** RIVER *** [7s 2h 6s 4c] [Kd]
81a6820a: bets 9,184 and is all-in
68f25e4b: folds
e988a9de: calls 9,184
81a6820a: shows [8c 8h] (a pair of Eights)
e988a9de: shows [As Ks] (a pair of Kings)
*** SHOWDOWN ***
e988a9de collected 53,934 from pot
*** SUMMARY ***
Total pot 53,934 | Rake 0 | Jackpot 0 | Bingo 0 | Fortune 0 | Tax 0
Board [7s 2h 6s 4c Kd]
Seat 1: 56a17f29 folded before Flop
Seat 2: 40c7c0a8 folded on the Flop
Seat 3: 50482a5c folded before Flop
Seat 4: Hero folded before Flop
Seat 5: 68f25e4b folded on the River
Seat 6: e988a9de (button) showed [As Ks] and won (53,934) with a pair of Kings
Seat 7: 81a6820a (small blind) showed [8c 8h] and lost with a pair of Eights
Seat 8: ad8cfd94 (big blind) folded before Flop


Poker Hand #TM5578664875: Tournament #262414903, APL Series: ¥110 Zodiac Bounty + Rat Hold'em No Limit - Level7(150/300(35)) - 2026/02/12 16:44:47
Table '32' 8-max Seat #5 is the button
Seat 1: 56a17f29 (31,341 in chips)
Seat 2: 40c7c0a8 (16,588 in chips)
Seat 3: 50482a5c (5,733 in chips)
Seat 4: Hero (8,775 in chips)
Seat 5: 68f25e4b (51,969 in chips)
Seat 6: e988a9de (27,125 in chips)
Seat 7: 81a6820a (17,213 in chips)
Seat 8: ad8cfd94 (11,225 in chips)
40c7c0a8: posts the ante 35
ad8cfd94: posts the ante 35
50482a5c: posts the ante 35
e988a9de: posts the ante 35
Hero: posts the ante 35
81a6820a: posts the ante 35
68f25e4b: posts the ante 35
56a17f29: posts the ante 35
e988a9de: posts small blind 150
81a6820a: posts big blind 300
*** HOLE CARDS ***
Dealt to 56a17f29 
Dealt to 40c7c0a8 
Dealt to 50482a5c 
Dealt to Hero [4h Ts]
Dealt to 68f25e4b 
Dealt to e988a9de 
Dealt to 81a6820a 
Dealt to ad8cfd94 
ad8cfd94: folds
56a17f29: folds
40c7c0a8: folds
50482a5c: folds
Hero: folds
68f25e4b: raises 600 to 900
e988a9de: folds
81a6820a: calls 600
*** FLOP *** [6s 9h 5c]
81a6820a: checks
68f25e4b: checks
*** TURN *** [6s 9h 5c] [Jh]
81a6820a: checks
68f25e4b: bets 1,673
81a6820a: calls 1,673
*** RIVER *** [6s 9h 5c Jh] [Jd]
81a6820a: bets 1,841
68f25e4b: folds
Uncalled bet (1,841) returned to 81a6820a
*** SHOWDOWN ***
81a6820a collected 5,576 from pot
*** SUMMARY ***
Total pot 5,576 | Rake 0 | Jackpot 0 | Bingo 0 | Fortune 0 | Tax 0
Board [6s 9h 5c Jh Jd]
Seat 1: 56a17f29 folded before Flop
Seat 2: 40c7c0a8 folded before Flop
Seat 3: 50482a5c folded before Flop
Seat 4: Hero folded before Flop
Seat 5: 68f25e4b (button) folded on the River
Seat 6: e988a9de (small blind) folded before Flop
Seat 7: 81a6820a (big blind) showed [Th 7h] and won (5,576)
Seat 8: ad8cfd94 folded before Flop


Poker Hand #TM5578664869: Tournament #262414903, APL Series: ¥110 Zodiac Bounty + Rat Hold'em No Limit - Level7(150/300(35)) - 2026/02/12 16:44:08
Table '32' 8-max Seat #4 is the button
Seat 1: 56a17f29 (31,376 in chips)
Seat 2: 40c7c0a8 (16,623 in chips)
Seat 3: 50482a5c (5,768 in chips)
Seat 4: Hero (8,810 in chips)
Seat 5: 68f25e4b (52,744 in chips)
Seat 6: e988a9de (26,140 in chips)
Seat 7: 81a6820a (17,248 in chips)
Seat 8: ad8cfd94 (11,260 in chips)
40c7c0a8: posts the ante 35
ad8cfd94: posts the ante 35
50482a5c: posts the ante 35
e988a9de: posts the ante 35
Hero: posts the ante 35
81a6820a: posts the ante 35
68f25e4b: posts the ante 35
56a17f29: posts the ante 35
68f25e4b: posts small blind 150
e988a9de: posts big blind 300
*** HOLE CARDS ***
Dealt to 56a17f29 
Dealt to 40c7c0a8 
Dealt to 50482a5c 
Dealt to Hero [4h Tc]
Dealt to 68f25e4b 
Dealt to e988a9de 
Dealt to 81a6820a 
Dealt to ad8cfd94 
81a6820a: folds
ad8cfd94: folds
56a17f29: folds
40c7c0a8: folds
50482a5c: folds
Hero: folds
68f25e4b: calls 150
e988a9de: checks
*** FLOP *** [8d 7h 6d]
68f25e4b: bets 440
e988a9de: calls 440
*** TURN *** [8d 7h 6d] [Ks]
68f25e4b: checks
e988a9de: checks
*** RIVER *** [8d 7h 6d Ks] [2d]
68f25e4b: checks
e988a9de: bets 881
68f25e4b: folds
Uncalled bet (881) returned to e988a9de
*** SHOWDOWN ***
e988a9de collected 1,760 from pot
*** SUMMARY ***
Total pot 1,760 | Rake 0 | Jackpot 0 | Bingo 0 | Fortune 0 | Tax 0
Board [8d 7h 6d Ks 2d]
Seat 1: 56a17f29 folded before Flop
Seat 2: 40c7c0a8 folded before Flop
Seat 3: 50482a5c folded before Flop
Seat 4: Hero (button) folded before Flop
Seat 5: 68f25e4b (small blind) folded on the River
Seat 6: e988a9de (big blind) won (1,760)
Seat 7: 81a6820a folded before Flop
Seat 8: ad8cfd94 folded before Flop


Poker Hand #TM5578664861: Tournament #262414903, APL Series: ¥110 Zodiac Bounty + Rat Hold'em No Limit - Level7(150/300(35)) - 2026/02/12 16:43:30
Table '32' 8-max Seat #3 is the button
Seat 1: 56a17f29 (31,411 in chips)
Seat 2: 40c7c0a8 (11,553 in chips)
Seat 3: 50482a5c (5,803 in chips)
Seat 4: Hero (8,995 in chips)
Seat 5: 68f25e4b (57,454 in chips)
Seat 6: e988a9de (26,175 in chips)
Seat 7: 81a6820a (17,283 in chips)
Seat 8: ad8cfd94 (11,295 in chips)
40c7c0a8: posts the ante 35
ad8cfd94: posts the ante 35
50482a5c: posts the ante 35
e988a9de: posts the ante 35
Hero: posts the ante 35
81a6820a: posts the ante 35
68f25e4b: posts the ante 35
56a17f29: posts the ante 35
Hero: posts small blind 150
68f25e4b: posts big blind 300
*** HOLE CARDS ***
Dealt to 56a17f29 
Dealt to 40c7c0a8 
Dealt to 50482a5c 
Dealt to Hero [Ts Jh]
Dealt to 68f25e4b 
Dealt to e988a9de 
Dealt to 81a6820a 
Dealt to ad8cfd94 
e988a9de: folds
81a6820a: folds
ad8cfd94: folds
56a17f29: folds
40c7c0a8: raises 300 to 600
50482a5c: folds
Hero: folds
68f25e4b: calls 300
*** FLOP *** [6d 4h 5s]
68f25e4b: bets 815
40c7c0a8: calls 815
*** TURN *** [6d 4h 5s] [9s]
68f25e4b: bets 3,260
40c7c0a8: calls 3,260
*** RIVER *** [6d 4h 5s 9s] [Kd]
68f25e4b: checks
40c7c0a8: checks
68f25e4b: shows [Td 3s] (King high)
40c7c0a8: shows [As Qs] (Ace high)
*** SHOWDOWN ***
40c7c0a8 collected 9,780 from pot
*** SUMMARY ***
Total pot 9,780 | Rake 0 | Jackpot 0 | Bingo 0 | Fortune 0 | Tax 0
Board [6d 4h 5s 9s Kd]
Seat 1: 56a17f29 folded before Flop
Seat 2: 40c7c0a8 showed [As Qs] and won (9,780) with Ace high
Seat 3: 50482a5c (button) folded before Flop
Seat 4: Hero (small blind) folded before Flop
Seat 5: 68f25e4b (big blind) showed [Td 3s] and lost with King high
Seat 6: e988a9de folded before Flop
Seat 7: 81a6820a folded before Flop
Seat 8: ad8cfd94 folded before Flop


Poker Hand #TM5578664856: Tournament #262414903, APL Series: ¥110 Zodiac Bounty + Rat Hold'em No Limit - Level7(150/300(35)) - 2026/02/12 16:43:07
Table '32' 8-max Seat #2 is the button
Seat 1: 56a17f29 (31,446 in chips)
Seat 2: 40c7c0a8 (11,588 in chips)
Seat 3: 50482a5c (5,988 in chips)
Seat 4: Hero (9,330 in chips)
Seat 5: 68f25e4b (58,089 in chips)
Seat 6: e988a9de (26,210 in chips)
Seat 7: 81a6820a (17,318 in chips)
Seat 8: ad8cfd94 (10,000 in chips)
40c7c0a8: posts the ante 35
ad8cfd94: posts the ante 35
e988a9de: posts the ante 35
50482a5c: posts the ante 35
Hero: posts the ante 35
81a6820a: posts the ante 35
68f25e4b: posts the ante 35
56a17f29: posts the ante 35
50482a5c: posts small blind 150
Hero: posts big blind 300
*** HOLE CARDS ***
Dealt to 56a17f29 
Dealt to 40c7c0a8 
Dealt to 50482a5c 
Dealt to Hero [Jc Qs]
Dealt to 68f25e4b 
Dealt to e988a9de 
Dealt to 81a6820a 
Dealt to ad8cfd94 
68f25e4b: raises 300 to 600
e988a9de: folds
81a6820a: folds
ad8cfd94: raises 9,365 to 9,965 and is all-in
56a17f29: folds
40c7c0a8: folds
50482a5c: folds
Hero: folds
68f25e4b: folds
Uncalled bet (9,365) returned to ad8cfd94
*** SHOWDOWN ***
ad8cfd94 collected 1,930 from pot
*** SUMMARY ***
Total pot 1,930 | Rake 0 | Jackpot 0 | Bingo 0 | Fortune 0 | Tax 0
Seat 1: 56a17f29 folded before Flop
Seat 2: 40c7c0a8 (button) folded before Flop
Seat 3: 50482a5c (small blind) folded before Flop
Seat 4: Hero (big blind) folded before Flop
Seat 5: 68f25e4b folded before Flop
Seat 6: e988a9de folded before Flop
Seat 7: 81a6820a folded before Flop
Seat 8: ad8cfd94 collected (1,930)


Poker Hand #TM5578664844: Tournament #262414903, APL Series: ¥110 Zodiac Bounty + Rat Hold'em No Limit - Level7(150/300(35)) - 2026/02/12 16:42:07
Table '32' 8-max Seat #1 is the button
Seat 1: 56a17f29 (22,010 in chips)
Seat 2: 40c7c0a8 (11,773 in chips)
Seat 3: 50482a5c (6,323 in chips)
Seat 4: Hero (9,365 in chips)
Seat 5: 68f25e4b (66,900 in chips)
Seat 6: e988a9de (26,245 in chips)
Seat 7: 81a6820a (17,353 in chips)
40c7c0a8: posts the ante 35
e988a9de: posts the ante 35
50482a5c: posts the ante 35
Hero: posts the ante 35
81a6820a: posts the ante 35
68f25e4b: posts the ante 35
56a17f29: posts the ante 35
40c7c0a8: posts small blind 150
50482a5c: posts big blind 300
*** HOLE CARDS ***
Dealt to 56a17f29 
Dealt to 40c7c0a8 
Dealt to 50482a5c 
Dealt to Hero [3d 6s]
Dealt to 68f25e4b 
Dealt to e988a9de 
Dealt to 81a6820a 
Hero: folds
68f25e4b: raises 300 to 600
e988a9de: folds
81a6820a: folds
56a17f29: raises 1,800 to 2,400
40c7c0a8: folds
50482a5c: folds
68f25e4b: calls 1,800
*** FLOP *** [8c Td 5s]
68f25e4b: checks
56a17f29: bets 1,814
68f25e4b: calls 1,814
*** TURN *** [8c Td 5s] [9d]
68f25e4b: checks
56a17f29: checks
*** RIVER *** [8c Td 5s 9d] [8s]
68f25e4b: bets 4,562
56a17f29: calls 4,562
68f25e4b: shows [4c Ac] (a pair of Eights)
56a17f29: shows [6h 9c] (two pair, Nines and Eights)
*** SHOWDOWN ***
56a17f29 collected 18,247 from pot
*** SUMMARY ***
Total pot 18,247 | Rake 0 | Jackpot 0 | Bingo 0 | Fortune 0 | Tax 0
Board [8c Td 5s 9d 8s]
Seat 1: 56a17f29 (button) showed [6h 9c] and won (18,247) with two pair, Nines and Eights
Seat 2: 40c7c0a8 (small blind) folded before Flop
Seat 3: 50482a5c (big blind) folded before Flop
Seat 4: Hero folded before Flop
Seat 5: 68f25e4b showed [4c Ac] and lost with a pair of Eights
Seat 6: e988a9de folded before Flop
Seat 7: 81a6820a folded before Flop


Poker Hand #TM5578664835: Tournament #262414903, APL Series: ¥110 Zodiac Bounty + Rat Hold'em No Limit - Level7(150/300(35)) - 2026/02/12 16:41:22
Table '32' 8-max Seat #7 is the button
Seat 1: 56a17f29 (10,000 in chips)
Seat 2: 40c7c0a8 (11,808 in chips)
Seat 3: 50482a5c (6,358 in chips)
Seat 4: Hero (10,000 in chips)
Seat 5: 68f25e4b (67,535 in chips)
Seat 6: e988a9de (26,280 in chips)
Seat 7: 81a6820a (17,988 in chips)
Seat 8: bedef5f3 (10,000 in chips)
40c7c0a8: posts the ante 35
e988a9de: posts the ante 35
50482a5c: posts the ante 35
Hero: posts the ante 35
81a6820a: posts the ante 35
68f25e4b: posts the ante 35
bedef5f3: posts the ante 35
56a17f29: posts the ante 35
bedef5f3: posts small blind 150
56a17f29: posts big blind 300
*** HOLE CARDS ***
Dealt to 56a17f29 
Dealt to 40c7c0a8 
Dealt to 50482a5c 
Dealt to Hero [Qd 9h]
Dealt to 68f25e4b 
Dealt to e988a9de 
Dealt to 81a6820a 
Dealt to bedef5f3 
40c7c0a8: folds
50482a5c: folds
Hero: raises 300 to 600
68f25e4b: calls 600
e988a9de: folds
81a6820a: calls 600
bedef5f3: raises 1,490 to 2,090
56a17f29: raises 7,875 to 9,965 and is all-in
Hero: folds
68f25e4b: folds
81a6820a: folds
bedef5f3: calls 7,875 and is all-in
56a17f29: shows [7d 7c]
bedef5f3: shows [Ac Kh]
*** FLOP *** [3c 7s 3h]
*** TURN *** [3c 7s 3h] [Js]
*** RIVER *** [3c 7s 3h Js] [8d]
81a6820a: shows [Kd] (a pair of Threes)
*** SHOWDOWN ***
56a17f29 collected 22,010 from pot
*** SUMMARY ***
Total pot 22,010 | Rake 0 | Jackpot 0 | Bingo 0 | Fortune 0 | Tax 0
Board [3c 7s 3h Js 8d]
Seat 1: 56a17f29 (big blind) showed [7d 7c] and won (22,010) with a full house, Sevens full of Threes
Seat 2: 40c7c0a8 folded before Flop
Seat 3: 50482a5c folded before Flop
Seat 4: Hero folded before Flop
Seat 5: 68f25e4b folded before Flop
Seat 6: e988a9de folded before Flop
Seat 7: 81a6820a (button) folded before Flop
Seat 8: bedef5f3 (small blind) showed [Ac Kh] and lost with a pair of Threes


