Poker Hand #TM5642564879: Tournament #266597158, Bounty Hunters Special $10.80 Hold'em No Limit - Level10(250/500(75)) - 2026/02/28 18:51:15
Table '88' 8-max Seat #1 is the button
Seat 1: 3088e2c6 (51,510 in chips)
Seat 2: b69fd14a (28,997 in chips)
Seat 3: 9584f803 (31,854 in chips)
Seat 4: 39ec0f3a (23,090 in chips)
Seat 5: 2ccce2a (32,453 in chips)
Seat 6: 2c462aa3 (23,498 in chips)
Seat 7: 982a3ed9 (62,780 in chips)
Seat 8: Hero (3,615 in chips)
3088e2c6: posts the ante 75
Hero: posts the ante 75
39ec0f3a: posts the ante 75
b69fd14a: posts the ante 75
2c462aa3: posts the ante 75
982a3ed9: posts the ante 75
9584f803: posts the ante 75
2ccce2a: posts the ante 75
b69fd14a: posts small blind 250
9584f803: posts big blind 500
*** HOLE CARDS ***
Dealt to 3088e2c6 
Dealt to b69fd14a 
Dealt to 9584f803 
Dealt to 39ec0f3a 
Dealt to 2ccce2a 
Dealt to 2c462aa3 
Dealt to 982a3ed9 
Dealt to Hero [Js Ad]
39ec0f3a: folds
2ccce2a: folds
2c462aa3: folds
982a3ed9: folds
Hero: raises 3,040 to 3,540 and is all-in
3088e2c6: calls 3,540
b69fd14a: calls 3,290
9584f803: folds
*** FLOP *** [3c Kc Ah]
b69fd14a: bets 6,500
3088e2c6: folds
Uncalled bet (6,500) returned to b69fd14a
b69fd14a: shows [6c 7c] (Ace high)
Hero: shows [Js Ad] (a pair of Aces)
*** TURN *** [3c Kc Ah] [5c]
*** RIVER *** [3c Kc Ah 5c] [5h]
*** SHOWDOWN ***
b69fd14a collected 11,720 from pot
*** SUMMARY ***
Total pot 11,720 | Rake 0 | Jackpot 0 | Bingo 0 | Fortune 0 | Tax 0
Board [3c Kc Ah 5c 5h]
Seat 1: 3088e2c6 (button) folded on the Flop
Seat 2: b69fd14a (small blind) showed [6c 7c] and won (11,720) with a flush King high
Seat 3: 9584f803 (big blind) folded before Flop
Seat 4: 39ec0f3a folded before Flop
Seat 5: 2ccce2a folded before Flop
Seat 6: 2c462aa3 folded before Flop
Seat 7: 982a3ed9 folded before Flop
Seat 8: Hero showed [Js Ad] and lost with two pair, Aces and Fives


Poker Hand #TM5642564859: Tournament #266597158, Bounty Hunters Special $10.80 Hold'em No Limit - Level10(250/500(75)) - 2026/02/28 18:50:25
Table '88' 8-max Seat #8 is the button
Seat 1: 3088e2c6 (51,835 in chips)
Seat 2: b69fd14a (29,572 in chips)
Seat 3: 9584f803 (31,929 in chips)
Seat 4: 39ec0f3a (10,945 in chips)
Seat 5: 2ccce2a (32,528 in chips)
Seat 6: 2c462aa3 (23,573 in chips)
Seat 7: 982a3ed9 (62,855 in chips)
Seat 8: Hero (14,560 in chips)
3088e2c6: posts the ante 75
Hero: posts the ante 75
39ec0f3a: posts the ante 75
b69fd14a: posts the ante 75
2c462aa3: posts the ante 75
982a3ed9: posts the ante 75
9584f803: posts the ante 75
2ccce2a: posts the ante 75
3088e2c6: posts small blind 250
b69fd14a: posts big blind 500
*** HOLE CARDS ***
Dealt to 3088e2c6 
Dealt to b69fd14a 
Dealt to 9584f803 
Dealt to 39ec0f3a 
Dealt to 2ccce2a 
Dealt to 2c462aa3 
Dealt to 982a3ed9 
Dealt to Hero [As Ah]
9584f803: folds
39ec0f3a: raises 500 to 1,000
2ccce2a: folds
2c462aa3: folds
982a3ed9: folds
Hero: raises 2,175 to 3,175
3088e2c6: folds
b69fd14a: folds
39ec0f3a: calls 2,175
*** FLOP *** [Td Th 9d]
39ec0f3a: checks
Hero: bets 2,541
39ec0f3a: calls 2,541
*** TURN *** [Td Th 9d] [Js]
39ec0f3a: checks
Hero: bets 8,769 and is all-in
39ec0f3a: calls 5,154 and is all-in
Uncalled bet (3,615) returned to Hero
Hero: shows [As Ah] (two pair, Aces and Tens)
39ec0f3a: shows [Jc Tc] (a full house, Tens full of Jacks)
*** RIVER *** [Td Th 9d Js] [3h]
*** SHOWDOWN ***
39ec0f3a collected 23,090 from pot
*** SUMMARY ***
Total pot 23,090 | Rake 0 | Jackpot 0 | Bingo 0 | Fortune 0 | Tax 0
Board [Td Th 9d Js 3h]
Seat 1: 3088e2c6 (small blind) folded before Flop
Seat 2: b69fd14a (big blind) folded before Flop
Seat 3: 9584f803 folded before Flop
Seat 4: 39ec0f3a showed [Jc Tc] and won (23,090) with a full house, Tens full of Jacks
Seat 5: 2ccce2a folded before Flop
Seat 6: 2c462aa3 folded before Flop
Seat 7: 982a3ed9 folded before Flop
Seat 8: Hero (button) showed [As Ah] and lost with two pair, Aces and Tens


Poker Hand #TM5642564841: Tournament #266597158, Bounty Hunters Special $10.80 Hold'em No Limit - Level10(250/500(75)) - 2026/02/28 18:49:19
Table '88' 8-max Seat #7 is the button
Seat 1: 3088e2c6 (43,480 in chips)
Seat 2: 5949a20c (7,655 in chips)
Seat 3: 9584f803 (32,004 in chips)
Seat 4: 39ec0f3a (11,020 in chips)
Seat 5: 2ccce2a (32,603 in chips)
Seat 6: 2c462aa3 (23,648 in chips)
Seat 7: 982a3ed9 (62,930 in chips)
Seat 8: Hero (14,885 in chips)
3088e2c6: posts the ante 75
39ec0f3a: posts the ante 75
Hero: posts the ante 75
2c462aa3: posts the ante 75
982a3ed9: posts the ante 75
9584f803: posts the ante 75
5949a20c: posts the ante 75
2ccce2a: posts the ante 75
Hero: posts small blind 250
3088e2c6: posts big blind 500
*** HOLE CARDS ***
Dealt to 3088e2c6 
Dealt to 5949a20c 
Dealt to 9584f803 
Dealt to 39ec0f3a 
Dealt to 2ccce2a 
Dealt to 2c462aa3 
Dealt to 982a3ed9 
Dealt to Hero [Ah 8s]
5949a20c: raises 500 to 1,000
9584f803: folds
39ec0f3a: folds
2ccce2a: folds
2c462aa3: folds
982a3ed9: folds
Hero: folds
3088e2c6: calls 500
*** FLOP *** [6c 9s 3d]
3088e2c6: bets 941
5949a20c: calls 941
*** TURN *** [6c 9s 3d] [6s]
3088e2c6: checks
5949a20c: bets 1,750
3088e2c6: raises 39,714 to 41,464 and is all-in
5949a20c: calls 3,889 and is all-in
Uncalled bet (35,825) returned to 3088e2c6
3088e2c6: shows [6d 8c] (three of a kind, Sixes)
5949a20c: shows [As Ac] (two pair, Aces and Sixes)
*** RIVER *** [6c 9s 3d 6s] [3c]
*** SHOWDOWN ***
3088e2c6 collected 16,010 from pot
*** SUMMARY ***
Total pot 16,010 | Rake 0 | Jackpot 0 | Bingo 0 | Fortune 0 | Tax 0
Board [6c 9s 3d 6s 3c]
Seat 1: 3088e2c6 (big blind) showed [6d 8c] and won (16,010) with a full house, Sixes full of Threes
Seat 2: 5949a20c showed [As Ac] and lost with two pair, Aces and Sixes
Seat 3: 9584f803 folded before Flop
Seat 4: 39ec0f3a folded before Flop
Seat 5: 2ccce2a folded before Flop
Seat 6: 2c462aa3 folded before Flop
Seat 7: 982a3ed9 (button) folded before Flop
Seat 8: Hero (small blind) folded before Flop


Poker Hand #TM5642564826: Tournament #266597158, Bounty Hunters Special $10.80 Hold'em No Limit - Level9(200/400(60)) - 2026/02/28 18:48:36
Table '88' 8-max Seat #6 is the button
Seat 1: 3088e2c6 (43,540 in chips)
Seat 2: 5949a20c (7,715 in chips)
Seat 3: 9584f803 (32,064 in chips)
Seat 4: 39ec0f3a (10,000 in chips)
Seat 5: 2ccce2a (32,663 in chips)
Seat 6: 2c462aa3 (23,708 in chips)
Seat 7: 982a3ed9 (63,190 in chips)
Seat 8: Hero (15,345 in chips)
3088e2c6: posts the ante 60
39ec0f3a: posts the ante 60
Hero: posts the ante 60
2c462aa3: posts the ante 60
982a3ed9: posts the ante 60
9584f803: posts the ante 60
5949a20c: posts the ante 60
2ccce2a: posts the ante 60
982a3ed9: posts small blind 200
Hero: posts big blind 400
*** HOLE CARDS ***
Dealt to 3088e2c6 
Dealt to 5949a20c 
Dealt to 9584f803 
Dealt to 39ec0f3a 
Dealt to 2ccce2a 
Dealt to 2c462aa3 
Dealt to 982a3ed9 
Dealt to Hero [7h 5s]
3088e2c6: folds
5949a20c: folds
9584f803: folds
39ec0f3a: raises 400 to 800
2ccce2a: folds
2c462aa3: folds
982a3ed9: folds
Hero: folds
Uncalled bet (400) returned to 39ec0f3a
*** SHOWDOWN ***
39ec0f3a collected 1,480 from pot
*** SUMMARY ***
Total pot 1,480 | Rake 0 | Jackpot 0 | Bingo 0 | Fortune 0 | Tax 0
Seat 1: 3088e2c6 folded before Flop
Seat 2: 5949a20c folded before Flop
Seat 3: 9584f803 folded before Flop
Seat 4: 39ec0f3a collected (1,480)
Seat 5: 2ccce2a folded before Flop
Seat 6: 2c462aa3 (button) folded before Flop
Seat 7: 982a3ed9 (small blind) folded before Flop
Seat 8: Hero (big blind) folded before Flop


Poker Hand #TM5642564805: Tournament #266597158, Bounty Hunters Special $10.80 Hold'em No Limit - Level9(200/400(60)) - 2026/02/28 18:47:18
Table '88' 8-max Seat #5 is the button
Seat 1: 3088e2c6 (44,000 in chips)
Seat 2: 5949a20c (7,775 in chips)
Seat 3: 9584f803 (32,924 in chips)
Seat 4: 9115b4fa (10,000 in chips)
Seat 5: 2ccce2a (32,723 in chips)
Seat 6: 2c462aa3 (23,968 in chips)
Seat 7: 982a3ed9 (51,430 in chips)
Seat 8: Hero (15,405 in chips)
3088e2c6: posts the ante 60
Hero: posts the ante 60
2c462aa3: posts the ante 60
982a3ed9: posts the ante 60
9584f803: posts the ante 60
5949a20c: posts the ante 60
9115b4fa: posts the ante 60
2ccce2a: posts the ante 60
2c462aa3: posts small blind 200
982a3ed9: posts big blind 400
*** HOLE CARDS ***
Dealt to 3088e2c6 
Dealt to 5949a20c 
Dealt to 9584f803 
Dealt to 9115b4fa 
Dealt to 2ccce2a 
Dealt to 2c462aa3 
Dealt to 982a3ed9 
Dealt to Hero [2d 5h]
Hero: folds
3088e2c6: calls 400
5949a20c: folds
9584f803: raises 400 to 800
9115b4fa: raises 1,540 to 2,340
2ccce2a: folds
2c462aa3: folds
982a3ed9: raises 2,660 to 5,000
3088e2c6: folds
9584f803: folds
9115b4fa: raises 4,940 to 9,940 and is all-in
982a3ed9: calls 4,940
9115b4fa: shows [Ac 7c]
982a3ed9: shows [Qc Qs]
*** FLOP *** [Jd 8h 3h]
*** TURN *** [Jd 8h 3h] [Ts]
*** RIVER *** [Jd 8h 3h Ts] [6h]
*** SHOWDOWN ***
982a3ed9 collected 21,760 from pot
*** SUMMARY ***
Total pot 21,760 | Rake 0 | Jackpot 0 | Bingo 0 | Fortune 0 | Tax 0
Board [Jd 8h 3h Ts 6h]
Seat 1: 3088e2c6 folded before Flop
Seat 2: 5949a20c folded before Flop
Seat 3: 9584f803 folded before Flop
Seat 4: 9115b4fa showed [Ac 7c] and lost with Ace high
Seat 5: 2ccce2a (button) folded before Flop
Seat 6: 2c462aa3 (small blind) folded before Flop
Seat 7: 982a3ed9 (big blind) showed [Qc Qs] and won (21,760) with a pair of Queens
Seat 8: Hero folded before Flop


Poker Hand #TM5642564788: Tournament #266597158, Bounty Hunters Special $10.80 Hold'em No Limit - Level9(200/400(60)) - 2026/02/28 18:46:40
Table '88' 8-max Seat #3 is the button
Seat 1: 3088e2c6 (44,460 in chips)
Seat 2: 5949a20c (7,835 in chips)
Seat 3: 9584f803 (32,984 in chips)
Seat 5: 2ccce2a (31,563 in chips)
Seat 6: 2c462aa3 (24,428 in chips)
Seat 7: 982a3ed9 (51,490 in chips)
Seat 8: Hero (15,465 in chips)
3088e2c6: posts the ante 60
Hero: posts the ante 60
2c462aa3: posts the ante 60
982a3ed9: posts the ante 60
9584f803: posts the ante 60
5949a20c: posts the ante 60
2ccce2a: posts the ante 60
2ccce2a: posts small blind 200
2c462aa3: posts big blind 400
*** HOLE CARDS ***
Dealt to 3088e2c6 
Dealt to 5949a20c 
Dealt to 9584f803 
Dealt to 2ccce2a 
Dealt to 2c462aa3 
Dealt to 982a3ed9 
Dealt to Hero [9d 3d]
982a3ed9: folds
Hero: folds
3088e2c6: calls 400
5949a20c: folds
9584f803: folds
2ccce2a: raises 1,215 to 1,615
2c462aa3: folds
3088e2c6: folds
Uncalled bet (1,215) returned to 2ccce2a
*** SHOWDOWN ***
2ccce2a collected 1,620 from pot
*** SUMMARY ***
Total pot 1,620 | Rake 0 | Jackpot 0 | Bingo 0 | Fortune 0 | Tax 0
Seat 1: 3088e2c6 folded before Flop
Seat 2: 5949a20c folded before Flop
Seat 3: 9584f803 (button) folded before Flop
Seat 5: 2ccce2a (small blind) collected (1,620)
Seat 6: 2c462aa3 (big blind) folded before Flop
Seat 7: 982a3ed9 folded before Flop
Seat 8: Hero folded before Flop


Poker Hand #TM5642564772: Tournament #266597158, Bounty Hunters Special $10.80 Hold'em No Limit - Level9(200/400(60)) - 2026/02/28 18:45:46
Table '88' 8-max Seat #2 is the button
Seat 1: 3088e2c6 (44,520 in chips)
Seat 2: 5949a20c (7,895 in chips)
Seat 3: 9584f803 (33,924 in chips)
Seat 4: e4744270 (6,748 in chips)
Seat 5: 2ccce2a (23,575 in chips)
Seat 6: 2c462aa3 (24,488 in chips)
Seat 7: 982a3ed9 (51,550 in chips)
Seat 8: Hero (15,525 in chips)
3088e2c6: posts the ante 60
Hero: posts the ante 60
2c462aa3: posts the ante 60
e4744270: posts the ante 60
982a3ed9: posts the ante 60
5949a20c: posts the ante 60
9584f803: posts the ante 60
2ccce2a: posts the ante 60
9584f803: posts small blind 200
e4744270: posts big blind 400
*** HOLE CARDS ***
Dealt to 3088e2c6 
Dealt to 5949a20c 
Dealt to 9584f803 
Dealt to e4744270 
Dealt to 2ccce2a 
Dealt to 2c462aa3 
Dealt to 982a3ed9 
Dealt to Hero [Jh 6s]
2ccce2a: raises 480 to 880
2c462aa3: folds
982a3ed9: folds
Hero: folds
3088e2c6: folds
5949a20c: folds
9584f803: calls 680
e4744270: raises 5,808 to 6,688 and is all-in
2ccce2a: raises 16,827 to 23,515 and is all-in
9584f803: folds
Uncalled bet (16,827) returned to 2ccce2a
2ccce2a: shows [8h Qh]
e4744270: shows [Ks Js]
*** FLOP *** [Jc Ah Kh]
*** TURN *** [Jc Ah Kh] [6h]
*** RIVER *** [Jc Ah Kh 6h] [4s]
*** SHOWDOWN ***
2ccce2a collected 14,736 from pot
*** SUMMARY ***
Total pot 14,736 | Rake 0 | Jackpot 0 | Bingo 0 | Fortune 0 | Tax 0
Board [Jc Ah Kh 6h 4s]
Seat 1: 3088e2c6 folded before Flop
Seat 2: 5949a20c (button) folded before Flop
Seat 3: 9584f803 (small blind) folded before Flop
Seat 4: e4744270 (big blind) showed [Ks Js] and lost with two pair, Kings and Jacks
Seat 5: 2ccce2a showed [8h Qh] and won (14,736) with a flush Ace high
Seat 6: 2c462aa3 folded before Flop
Seat 7: 982a3ed9 folded before Flop
Seat 8: Hero folded before Flop


Poker Hand #TM5642564757: Tournament #266597158, Bounty Hunters Special $10.80 Hold'em No Limit - Level9(200/400(60)) - 2026/02/28 18:44:56
Table '88' 8-max Seat #1 is the button
Seat 1: 3088e2c6 (44,580 in chips)
Seat 2: 5949a20c (8,155 in chips)
Seat 3: 9584f803 (37,232 in chips)
Seat 4: e4744270 (6,808 in chips)
Seat 5: 2ccce2a (23,635 in chips)
Seat 6: 2c462aa3 (24,548 in chips)
Seat 7: 982a3ed9 (47,682 in chips)
Seat 8: Hero (15,585 in chips)
9584f803: posts the ante 60
5949a20c: posts the ante 60
3088e2c6: posts the ante 60
Hero: posts the ante 60
2c462aa3: posts the ante 60
e4744270: posts the ante 60
982a3ed9: posts the ante 60
2ccce2a: posts the ante 60
5949a20c: posts small blind 200
9584f803: posts big blind 400
*** HOLE CARDS ***
Dealt to 3088e2c6 
Dealt to 5949a20c 
Dealt to 9584f803 
Dealt to e4744270 
Dealt to 2ccce2a 
Dealt to 2c462aa3 
Dealt to 982a3ed9 
Dealt to Hero [Qs 2c]
e4744270: folds
2ccce2a: folds
2c462aa3: folds
982a3ed9: raises 440 to 840
Hero: folds
3088e2c6: folds
5949a20c: folds
9584f803: calls 440
*** FLOP *** [8d 3h 7h]
9584f803: checks
982a3ed9: bets 614
9584f803: calls 614
*** TURN *** [8d 3h 7h] [8c]
9584f803: checks
982a3ed9: checks
*** RIVER *** [8d 3h 7h 8c] [8s]
9584f803: bets 1,794
982a3ed9: calls 1,794
9584f803: shows [6d 5h] (three of a kind, Eights)
982a3ed9: shows [Tc Kc] (three of a kind, Eights)
*** SHOWDOWN ***
982a3ed9 collected 7,176 from pot
*** SUMMARY ***
Total pot 7,176 | Rake 0 | Jackpot 0 | Bingo 0 | Fortune 0 | Tax 0
Board [8d 3h 7h 8c 8s]
Seat 1: 3088e2c6 (button) folded before Flop
Seat 2: 5949a20c (small blind) folded before Flop
Seat 3: 9584f803 (big blind) showed [6d 5h] and lost with three of a kind, Eights
Seat 4: e4744270 folded before Flop
Seat 5: 2ccce2a folded before Flop
Seat 6: 2c462aa3 folded before Flop
Seat 7: 982a3ed9 showed [Tc Kc] and won (7,176) with three of a kind, Eights
Seat 8: Hero folded before Flop


Poker Hand #TM5642564741: Tournament #266597158, Bounty Hunters Special $10.80 Hold'em No Limit - Level9(200/400(60)) - 2026/02/28 18:44:07
Table '88' 8-max Seat #8 is the button
Seat 1: 3088e2c6 (44,840 in chips)
Seat 2: 5949a20c (9,055 in chips)
Seat 3: 9584f803 (37,292 in chips)
Seat 4: e4744270 (6,868 in chips)
Seat 5: 2ccce2a (23,695 in chips)
Seat 6: 2c462aa3 (24,608 in chips)
Seat 7: 982a3ed9 (46,222 in chips)
Seat 8: Hero (15,645 in chips)
3088e2c6: posts the ante 60
Hero: posts the ante 60
2c462aa3: posts the ante 60
e4744270: posts the ante 60
982a3ed9: posts the ante 60
9584f803: posts the ante 60
5949a20c: posts the ante 60
2ccce2a: posts the ante 60
3088e2c6: posts small blind 200
5949a20c: posts big blind 400
*** HOLE CARDS ***
Dealt to 3088e2c6 
Dealt to 5949a20c 
Dealt to 9584f803 
Dealt to e4744270 
Dealt to 2ccce2a 
Dealt to 2c462aa3 
Dealt to 982a3ed9 
Dealt to Hero [Jh 5d]
9584f803: folds
e4744270: folds
2ccce2a: folds
2c462aa3: folds
982a3ed9: raises 440 to 840
Hero: folds
3088e2c6: folds
5949a20c: calls 440
*** FLOP *** [Js 5c 5s]
5949a20c: checks
982a3ed9: checks
*** TURN *** [Js 5c 5s] [Qh]
5949a20c: checks
982a3ed9: checks
*** RIVER *** [Js 5c 5s Qh] [5h]
5949a20c: checks
982a3ed9: checks
5949a20c: shows [3s Ac] (three of a kind, Fives)
982a3ed9: shows [Ad Kc] (three of a kind, Fives)
Hero: shows [5d] (four of a kind, Fives)
5949a20c: shows [3s Ac] (three of a kind, Fives)
982a3ed9: shows [Ad Kc] (three of a kind, Fives)
*** SHOWDOWN ***
982a3ed9 collected 2,360 from pot
*** SUMMARY ***
Total pot 2,360 | Rake 0 | Jackpot 0 | Bingo 0 | Fortune 0 | Tax 0
Board [Js 5c 5s Qh 5h]
Seat 1: 3088e2c6 (small blind) folded before Flop
Seat 2: 5949a20c (big blind) showed [3s Ac] and lost with three of a kind, Fives
Seat 3: 9584f803 folded before Flop
Seat 4: e4744270 folded before Flop
Seat 5: 2ccce2a folded before Flop
Seat 6: 2c462aa3 folded before Flop
Seat 7: 982a3ed9 showed [Ad Kc] and won (2,360) with three of a kind, Fives
Seat 8: Hero (button) folded before Flop


Poker Hand #TM5642564735: Tournament #266597158, Bounty Hunters Special $10.80 Hold'em No Limit - Level9(200/400(60)) - 2026/02/28 18:43:44
Table '88' 8-max Seat #7 is the button
Seat 1: 3088e2c6 (45,700 in chips)
Seat 2: 5949a20c (9,115 in chips)
Seat 3: 9584f803 (37,352 in chips)
Seat 4: e4744270 (6,928 in chips)
Seat 5: 2ccce2a (23,755 in chips)
Seat 6: 2c462aa3 (24,668 in chips)
Seat 7: 982a3ed9 (46,282 in chips)
Seat 8: Hero (14,425 in chips)
3088e2c6: posts the ante 60
Hero: posts the ante 60
2c462aa3: posts the ante 60
e4744270: posts the ante 60
982a3ed9: posts the ante 60
9584f803: posts the ante 60
5949a20c: posts the ante 60
2ccce2a: posts the ante 60
Hero: posts small blind 200
3088e2c6: posts big blind 400
*** HOLE CARDS ***
Dealt to 3088e2c6 
Dealt to 5949a20c 
Dealt to 9584f803 
Dealt to e4744270 
Dealt to 2ccce2a 
Dealt to 2c462aa3 
Dealt to 982a3ed9 
Dealt to Hero [Tc Ac]
5949a20c: folds
9584f803: folds
e4744270: folds
2ccce2a: folds
2c462aa3: folds
982a3ed9: folds
Hero: raises 400 to 800
3088e2c6: calls 400
*** FLOP *** [Kc 7c 7s]
Hero: bets 687
3088e2c6: folds
Uncalled bet (687) returned to Hero
*** SHOWDOWN ***
Hero collected 2,080 from pot
*** SUMMARY ***
Total pot 2,080 | Rake 0 | Jackpot 0 | Bingo 0 | Fortune 0 | Tax 0
Board [Kc 7c 7s]
Seat 1: 3088e2c6 (big blind) folded on the Flop
Seat 2: 5949a20c folded before Flop
Seat 3: 9584f803 folded before Flop
Seat 4: e4744270 folded before Flop
Seat 5: 2ccce2a folded before Flop
Seat 6: 2c462aa3 folded before Flop
Seat 7: 982a3ed9 (button) folded before Flop
Seat 8: Hero (small blind) won (2,080)


Poker Hand #TM5642564706: Tournament #266597158, Bounty Hunters Special $10.80 Hold'em No Limit - Level9(200/400(60)) - 2026/02/28 18:42:17
Table '88' 8-max Seat #6 is the button
Seat 1: 3088e2c6 (20,800 in chips)
Seat 2: 5949a20c (9,175 in chips)
Seat 3: 9584f803 (37,412 in chips)
Seat 4: e4744270 (6,988 in chips)
Seat 5: 2ccce2a (23,815 in chips)
Seat 6: 2c462aa3 (28,268 in chips)
Seat 7: 982a3ed9 (46,542 in chips)
Seat 8: Hero (35,225 in chips)
3088e2c6: posts the ante 60
Hero: posts the ante 60
2c462aa3: posts the ante 60
e4744270: posts the ante 60
982a3ed9: posts the ante 60
9584f803: posts the ante 60
5949a20c: posts the ante 60
2ccce2a: posts the ante 60
982a3ed9: posts small blind 200
Hero: posts big blind 400
*** HOLE CARDS ***
Dealt to 3088e2c6 
Dealt to 5949a20c 
Dealt to 9584f803 
Dealt to e4744270 
Dealt to 2ccce2a 
Dealt to 2c462aa3 
Dealt to 982a3ed9 
Dealt to Hero [8c 6c]
3088e2c6: raises 400 to 800
5949a20c: folds
9584f803: folds
e4744270: folds
2ccce2a: folds
2c462aa3: calls 800
982a3ed9: folds
Hero: calls 400
*** FLOP *** [4s Tc 9c]
Hero: checks
3088e2c6: bets 1,540
2c462aa3: calls 1,540
Hero: calls 1,540
*** TURN *** [4s Tc 9c] [9s]
Hero: checks
3088e2c6: bets 1,200
2c462aa3: calls 1,200
Hero: raises 2,800 to 4,000
3088e2c6: raises 14,400 to 18,400 and is all-in
2c462aa3: folds
Hero: calls 14,400
3088e2c6: shows [4c 4h] (a full house, Fours full of Nines)
Hero: shows [8c 6c] (a pair of Nines)
*** RIVER *** [4s Tc 9c 9s] [Td]
*** SHOWDOWN ***
3088e2c6 collected 45,700 from pot
*** SUMMARY ***
Total pot 45,700 | Rake 0 | Jackpot 0 | Bingo 0 | Fortune 0 | Tax 0
Board [4s Tc 9c 9s Td]
Seat 1: 3088e2c6 showed [4c 4h] and won (45,700) with a full house, Fours full of Tens
Seat 2: 5949a20c folded before Flop
Seat 3: 9584f803 folded before Flop
Seat 4: e4744270 folded before Flop
Seat 5: 2ccce2a folded before Flop
Seat 6: 2c462aa3 (button) folded on the Turn
Seat 7: 982a3ed9 (small blind) folded before Flop
Seat 8: Hero (big blind) showed [8c 6c] and lost with two pair, Tens and Nines


Poker Hand #TM5642564670: Tournament #266597158, Bounty Hunters Special $10.80 Hold'em No Limit - Level8(175/350(50)) - 2026/02/28 18:40:26
Table '88' 8-max Seat #5 is the button
Seat 1: 3088e2c6 (20,850 in chips)
Seat 2: 5949a20c (9,225 in chips)
Seat 3: 9584f803 (37,462 in chips)
Seat 4: e4744270 (10,000 in chips)
Seat 5: 2ccce2a (23,865 in chips)
Seat 6: 2c462aa3 (28,493 in chips)
Seat 7: 982a3ed9 (43,055 in chips)
Seat 8: Hero (35,275 in chips)
3088e2c6: posts the ante 50
Hero: posts the ante 50
2c462aa3: posts the ante 50
e4744270: posts the ante 50
982a3ed9: posts the ante 50
9584f803: posts the ante 50
5949a20c: posts the ante 50
2ccce2a: posts the ante 50
2c462aa3: posts small blind 175
982a3ed9: posts big blind 350
*** HOLE CARDS ***
Dealt to 3088e2c6 
Dealt to 5949a20c 
Dealt to 9584f803 
Dealt to e4744270 
Dealt to 2ccce2a 
Dealt to 2c462aa3 
Dealt to 982a3ed9 
Dealt to Hero [Tc Kh]
Hero: folds
3088e2c6: folds
5949a20c: folds
9584f803: folds
e4744270: raises 350 to 700
2ccce2a: folds
2c462aa3: folds
982a3ed9: calls 350
*** FLOP *** [8h 2h Js]
982a3ed9: checks
e4744270: bets 652
982a3ed9: calls 652
*** TURN *** [8h 2h Js] [Jh]
982a3ed9: checks
e4744270: bets 1,610
982a3ed9: calls 1,610
*** RIVER *** [8h 2h Js Jh] [5h]
982a3ed9: bets 40,043 and is all-in
e4744270: folds
Uncalled bet (40,043) returned to 982a3ed9
*** SHOWDOWN ***
982a3ed9 collected 6,499 from pot
*** SUMMARY ***
Total pot 6,499 | Rake 0 | Jackpot 0 | Bingo 0 | Fortune 0 | Tax 0
Board [8h 2h Js Jh 5h]
Seat 1: 3088e2c6 folded before Flop
Seat 2: 5949a20c folded before Flop
Seat 3: 9584f803 folded before Flop
Seat 4: e4744270 folded on the River
Seat 5: 2ccce2a (button) folded before Flop
Seat 6: 2c462aa3 (small blind) folded before Flop
Seat 7: 982a3ed9 (big blind) showed [5d] and won (6,499)
Seat 8: Hero folded before Flop


Poker Hand #TM5642564653: Tournament #266597158, Bounty Hunters Special $10.80 Hold'em No Limit - Level8(175/350(50)) - 2026/02/28 18:39:37
Table '88' 8-max Seat #3 is the button
Seat 1: 3088e2c6 (22,300 in chips)
Seat 2: 5949a20c (9,275 in chips)
Seat 3: 9584f803 (37,512 in chips)
Seat 5: 2ccce2a (21,815 in chips)
Seat 6: 2c462aa3 (28,893 in chips)
Seat 7: 982a3ed9 (43,105 in chips)
Seat 8: Hero (35,325 in chips)
3088e2c6: posts the ante 50
Hero: posts the ante 50
2c462aa3: posts the ante 50
982a3ed9: posts the ante 50
9584f803: posts the ante 50
5949a20c: posts the ante 50
2ccce2a: posts the ante 50
2ccce2a: posts small blind 175
2c462aa3: posts big blind 350
*** HOLE CARDS ***
Dealt to 3088e2c6 
Dealt to 5949a20c 
Dealt to 9584f803 
Dealt to 2ccce2a 
Dealt to 2c462aa3 
Dealt to 982a3ed9 
Dealt to Hero [6h 8s]
982a3ed9: folds
Hero: folds
3088e2c6: calls 350
5949a20c: folds
9584f803: folds
2ccce2a: raises 1,050 to 1,400
2c462aa3: folds
3088e2c6: calls 1,050
*** FLOP *** [Ks 8d 5c]
2ccce2a: bets 1,155
3088e2c6: folds
Uncalled bet (1,155) returned to 2ccce2a
*** SHOWDOWN ***
2ccce2a collected 3,500 from pot
*** SUMMARY ***
Total pot 3,500 | Rake 0 | Jackpot 0 | Bingo 0 | Fortune 0 | Tax 0
Board [Ks 8d 5c]
Seat 1: 3088e2c6 folded on the Flop
Seat 2: 5949a20c folded before Flop
Seat 3: 9584f803 (button) folded before Flop
Seat 5: 2ccce2a (small blind) won (3,500)
Seat 6: 2c462aa3 (big blind) folded before Flop
Seat 7: 982a3ed9 folded before Flop
Seat 8: Hero folded before Flop


Poker Hand #TM5642564633: Tournament #266597158, Bounty Hunters Special $10.80 Hold'em No Limit - Level8(175/350(50)) - 2026/02/28 18:38:30
Table '88' 8-max Seat #2 is the button
Seat 1: 3088e2c6 (24,639 in chips)
Seat 2: 5949a20c (9,325 in chips)
Seat 3: 9584f803 (37,912 in chips)
Seat 5: 2ccce2a (18,876 in chips)
Seat 6: 2c462aa3 (28,943 in chips)
Seat 7: 982a3ed9 (43,155 in chips)
Seat 8: Hero (35,375 in chips)
3088e2c6: posts the ante 50
Hero: posts the ante 50
2c462aa3: posts the ante 50
982a3ed9: posts the ante 50
5949a20c: posts the ante 50
9584f803: posts the ante 50
2ccce2a: posts the ante 50
9584f803: posts small blind 175
2ccce2a: posts big blind 350
*** HOLE CARDS ***
Dealt to 3088e2c6 
Dealt to 5949a20c 
Dealt to 9584f803 
Dealt to 2ccce2a 
Dealt to 2c462aa3 
Dealt to 982a3ed9 
Dealt to Hero [2c 3c]
2c462aa3: folds
982a3ed9: folds
Hero: folds
3088e2c6: calls 350
5949a20c: folds
9584f803: calls 175
2ccce2a: checks
*** FLOP *** [9d 6c 4s]
9584f803: checks
2ccce2a: checks
3088e2c6: bets 462
9584f803: folds
2ccce2a: raises 1,477 to 1,939
3088e2c6: calls 1,477
*** TURN *** [9d 6c 4s] [2d]
2ccce2a: bets 3,850
3088e2c6: folds
Uncalled bet (3,850) returned to 2ccce2a
*** SHOWDOWN ***
2ccce2a collected 5,278 from pot
*** SUMMARY ***
Total pot 5,278 | Rake 0 | Jackpot 0 | Bingo 0 | Fortune 0 | Tax 0
Board [9d 6c 4s 2d]
Seat 1: 3088e2c6 folded on the Turn
Seat 2: 5949a20c (button) folded before Flop
Seat 3: 9584f803 (small blind) folded on the Flop
Seat 5: 2ccce2a (big blind) won (5,278)
Seat 6: 2c462aa3 folded before Flop
Seat 7: 982a3ed9 folded before Flop
Seat 8: Hero folded before Flop


Poker Hand #TM5642564623: Tournament #266597158, Bounty Hunters Special $10.80 Hold'em No Limit - Level8(175/350(50)) - 2026/02/28 18:38:02
Table '88' 8-max Seat #1 is the button
Seat 1: 3088e2c6 (24,689 in chips)
Seat 2: 5949a20c (9,550 in chips)
Seat 3: 9584f803 (37,387 in chips)
Seat 4: ce874bcf (6,585 in chips)
Seat 5: 2ccce2a (18,926 in chips)
Seat 6: 2c462aa3 (28,993 in chips)
Seat 7: 982a3ed9 (43,205 in chips)
Seat 8: Hero (35,425 in chips)
3088e2c6: posts the ante 50
Hero: posts the ante 50
ce874bcf: posts the ante 50
2c462aa3: posts the ante 50
982a3ed9: posts the ante 50
9584f803: posts the ante 50
5949a20c: posts the ante 50
2ccce2a: posts the ante 50
5949a20c: posts small blind 175
9584f803: posts big blind 350
*** HOLE CARDS ***
Dealt to 3088e2c6 
Dealt to 5949a20c 
Dealt to 9584f803 
Dealt to ce874bcf 
Dealt to 2ccce2a 
Dealt to 2c462aa3 
Dealt to 982a3ed9 
Dealt to Hero [4h Ts]
ce874bcf: folds
2ccce2a: folds
2c462aa3: folds
982a3ed9: folds
Hero: folds
3088e2c6: folds
5949a20c: folds
Uncalled bet (175) returned to 9584f803
*** SHOWDOWN ***
9584f803 collected 750 from pot
*** SUMMARY ***
Total pot 750 | Rake 0 | Jackpot 0 | Bingo 0 | Fortune 0 | Tax 0
Seat 1: 3088e2c6 (button) folded before Flop
Seat 2: 5949a20c (small blind) folded before Flop
Seat 3: 9584f803 (big blind) collected (750)
Seat 4: ce874bcf folded before Flop
Seat 5: 2ccce2a folded before Flop
Seat 6: 2c462aa3 folded before Flop
Seat 7: 982a3ed9 folded before Flop
Seat 8: Hero folded before Flop


Poker Hand #TM5642564604: Tournament #266597158, Bounty Hunters Special $10.80 Hold'em No Limit - Level8(175/350(50)) - 2026/02/28 18:37:05
Table '88' 8-max Seat #8 is the button
Seat 1: 3088e2c6 (21,495 in chips)
Seat 2: 5949a20c (9,950 in chips)
Seat 3: 9584f803 (37,437 in chips)
Seat 4: ce874bcf (6,635 in chips)
Seat 5: 2ccce2a (18,976 in chips)
Seat 6: 2c462aa3 (29,043 in chips)
Seat 8: Hero (38,019 in chips)
3088e2c6: posts the ante 50
Hero: posts the ante 50
ce874bcf: posts the ante 50
2c462aa3: posts the ante 50
9584f803: posts the ante 50
5949a20c: posts the ante 50
2ccce2a: posts the ante 50
3088e2c6: posts small blind 175
5949a20c: posts big blind 350
*** HOLE CARDS ***
Dealt to 3088e2c6 
Dealt to 5949a20c 
Dealt to 9584f803 
Dealt to ce874bcf 
Dealt to 2ccce2a 
Dealt to 2c462aa3 
Dealt to Hero [Kd Ad]
9584f803: folds
ce874bcf: folds
2ccce2a: folds
2c462aa3: folds
Hero: raises 350 to 700
3088e2c6: calls 525
5949a20c: folds
*** FLOP *** [7s 9h 5c]
3088e2c6: bets 693
Hero: calls 693
*** TURN *** [7s 9h 5c] [Jc]
3088e2c6: bets 1,151
Hero: calls 1,151
*** RIVER *** [7s 9h 5c Jc] [8d]
3088e2c6: checks
Hero: checks
3088e2c6: shows [8h 5s] (two pair, Eights and Fives)
Hero: shows [Kd Ad] (Ace high)
*** SHOWDOWN ***
3088e2c6 collected 5,788 from pot
*** SUMMARY ***
Total pot 5,788 | Rake 0 | Jackpot 0 | Bingo 0 | Fortune 0 | Tax 0
Board [7s 9h 5c Jc 8d]
Seat 1: 3088e2c6 (small blind) showed [8h 5s] and won (5,788) with two pair, Eights and Fives
Seat 2: 5949a20c (big blind) folded before Flop
Seat 3: 9584f803 folded before Flop
Seat 4: ce874bcf folded before Flop
Seat 5: 2ccce2a folded before Flop
Seat 6: 2c462aa3 folded before Flop
Seat 8: Hero (button) showed [Kd Ad] and lost with Ace high


Poker Hand #TM5642564583: Tournament #266597158, Bounty Hunters Special $10.80 Hold'em No Limit - Level8(175/350(50)) - 2026/02/28 18:36:00
Table '88' 8-max Seat #6 is the button
Seat 1: 3088e2c6 (21,895 in chips)
Seat 2: 5949a20c (10,000 in chips)
Seat 3: 9584f803 (37,487 in chips)
Seat 4: ce874bcf (6,685 in chips)
Seat 5: 2ccce2a (19,026 in chips)
Seat 6: 2c462aa3 (29,093 in chips)
Seat 7: 1d90f08a (10,046 in chips)
Seat 8: Hero (27,323 in chips)
3088e2c6: posts the ante 50
1d90f08a: posts the ante 50
Hero: posts the ante 50
ce874bcf: posts the ante 50
2c462aa3: posts the ante 50
9584f803: posts the ante 50
5949a20c: posts the ante 50
2ccce2a: posts the ante 50
1d90f08a: posts small blind 175
Hero: posts big blind 350
*** HOLE CARDS ***
Dealt to 3088e2c6 
Dealt to 5949a20c 
Dealt to 9584f803 
Dealt to ce874bcf 
Dealt to 2ccce2a 
Dealt to 2c462aa3 
Dealt to 1d90f08a 
Dealt to Hero [Js Jh]
3088e2c6: calls 350
5949a20c: folds
9584f803: folds
ce874bcf: folds
2ccce2a: folds
2c462aa3: folds
1d90f08a: raises 700 to 1,050
Hero: raises 3,200 to 4,250
3088e2c6: folds
1d90f08a: raises 5,746 to 9,996 and is all-in
Hero: calls 5,746
1d90f08a: shows [7c 7s]
Hero: shows [Js Jh]
*** FLOP *** [Qs 2h Jd]
*** TURN *** [Qs 2h Jd] [6s]
*** RIVER *** [Qs 2h Jd 6s] [Jc]
3088e2c6: shows [9d Kd] (a pair of Jacks)
*** SHOWDOWN ***
Hero collected 20,742 from pot
*** SUMMARY ***
Total pot 20,742 | Rake 0 | Jackpot 0 | Bingo 0 | Fortune 0 | Tax 0
Board [Qs 2h Jd 6s Jc]
Seat 1: 3088e2c6 folded before Flop
Seat 2: 5949a20c folded before Flop
Seat 3: 9584f803 folded before Flop
Seat 4: ce874bcf folded before Flop
Seat 5: 2ccce2a folded before Flop
Seat 6: 2c462aa3 (button) folded before Flop
Seat 7: 1d90f08a (small blind) showed [7c 7s] and lost with two pair, Jacks and Sevens
Seat 8: Hero (big blind) showed [Js Jh] and won (20,742) with four of a kind, Jacks


Poker Hand #TM5642564569: Tournament #266597158, Bounty Hunters Special $10.80 Hold'em No Limit - Level8(175/350(50)) - 2026/02/28 18:35:22
Table '88' 8-max Seat #5 is the button
Seat 1: 3088e2c6 (22,820 in chips)
Seat 3: 9584f803 (35,787 in chips)
Seat 4: ce874bcf (6,735 in chips)
Seat 5: 2ccce2a (19,076 in chips)
Seat 6: 2c462aa3 (29,318 in chips)
Seat 7: 1d90f08a (10,446 in chips)
Seat 8: Hero (27,373 in chips)
3088e2c6: posts the ante 50
1d90f08a: posts the ante 50
Hero: posts the ante 50
ce874bcf: posts the ante 50
2c462aa3: posts the ante 50
9584f803: posts the ante 50
2ccce2a: posts the ante 50
2c462aa3: posts small blind 175
1d90f08a: posts big blind 350
*** HOLE CARDS ***
Dealt to 3088e2c6 
Dealt to 9584f803 
Dealt to ce874bcf 
Dealt to 2ccce2a 
Dealt to 2c462aa3 
Dealt to 1d90f08a 
Dealt to Hero [Qd 6c]
Hero: folds
3088e2c6: calls 350
9584f803: raises 525 to 875
ce874bcf: folds
2ccce2a: folds
2c462aa3: folds
1d90f08a: folds
3088e2c6: calls 525
*** FLOP *** [2d Ts Jd]
3088e2c6: checks
9584f803: bets 1,313
3088e2c6: folds
Uncalled bet (1,313) returned to 9584f803
*** SHOWDOWN ***
9584f803 collected 2,625 from pot
*** SUMMARY ***
Total pot 2,625 | Rake 0 | Jackpot 0 | Bingo 0 | Fortune 0 | Tax 0
Board [2d Ts Jd]
Seat 1: 3088e2c6 folded on the Flop
Seat 3: 9584f803 won (2,625)
Seat 4: ce874bcf folded before Flop
Seat 5: 2ccce2a (button) folded before Flop
Seat 6: 2c462aa3 (small blind) folded before Flop
Seat 7: 1d90f08a (big blind) folded before Flop
Seat 8: Hero folded before Flop


Poker Hand #TM5642564552: Tournament #266597158, Bounty Hunters Special $10.80 Hold'em No Limit - Level8(175/350(50)) - 2026/02/28 18:34:26
Table '88' 8-max Seat #4 is the button
Seat 1: 3088e2c6 (10,562 in chips)
Seat 2: 81216525 (1,271 in chips)
Seat 3: 9584f803 (35,837 in chips)
Seat 4: ce874bcf (6,785 in chips)
Seat 5: 2ccce2a (19,301 in chips)
Seat 6: 2c462aa3 (39,880 in chips)
Seat 7: 1d90f08a (10,496 in chips)
Seat 8: Hero (27,423 in chips)
3088e2c6: posts the ante 50
1d90f08a: posts the ante 50
Hero: posts the ante 50
ce874bcf: posts the ante 50
2c462aa3: posts the ante 50
81216525: posts the ante 50
9584f803: posts the ante 50
2ccce2a: posts the ante 50
2ccce2a: posts small blind 175
2c462aa3: posts big blind 350
*** HOLE CARDS ***
Dealt to 3088e2c6 
Dealt to 81216525 
Dealt to 9584f803 
Dealt to ce874bcf 
Dealt to 2ccce2a 
Dealt to 2c462aa3 
Dealt to 1d90f08a 
Dealt to Hero [7d 2s]
1d90f08a: folds
Hero: folds
3088e2c6: raises 10,162 to 10,512 and is all-in
81216525: calls 1,221 and is all-in
9584f803: folds
ce874bcf: folds
2ccce2a: folds
2c462aa3: calls 10,162
3088e2c6: shows [Ks As]
81216525: shows [Jc Jd]
2c462aa3: shows [Js Tc]
*** FLOP *** [Kh 6h 9h]
*** TURN *** [Kh 6h 9h] [6d]
*** RIVER *** [Kh 6h 9h 6d] [2h]
*** SHOWDOWN ***
3088e2c6 collected 4,238 from pot
3088e2c6 collected 18,582 from pot
*** SUMMARY ***
Total pot 22,820 | Rake 0 | Jackpot 0 | Bingo 0 | Fortune 0 | Tax 0
Board [Kh 6h 9h 6d 2h]
Seat 1: 3088e2c6 showed [Ks As] and won (22,820) with two pair, Kings and Sixes
Seat 2: 81216525 showed [Jc Jd] and lost with two pair, Jacks and Sixes
Seat 3: 9584f803 folded before Flop
Seat 4: ce874bcf (button) folded before Flop
Seat 5: 2ccce2a (small blind) folded before Flop
Seat 6: 2c462aa3 (big blind) showed [Js Tc] and lost with a pair of Sixes
Seat 7: 1d90f08a folded before Flop
Seat 8: Hero folded before Flop


Poker Hand #TM5642564536: Tournament #266597158, Bounty Hunters Special $10.80 Hold'em No Limit - Level8(175/350(50)) - 2026/02/28 18:33:36
Table '88' 8-max Seat #3 is the button
Seat 1: 3088e2c6 (11,312 in chips)
Seat 2: 81216525 (1,321 in chips)
Seat 3: 9584f803 (35,887 in chips)
Seat 4: ce874bcf (7,010 in chips)
Seat 5: 2ccce2a (17,376 in chips)
Seat 6: 2c462aa3 (40,630 in chips)
Seat 7: 1d90f08a (10,546 in chips)
Seat 8: Hero (27,473 in chips)
3088e2c6: posts the ante 50
1d90f08a: posts the ante 50
Hero: posts the ante 50
ce874bcf: posts the ante 50
2c462aa3: posts the ante 50
81216525: posts the ante 50
9584f803: posts the ante 50
2ccce2a: posts the ante 50
ce874bcf: posts small blind 175
2ccce2a: posts big blind 350
*** HOLE CARDS ***
Dealt to 3088e2c6 
Dealt to 81216525 
Dealt to 9584f803 
Dealt to ce874bcf 
Dealt to 2ccce2a 
Dealt to 2c462aa3 
Dealt to 1d90f08a 
Dealt to Hero [4c 6h]
2c462aa3: raises 350 to 700
1d90f08a: folds
Hero: folds
3088e2c6: calls 700
81216525: folds
9584f803: folds
ce874bcf: folds
2ccce2a: raises 2,450 to 3,150
2c462aa3: folds
3088e2c6: folds
Uncalled bet (2,450) returned to 2ccce2a
*** SHOWDOWN ***
2ccce2a collected 2,675 from pot
*** SUMMARY ***
Total pot 2,675 | Rake 0 | Jackpot 0 | Bingo 0 | Fortune 0 | Tax 0
Seat 1: 3088e2c6 folded before Flop
Seat 2: 81216525 folded before Flop
Seat 3: 9584f803 (button) folded before Flop
Seat 4: ce874bcf (small blind) folded before Flop
Seat 5: 2ccce2a (big blind) collected (2,675)
Seat 6: 2c462aa3 folded before Flop
Seat 7: 1d90f08a folded before Flop
Seat 8: Hero folded before Flop


Poker Hand #TM5642564527: Tournament #266597158, Bounty Hunters Special $10.80 Hold'em No Limit - Level8(175/350(50)) - 2026/02/28 18:33:09
Table '88' 8-max Seat #2 is the button
Seat 1: 3088e2c6 (9,737 in chips)
Seat 2: 81216525 (1,371 in chips)
Seat 3: 9584f803 (36,112 in chips)
Seat 4: ce874bcf (7,410 in chips)
Seat 5: 2ccce2a (17,426 in chips)
Seat 6: 2c462aa3 (41,380 in chips)
Seat 7: 1d90f08a (10,596 in chips)
Seat 8: Hero (27,523 in chips)
3088e2c6: posts the ante 50
1d90f08a: posts the ante 50
Hero: posts the ante 50
ce874bcf: posts the ante 50
2c462aa3: posts the ante 50
81216525: posts the ante 50
9584f803: posts the ante 50
2ccce2a: posts the ante 50
9584f803: posts small blind 175
ce874bcf: posts big blind 350
*** HOLE CARDS ***
Dealt to 3088e2c6 
Dealt to 81216525 
Dealt to 9584f803 
Dealt to ce874bcf 
Dealt to 2ccce2a 
Dealt to 2c462aa3 
Dealt to 1d90f08a 
Dealt to Hero [3h 6c]
2ccce2a: folds
2c462aa3: raises 350 to 700
1d90f08a: folds
Hero: folds
3088e2c6: raises 8,987 to 9,687 and is all-in
81216525: folds
9584f803: folds
ce874bcf: folds
2c462aa3: folds
Uncalled bet (8,987) returned to 3088e2c6
*** SHOWDOWN ***
3088e2c6 collected 2,325 from pot
*** SUMMARY ***
Total pot 2,325 | Rake 0 | Jackpot 0 | Bingo 0 | Fortune 0 | Tax 0
Seat 1: 3088e2c6 collected (2,325)
Seat 2: 81216525 (button) folded before Flop
Seat 3: 9584f803 (small blind) folded before Flop
Seat 4: ce874bcf (big blind) folded before Flop
Seat 5: 2ccce2a folded before Flop
Seat 6: 2c462aa3 folded before Flop
Seat 7: 1d90f08a folded before Flop
Seat 8: Hero folded before Flop


Poker Hand #TM5642564514: Tournament #266597158, Bounty Hunters Special $10.80 Hold'em No Limit - Level7(150/300(45)) - 2026/02/28 18:32:31
Table '88' 8-max Seat #1 is the button
Seat 1: 3088e2c6 (12,115 in chips)
Seat 2: 81216525 (1,566 in chips)
Seat 3: 9584f803 (30,981 in chips)
Seat 4: ce874bcf (7,455 in chips)
Seat 5: 2ccce2a (17,471 in chips)
Seat 6: 2c462aa3 (43,758 in chips)
Seat 7: 1d90f08a (10,641 in chips)
Seat 8: Hero (27,568 in chips)
3088e2c6: posts the ante 45
1d90f08a: posts the ante 45
Hero: posts the ante 45
ce874bcf: posts the ante 45
2c462aa3: posts the ante 45
81216525: posts the ante 45
9584f803: posts the ante 45
2ccce2a: posts the ante 45
81216525: posts small blind 150
9584f803: posts big blind 300
*** HOLE CARDS ***
Dealt to 3088e2c6 
Dealt to 81216525 
Dealt to 9584f803 
Dealt to ce874bcf 
Dealt to 2ccce2a 
Dealt to 2c462aa3 
Dealt to 1d90f08a 
Dealt to Hero [2s 3s]
ce874bcf: folds
2ccce2a: folds
2c462aa3: raises 300 to 600
1d90f08a: folds
Hero: folds
3088e2c6: calls 600
81216525: folds
9584f803: raises 1,733 to 2,333
2c462aa3: calls 1,733
3088e2c6: calls 1,733
*** FLOP *** [6s 7c 6d]
9584f803: bets 7,509
2c462aa3: folds
3088e2c6: folds
Uncalled bet (7,509) returned to 9584f803
*** SHOWDOWN ***
9584f803 collected 7,509 from pot
*** SUMMARY ***
Total pot 7,509 | Rake 0 | Jackpot 0 | Bingo 0 | Fortune 0 | Tax 0
Board [6s 7c 6d]
Seat 1: 3088e2c6 (button) folded on the Flop
Seat 2: 81216525 (small blind) folded before Flop
Seat 3: 9584f803 (big blind) won (7,509)
Seat 4: ce874bcf folded before Flop
Seat 5: 2ccce2a folded before Flop
Seat 6: 2c462aa3 folded on the Flop
Seat 7: 1d90f08a folded before Flop
Seat 8: Hero folded before Flop


Poker Hand #TM5642564490: Tournament #266597158, Bounty Hunters Special $10.80 Hold'em No Limit - Level7(150/300(45)) - 2026/02/28 18:31:35
Table '88' 8-max Seat #8 is the button
Seat 1: 3088e2c6 (12,310 in chips)
Seat 2: 81216525 (14,765 in chips)
Seat 3: 9584f803 (31,026 in chips)
Seat 4: ce874bcf (7,500 in chips)
Seat 5: 2ccce2a (18,266 in chips)
Seat 6: 2c462aa3 (43,803 in chips)
Seat 7: 1d90f08a (10,686 in chips)
Seat 8: Hero (13,199 in chips)
3088e2c6: posts the ante 45
1d90f08a: posts the ante 45
Hero: posts the ante 45
ce874bcf: posts the ante 45
2c462aa3: posts the ante 45
81216525: posts the ante 45
9584f803: posts the ante 45
2ccce2a: posts the ante 45
3088e2c6: posts small blind 150
81216525: posts big blind 300
*** HOLE CARDS ***
Dealt to 3088e2c6 
Dealt to 81216525 
Dealt to 9584f803 
Dealt to ce874bcf 
Dealt to 2ccce2a 
Dealt to 2c462aa3 
Dealt to 1d90f08a 
Dealt to Hero [9h 9s]
9584f803: folds
ce874bcf: folds
2ccce2a: raises 450 to 750
2c462aa3: folds
1d90f08a: folds
Hero: raises 1,155 to 1,905
3088e2c6: folds
81216525: raises 12,815 to 14,720 and is all-in
2ccce2a: folds
Hero: calls 11,249 and is all-in
Uncalled bet (1,566) returned to 81216525
81216525: shows [Kh As]
Hero: shows [9h 9s]
*** FLOP *** [7c Ac 7d]
*** TURN *** [7c Ac 7d] [9c]
*** RIVER *** [7c Ac 7d 9c] [4h]
*** SHOWDOWN ***
Hero collected 27,568 from pot
*** SUMMARY ***
Total pot 27,568 | Rake 0 | Jackpot 0 | Bingo 0 | Fortune 0 | Tax 0
Board [7c Ac 7d 9c 4h]
Seat 1: 3088e2c6 (small blind) folded before Flop
Seat 2: 81216525 (big blind) showed [Kh As] and lost with two pair, Aces and Sevens
Seat 3: 9584f803 folded before Flop
Seat 4: ce874bcf folded before Flop
Seat 5: 2ccce2a folded before Flop
Seat 6: 2c462aa3 folded before Flop
Seat 7: 1d90f08a folded before Flop
Seat 8: Hero (button) showed [9h 9s] and won (27,568) with a full house, Nines full of Sevens


Poker Hand #TM5642564474: Tournament #266597158, Bounty Hunters Special $10.80 Hold'em No Limit - Level7(150/300(45)) - 2026/02/28 18:30:52
Table '88' 8-max Seat #7 is the button
Seat 1: 3088e2c6 (12,955 in chips)
Seat 2: 81216525 (15,410 in chips)
Seat 3: 9584f803 (31,071 in chips)
Seat 4: ce874bcf (7,545 in chips)
Seat 5: 2ccce2a (18,311 in chips)
Seat 6: 2c462aa3 (42,138 in chips)
Seat 7: 1d90f08a (10,731 in chips)
Seat 8: Hero (13,394 in chips)
3088e2c6: posts the ante 45
1d90f08a: posts the ante 45
Hero: posts the ante 45
ce874bcf: posts the ante 45
2c462aa3: posts the ante 45
81216525: posts the ante 45
9584f803: posts the ante 45
2ccce2a: posts the ante 45
Hero: posts small blind 150
3088e2c6: posts big blind 300
*** HOLE CARDS ***
Dealt to 3088e2c6 
Dealt to 81216525 
Dealt to 9584f803 
Dealt to ce874bcf 
Dealt to 2ccce2a 
Dealt to 2c462aa3 
Dealt to 1d90f08a 
Dealt to Hero [Jd Th]
81216525: raises 300 to 600
9584f803: folds
ce874bcf: folds
2ccce2a: folds
2c462aa3: calls 600
1d90f08a: folds
Hero: folds
3088e2c6: calls 300
*** FLOP *** [8c 7h 9d]
3088e2c6: checks
81216525: checks
2c462aa3: checks
*** TURN *** [8c 7h 9d] [Kh]
3088e2c6: checks
81216525: checks
2c462aa3: bets 1,500
3088e2c6: folds
81216525: folds
Uncalled bet (1,500) returned to 2c462aa3
*** SHOWDOWN ***
2c462aa3 collected 2,310 from pot
*** SUMMARY ***
Total pot 2,310 | Rake 0 | Jackpot 0 | Bingo 0 | Fortune 0 | Tax 0
Board [8c 7h 9d Kh]
Seat 1: 3088e2c6 (big blind) folded on the Turn
Seat 2: 81216525 folded on the Turn
Seat 3: 9584f803 folded before Flop
Seat 4: ce874bcf folded before Flop
Seat 5: 2ccce2a folded before Flop
Seat 6: 2c462aa3 won (2,310)
Seat 7: 1d90f08a (button) folded before Flop
Seat 8: Hero (small blind) folded before Flop


Poker Hand #TM5642564465: Tournament #266597158, Bounty Hunters Special $10.80 Hold'em No Limit - Level7(150/300(45)) - 2026/02/28 18:30:24
Table '88' 8-max Seat #6 is the button
Seat 1: 3088e2c6 (13,000 in chips)
Seat 2: 81216525 (16,055 in chips)
Seat 3: 9584f803 (31,116 in chips)
Seat 4: ce874bcf (7,590 in chips)
Seat 5: 2ccce2a (16,946 in chips)
Seat 6: 2c462aa3 (42,183 in chips)
Seat 7: 1d90f08a (10,926 in chips)
Seat 8: Hero (13,739 in chips)
3088e2c6: posts the ante 45
1d90f08a: posts the ante 45
Hero: posts the ante 45
ce874bcf: posts the ante 45
2c462aa3: posts the ante 45
81216525: posts the ante 45
9584f803: posts the ante 45
2ccce2a: posts the ante 45
1d90f08a: posts small blind 150
Hero: posts big blind 300
*** HOLE CARDS ***
Dealt to 3088e2c6 
Dealt to 81216525 
Dealt to 9584f803 
Dealt to ce874bcf 
Dealt to 2ccce2a 
Dealt to 2c462aa3 
Dealt to 1d90f08a 
Dealt to Hero [9d 2s]
3088e2c6: folds
81216525: raises 300 to 600
9584f803: folds
ce874bcf: folds
2ccce2a: raises 1,800 to 2,400
2c462aa3: folds
1d90f08a: folds
Hero: folds
81216525: folds
Uncalled bet (1,800) returned to 2ccce2a
*** SHOWDOWN ***
2ccce2a collected 2,010 from pot
*** SUMMARY ***
Total pot 2,010 | Rake 0 | Jackpot 0 | Bingo 0 | Fortune 0 | Tax 0
Seat 1: 3088e2c6 folded before Flop
Seat 2: 81216525 folded before Flop
Seat 3: 9584f803 folded before Flop
Seat 4: ce874bcf folded before Flop
Seat 5: 2ccce2a collected (2,010)
Seat 6: 2c462aa3 (button) folded before Flop
Seat 7: 1d90f08a (small blind) folded before Flop
Seat 8: Hero (big blind) folded before Flop


Poker Hand #TM5642564433: Tournament #266597158, Bounty Hunters Special $10.80 Hold'em No Limit - Level7(150/300(45)) - 2026/02/28 18:28:49
Table '88' 8-max Seat #5 is the button
Seat 1: 3088e2c6 (15,745 in chips)
Seat 2: 81216525 (16,100 in chips)
Seat 3: 9584f803 (31,161 in chips)
Seat 4: ce874bcf (8,235 in chips)
Seat 5: 2ccce2a (17,591 in chips)
Seat 6: 2c462aa3 (37,668 in chips)
Seat 7: 1d90f08a (11,271 in chips)
Seat 8: Hero (13,784 in chips)
3088e2c6: posts the ante 45
1d90f08a: posts the ante 45
Hero: posts the ante 45
ce874bcf: posts the ante 45
2c462aa3: posts the ante 45
81216525: posts the ante 45
9584f803: posts the ante 45
2ccce2a: posts the ante 45
2c462aa3: posts small blind 150
1d90f08a: posts big blind 300
*** HOLE CARDS ***
Dealt to 3088e2c6 
Dealt to 81216525 
Dealt to 9584f803 
Dealt to ce874bcf 
Dealt to 2ccce2a 
Dealt to 2c462aa3 
Dealt to 1d90f08a 
Dealt to Hero [Tc 8c]
Hero: folds
3088e2c6: calls 300
81216525: folds
9584f803: folds
ce874bcf: raises 300 to 600
2ccce2a: calls 600
2c462aa3: calls 450
1d90f08a: folds
3088e2c6: calls 300
*** FLOP *** [9s 5d Jh]
2c462aa3: checks
3088e2c6: bets 1,010
ce874bcf: folds
2ccce2a: folds
2c462aa3: raises 1,090 to 2,100
3088e2c6: calls 1,090
*** TURN *** [9s 5d Jh] [7c]
2c462aa3: bets 3,750
3088e2c6: folds
Uncalled bet (3,750) returned to 2c462aa3
*** SHOWDOWN ***
2c462aa3 collected 7,260 from pot
*** SUMMARY ***
Total pot 7,260 | Rake 0 | Jackpot 0 | Bingo 0 | Fortune 0 | Tax 0
Board [9s 5d Jh 7c]
Seat 1: 3088e2c6 folded on the Turn
Seat 2: 81216525 folded before Flop
Seat 3: 9584f803 folded before Flop
Seat 4: ce874bcf folded on the Flop
Seat 5: 2ccce2a (button) folded on the Flop
Seat 6: 2c462aa3 (small blind) won (7,260)
Seat 7: 1d90f08a (big blind) folded before Flop
Seat 8: Hero folded before Flop


Poker Hand #TM5642564419: Tournament #266597158, Bounty Hunters Special $10.80 Hold'em No Limit - Level7(150/300(45)) - 2026/02/28 18:28:08
Table '88' 8-max Seat #4 is the button
Seat 1: 3088e2c6 (13,570 in chips)
Seat 2: 81216525 (16,145 in chips)
Seat 3: 9584f803 (31,206 in chips)
Seat 4: ce874bcf (8,280 in chips)
Seat 5: 2ccce2a (18,566 in chips)
Seat 6: 2c462aa3 (38,643 in chips)
Seat 7: 1d90f08a (11,316 in chips)
Seat 8: Hero (13,829 in chips)
3088e2c6: posts the ante 45
1d90f08a: posts the ante 45
Hero: posts the ante 45
ce874bcf: posts the ante 45
2c462aa3: posts the ante 45
81216525: posts the ante 45
9584f803: posts the ante 45
2ccce2a: posts the ante 45
2ccce2a: posts small blind 150
2c462aa3: posts big blind 300
*** HOLE CARDS ***
Dealt to 3088e2c6 
Dealt to 81216525 
Dealt to 9584f803 
Dealt to ce874bcf 
Dealt to 2ccce2a 
Dealt to 2c462aa3 
Dealt to 1d90f08a 
Dealt to Hero [4s 6c]
1d90f08a: folds
Hero: folds
3088e2c6: calls 300
81216525: folds
9584f803: folds
ce874bcf: folds
2ccce2a: calls 150
2c462aa3: checks
*** FLOP *** [3s Jd 2d]
2ccce2a: checks
2c462aa3: checks
3088e2c6: bets 630
2ccce2a: calls 630
2c462aa3: calls 630
*** TURN *** [3s Jd 2d] [6s]
2ccce2a: checks
2c462aa3: checks
3088e2c6: bets 2,363
2ccce2a: folds
2c462aa3: folds
Uncalled bet (2,363) returned to 3088e2c6
*** SHOWDOWN ***
3088e2c6 collected 3,150 from pot
*** SUMMARY ***
Total pot 3,150 | Rake 0 | Jackpot 0 | Bingo 0 | Fortune 0 | Tax 0
Board [3s Jd 2d 6s]
Seat 1: 3088e2c6 won (3,150)
Seat 2: 81216525 folded before Flop
Seat 3: 9584f803 folded before Flop
Seat 4: ce874bcf (button) folded before Flop
Seat 5: 2ccce2a (small blind) folded on the Turn
Seat 6: 2c462aa3 (big blind) folded on the Turn
Seat 7: 1d90f08a folded before Flop
Seat 8: Hero folded before Flop


Poker Hand #TM5642564408: Tournament #266597158, Bounty Hunters Special $10.80 Hold'em No Limit - Level7(150/300(45)) - 2026/02/28 18:27:26
Table '88' 8-max Seat #3 is the button
Seat 1: 3088e2c6 (14,215 in chips)
Seat 2: 81216525 (13,280 in chips)
Seat 3: 9584f803 (31,851 in chips)
Seat 4: ce874bcf (8,475 in chips)
Seat 5: 2ccce2a (19,211 in chips)
Seat 6: 2c462aa3 (39,288 in chips)
Seat 7: 1d90f08a (11,361 in chips)
Seat 8: Hero (13,874 in chips)
3088e2c6: posts the ante 45
1d90f08a: posts the ante 45
Hero: posts the ante 45
ce874bcf: posts the ante 45
2c462aa3: posts the ante 45
81216525: posts the ante 45
9584f803: posts the ante 45
2ccce2a: posts the ante 45
ce874bcf: posts small blind 150
2ccce2a: posts big blind 300
*** HOLE CARDS ***
Dealt to 3088e2c6 
Dealt to 81216525 
Dealt to 9584f803 
Dealt to ce874bcf 
Dealt to 2ccce2a 
Dealt to 2c462aa3 
Dealt to 1d90f08a 
Dealt to Hero [9d As]
2c462aa3: raises 300 to 600
1d90f08a: folds
Hero: folds
3088e2c6: calls 600
81216525: calls 600
9584f803: calls 600
ce874bcf: folds
2ccce2a: calls 300
*** FLOP *** [4d 8s Ks]
2ccce2a: checks
2c462aa3: checks
3088e2c6: checks
81216525: bets 1,159
9584f803: folds
2ccce2a: folds
2c462aa3: folds
3088e2c6: folds
Uncalled bet (1,159) returned to 81216525
*** SHOWDOWN ***
81216525 collected 3,510 from pot
*** SUMMARY ***
Total pot 3,510 | Rake 0 | Jackpot 0 | Bingo 0 | Fortune 0 | Tax 0
Board [4d 8s Ks]
Seat 1: 3088e2c6 folded on the Flop
Seat 2: 81216525 won (3,510)
Seat 3: 9584f803 (button) folded on the Flop
Seat 4: ce874bcf (small blind) folded before Flop
Seat 5: 2ccce2a (big blind) folded on the Flop
Seat 6: 2c462aa3 folded on the Flop
Seat 7: 1d90f08a folded before Flop
Seat 8: Hero folded before Flop


Poker Hand #TM5642564389: Tournament #266597158, Bounty Hunters Special $10.80 Hold'em No Limit - Level7(150/300(45)) - 2026/02/28 18:26:17
Table '88' 8-max Seat #2 is the button
Seat 1: 3088e2c6 (15,010 in chips)
Seat 2: 81216525 (13,325 in chips)
Seat 3: 9584f803 (32,046 in chips)
Seat 4: ce874bcf (9,270 in chips)
Seat 5: 2ccce2a (21,165 in chips)
Seat 6: 2c462aa3 (39,333 in chips)
Seat 7: 1d90f08a (11,406 in chips)
Seat 8: Hero (10,000 in chips)
3088e2c6: posts the ante 45
1d90f08a: posts the ante 45
Hero: posts the ante 45
ce874bcf: posts the ante 45
2c462aa3: posts the ante 45
81216525: posts the ante 45
9584f803: posts the ante 45
2ccce2a: posts the ante 45
9584f803: posts small blind 150
ce874bcf: posts big blind 300
*** HOLE CARDS ***
Dealt to 3088e2c6 
Dealt to 81216525 
Dealt to 9584f803 
Dealt to ce874bcf 
Dealt to 2ccce2a 
Dealt to 2c462aa3 
Dealt to 1d90f08a 
Dealt to Hero [5s As]
2ccce2a: raises 450 to 750
2c462aa3: folds
1d90f08a: folds
Hero: calls 750
3088e2c6: calls 750
81216525: folds
9584f803: folds
ce874bcf: calls 450
*** FLOP *** [7d Ad 2c]
ce874bcf: checks
2ccce2a: bets 1,159
Hero: calls 1,159
3088e2c6: folds
ce874bcf: folds
*** TURN *** [7d Ad 2c] [3d]
2ccce2a: checks
Hero: bets 2,614
2ccce2a: folds
Uncalled bet (2,614) returned to Hero
*** SHOWDOWN ***
Hero collected 5,828 from pot
*** SUMMARY ***
Total pot 5,828 | Rake 0 | Jackpot 0 | Bingo 0 | Fortune 0 | Tax 0
Board [7d Ad 2c 3d]
Seat 1: 3088e2c6 folded on the Flop
Seat 2: 81216525 (button) folded before Flop
Seat 3: 9584f803 (small blind) folded before Flop
Seat 4: ce874bcf (big blind) folded on the Flop
Seat 5: 2ccce2a folded on the Turn
Seat 6: 2c462aa3 folded before Flop
Seat 7: 1d90f08a folded before Flop
Seat 8: Hero won (5,828)


