Poker Hand #TM5625250144: Tournament #266374836, APL Series: ¥55 Zodiac Deep Bounty Turbo 6-Max + Goat Hold'em No Limit - Level7(150/300(35)) - 2026/02/23 23:14:59
Table '28' 6-max Seat #5 is the button
Seat 1: 66f5e6b (20,275 in chips)
Seat 2: 3c8c3186 (9,521 in chips)
Seat 3: Hero (292 in chips)
Seat 4: 45ae868b (16,409 in chips)
Seat 5: d73e806f (28,739 in chips)
Seat 6: 2363f57e (17,988 in chips)
3c8c3186: posts the ante 35
45ae868b: posts the ante 35
Hero: posts the ante 35
2363f57e: posts the ante 35
d73e806f: posts the ante 35
66f5e6b: posts the ante 35
2363f57e: posts small blind 150
66f5e6b: posts big blind 300
*** HOLE CARDS ***
Dealt to 66f5e6b 
Dealt to 3c8c3186 
Dealt to Hero [As 2d]
Dealt to 45ae868b 
Dealt to d73e806f 
Dealt to 2363f57e 
3c8c3186: folds
Hero: calls 257 and is all-in
45ae868b: calls 300
d73e806f: folds
2363f57e: folds
66f5e6b: raises 19,940 to 20,240 and is all-in
45ae868b: folds
Uncalled bet (19,940) returned to 66f5e6b
66f5e6b: shows [Tc Ac]
Hero: shows [As 2d]
*** FLOP *** [Th 7c 7s]
*** TURN *** [Th 7c 7s] [9h]
*** RIVER *** [Th 7c 7s 9h] [5s]
45ae868b: shows [7h] (three of a kind, Sevens)
*** SHOWDOWN ***
66f5e6b collected 1,131 from pot
66f5e6b collected 86 from pot
*** SUMMARY ***
Total pot 1,217 | Rake 0 | Jackpot 0 | Bingo 0 | Fortune 0 | Tax 0
Board [Th 7c 7s 9h 5s]
Seat 1: 66f5e6b (big blind) showed [Tc Ac] and won (1,217) with two pair, Tens and Sevens
Seat 2: 3c8c3186 folded before Flop
Seat 3: Hero showed [As 2d] and lost with a pair of Sevens
Seat 4: 45ae868b folded before Flop
Seat 5: d73e806f (button) folded before Flop
Seat 6: 2363f57e (small blind) folded before Flop


Poker Hand #TM5625250104: Tournament #266374836, APL Series: ¥55 Zodiac Deep Bounty Turbo 6-Max + Goat Hold'em No Limit - Level7(150/300(35)) - 2026/02/23 23:14:11
Table '28' 6-max Seat #4 is the button
Seat 1: 66f5e6b (20,310 in chips)
Seat 2: 3c8c3186 (9,556 in chips)
Seat 3: Hero (9,141 in chips)
Seat 4: 45ae868b (16,444 in chips)
Seat 5: d73e806f (28,924 in chips)
Seat 6: 2363f57e (8,849 in chips)
3c8c3186: posts the ante 35
45ae868b: posts the ante 35
Hero: posts the ante 35
2363f57e: posts the ante 35
d73e806f: posts the ante 35
66f5e6b: posts the ante 35
d73e806f: posts small blind 150
2363f57e: posts big blind 300
*** HOLE CARDS ***
Dealt to 66f5e6b 
Dealt to 3c8c3186 
Dealt to Hero [2s 2d]
Dealt to 45ae868b 
Dealt to d73e806f 
Dealt to 2363f57e 
66f5e6b: folds
3c8c3186: folds
Hero: raises 300 to 600
45ae868b: folds
d73e806f: folds
2363f57e: raises 8,214 to 8,814 and is all-in
Hero: calls 8,214
2363f57e: shows [2h Ac]
Hero: shows [2s 2d]
*** FLOP *** [3c 5d Qc]
*** TURN *** [3c 5d Qc] [8s]
*** RIVER *** [3c 5d Qc 8s] [4s]
*** SHOWDOWN ***
2363f57e collected 17,988 from pot
*** SUMMARY ***
Total pot 17,988 | Rake 0 | Jackpot 0 | Bingo 0 | Fortune 0 | Tax 0
Board [3c 5d Qc 8s 4s]
Seat 1: 66f5e6b folded before Flop
Seat 2: 3c8c3186 folded before Flop
Seat 3: Hero showed [2s 2d] and lost with a pair of Twos
Seat 4: 45ae868b (button) folded before Flop
Seat 5: d73e806f (small blind) folded before Flop
Seat 6: 2363f57e (big blind) showed [2h Ac] and won (17,988) with a straight, Ace to Five


Poker Hand #TM5625250071: Tournament #266374836, APL Series: ¥55 Zodiac Deep Bounty Turbo 6-Max + Goat Hold'em No Limit - Level7(150/300(35)) - 2026/02/23 23:13:40
Table '28' 6-max Seat #3 is the button
Seat 1: 66f5e6b (20,345 in chips)
Seat 2: 3c8c3186 (9,591 in chips)
Seat 3: Hero (9,776 in chips)
Seat 4: 45ae868b (16,629 in chips)
Seat 5: d73e806f (27,399 in chips)
Seat 6: 2363f57e (9,484 in chips)
3c8c3186: posts the ante 35
45ae868b: posts the ante 35
Hero: posts the ante 35
2363f57e: posts the ante 35
d73e806f: posts the ante 35
66f5e6b: posts the ante 35
45ae868b: posts small blind 150
d73e806f: posts big blind 300
*** HOLE CARDS ***
Dealt to 66f5e6b 
Dealt to 3c8c3186 
Dealt to Hero [4d Qd]
Dealt to 45ae868b 
Dealt to d73e806f 
Dealt to 2363f57e 
2363f57e: raises 300 to 600
66f5e6b: folds
3c8c3186: folds
Hero: calls 600
45ae868b: folds
d73e806f: raises 1,920 to 2,520
2363f57e: folds
Hero: folds
Uncalled bet (1,920) returned to d73e806f
*** SHOWDOWN ***
d73e806f collected 2,160 from pot
*** SUMMARY ***
Total pot 2,160 | Rake 0 | Jackpot 0 | Bingo 0 | Fortune 0 | Tax 0
Seat 1: 66f5e6b folded before Flop
Seat 2: 3c8c3186 folded before Flop
Seat 3: Hero (button) folded before Flop
Seat 4: 45ae868b (small blind) folded before Flop
Seat 5: d73e806f (big blind) collected (2,160)
Seat 6: 2363f57e folded before Flop


Poker Hand #TM5625250026: Tournament #266374836, APL Series: ¥55 Zodiac Deep Bounty Turbo 6-Max + Goat Hold'em No Limit - Level6(125/250(30)) - 2026/02/23 23:12:51
Table '28' 6-max Seat #2 is the button
Seat 1: 66f5e6b (20,375 in chips)
Seat 2: 3c8c3186 (17,783 in chips)
Seat 3: Hero (9,931 in chips)
Seat 4: 45ae868b (8,192 in chips)
Seat 5: d73e806f (27,429 in chips)
Seat 6: 2363f57e (9,514 in chips)
3c8c3186: posts the ante 30
45ae868b: posts the ante 30
Hero: posts the ante 30
2363f57e: posts the ante 30
d73e806f: posts the ante 30
66f5e6b: posts the ante 30
Hero: posts small blind 125
45ae868b: posts big blind 250
*** HOLE CARDS ***
Dealt to 66f5e6b 
Dealt to 3c8c3186 
Dealt to Hero [2s 8h]
Dealt to 45ae868b 
Dealt to d73e806f 
Dealt to 2363f57e 
d73e806f: folds
2363f57e: folds
66f5e6b: folds
3c8c3186: raises 250 to 500
Hero: folds
45ae868b: raises 7,662 to 8,162 and is all-in
3c8c3186: calls 7,662
45ae868b: shows [Qh Kd]
3c8c3186: shows [Ac Td]
*** FLOP *** [4s 9s Qc]
*** TURN *** [4s 9s Qc] [8c]
*** RIVER *** [4s 9s Qc 8c] [3c]
*** SHOWDOWN ***
45ae868b collected 16,629 from pot
*** SUMMARY ***
Total pot 16,629 | Rake 0 | Jackpot 0 | Bingo 0 | Fortune 0 | Tax 0
Board [4s 9s Qc 8c 3c]
Seat 1: 66f5e6b folded before Flop
Seat 2: 3c8c3186 (button) showed [Ac Td] and lost with Ace high
Seat 3: Hero (small blind) folded before Flop
Seat 4: 45ae868b (big blind) showed [Qh Kd] and won (16,629) with a pair of Queens
Seat 5: d73e806f folded before Flop
Seat 6: 2363f57e folded before Flop


Poker Hand #TM5625249996: Tournament #266374836, APL Series: ¥55 Zodiac Deep Bounty Turbo 6-Max + Goat Hold'em No Limit - Level6(125/250(30)) - 2026/02/23 23:12:09
Table '28' 6-max Seat #1 is the button
Seat 1: 66f5e6b (17,587 in chips)
Seat 2: 3c8c3186 (17,938 in chips)
Seat 3: Hero (12,474 in chips)
Seat 4: 45ae868b (8,222 in chips)
Seat 5: d73e806f (27,459 in chips)
Seat 6: 2363f57e (9,544 in chips)
3c8c3186: posts the ante 30
45ae868b: posts the ante 30
Hero: posts the ante 30
2363f57e: posts the ante 30
d73e806f: posts the ante 30
66f5e6b: posts the ante 30
3c8c3186: posts small blind 125
Hero: posts big blind 250
*** HOLE CARDS ***
Dealt to 66f5e6b 
Dealt to 3c8c3186 
Dealt to Hero [4h 5d]
Dealt to 45ae868b 
Dealt to d73e806f 
Dealt to 2363f57e 
45ae868b: folds
d73e806f: folds
2363f57e: folds
66f5e6b: raises 250 to 500
3c8c3186: folds
Hero: calls 250
*** FLOP *** [Ts 7c 5h]
Hero: checks
66f5e6b: bets 496
Hero: calls 496
*** TURN *** [Ts 7c 5h] [6s]
Hero: checks
66f5e6b: checks
*** RIVER *** [Ts 7c 5h 6s] [Kc]
Hero: checks
66f5e6b: bets 1,517
Hero: calls 1,517
66f5e6b: shows [Kd Qd] (a pair of Kings)
Hero: shows [4h 5d] (a pair of Fives)
*** SHOWDOWN ***
66f5e6b collected 5,331 from pot
*** SUMMARY ***
Total pot 5,331 | Rake 0 | Jackpot 0 | Bingo 0 | Fortune 0 | Tax 0
Board [Ts 7c 5h 6s Kc]
Seat 1: 66f5e6b (button) showed [Kd Qd] and won (5,331) with a pair of Kings
Seat 2: 3c8c3186 (small blind) folded before Flop
Seat 3: Hero (big blind) showed [4h 5d] and lost with a pair of Fives
Seat 4: 45ae868b folded before Flop
Seat 5: d73e806f folded before Flop
Seat 6: 2363f57e folded before Flop


Poker Hand #TM5625249972: Tournament #266374836, APL Series: ¥55 Zodiac Deep Bounty Turbo 6-Max + Goat Hold'em No Limit - Level6(125/250(30)) - 2026/02/23 23:11:35
Table '28' 6-max Seat #6 is the button
Seat 1: 66f5e6b (17,742 in chips)
Seat 2: 3c8c3186 (18,518 in chips)
Seat 3: Hero (12,504 in chips)
Seat 4: 45ae868b (8,252 in chips)
Seat 5: d73e806f (26,634 in chips)
Seat 6: 2363f57e (9,574 in chips)
3c8c3186: posts the ante 30
45ae868b: posts the ante 30
Hero: posts the ante 30
2363f57e: posts the ante 30
d73e806f: posts the ante 30
66f5e6b: posts the ante 30
66f5e6b: posts small blind 125
3c8c3186: posts big blind 250
*** HOLE CARDS ***
Dealt to 66f5e6b 
Dealt to 3c8c3186 
Dealt to Hero [6s Qd]
Dealt to 45ae868b 
Dealt to d73e806f 
Dealt to 2363f57e 
Hero: folds
45ae868b: folds
d73e806f: raises 300 to 550
2363f57e: folds
66f5e6b: folds
3c8c3186: calls 300
*** FLOP *** [4d 4s As]
3c8c3186: checks
d73e806f: bets 352
3c8c3186: folds
Uncalled bet (352) returned to d73e806f
*** SHOWDOWN ***
d73e806f collected 1,405 from pot
*** SUMMARY ***
Total pot 1,405 | Rake 0 | Jackpot 0 | Bingo 0 | Fortune 0 | Tax 0
Board [4d 4s As]
Seat 1: 66f5e6b (small blind) folded before Flop
Seat 2: 3c8c3186 (big blind) folded on the Flop
Seat 3: Hero folded before Flop
Seat 4: 45ae868b folded before Flop
Seat 5: d73e806f won (1,405)
Seat 6: 2363f57e (button) folded before Flop


Poker Hand #TM5625249949: Tournament #266374836, APL Series: ¥55 Zodiac Deep Bounty Turbo 6-Max + Goat Hold'em No Limit - Level6(125/250(30)) - 2026/02/23 23:11:15
Table '28' 6-max Seat #5 is the button
Seat 1: 66f5e6b (18,022 in chips)
Seat 2: 3c8c3186 (18,548 in chips)
Seat 3: Hero (12,534 in chips)
Seat 4: 45ae868b (8,282 in chips)
Seat 5: d73e806f (26,664 in chips)
Seat 6: 2363f57e (9,174 in chips)
3c8c3186: posts the ante 30
45ae868b: posts the ante 30
Hero: posts the ante 30
2363f57e: posts the ante 30
d73e806f: posts the ante 30
66f5e6b: posts the ante 30
2363f57e: posts small blind 125
66f5e6b: posts big blind 250
*** HOLE CARDS ***
Dealt to 66f5e6b 
Dealt to 3c8c3186 
Dealt to Hero [5d Kc]
Dealt to 45ae868b 
Dealt to d73e806f 
Dealt to 2363f57e 
3c8c3186: folds
Hero: folds
45ae868b: folds
d73e806f: folds
2363f57e: raises 8,894 to 9,144 and is all-in
66f5e6b: folds
Uncalled bet (8,894) returned to 2363f57e
*** SHOWDOWN ***
2363f57e collected 680 from pot
*** SUMMARY ***
Total pot 680 | Rake 0 | Jackpot 0 | Bingo 0 | Fortune 0 | Tax 0
Seat 1: 66f5e6b (big blind) folded before Flop
Seat 2: 3c8c3186 folded before Flop
Seat 3: Hero folded before Flop
Seat 4: 45ae868b folded before Flop
Seat 5: d73e806f (button) folded before Flop
Seat 6: 2363f57e (small blind) collected (680)


Poker Hand #TM5625249914: Tournament #266374836, APL Series: ¥55 Zodiac Deep Bounty Turbo 6-Max + Goat Hold'em No Limit - Level6(125/250(30)) - 2026/02/23 23:10:24
Table '28' 6-max Seat #4 is the button
Seat 1: 66f5e6b (18,052 in chips)
Seat 2: 3c8c3186 (17,398 in chips)
Seat 3: Hero (12,564 in chips)
Seat 4: 45ae868b (8,312 in chips)
Seat 5: d73e806f (27,194 in chips)
Seat 6: 2363f57e (9,704 in chips)
3c8c3186: posts the ante 30
45ae868b: posts the ante 30
Hero: posts the ante 30
2363f57e: posts the ante 30
d73e806f: posts the ante 30
66f5e6b: posts the ante 30
d73e806f: posts small blind 125
2363f57e: posts big blind 250
*** HOLE CARDS ***
Dealt to 66f5e6b 
Dealt to 3c8c3186 
Dealt to Hero [7d Ah]
Dealt to 45ae868b 
Dealt to d73e806f 
Dealt to 2363f57e 
66f5e6b: folds
3c8c3186: raises 250 to 500
Hero: folds
45ae868b: folds
d73e806f: calls 375
2363f57e: calls 250
*** FLOP *** [As Js 2s]
d73e806f: checks
2363f57e: checks
3c8c3186: bets 555
d73e806f: folds
2363f57e: folds
Uncalled bet (555) returned to 3c8c3186
*** SHOWDOWN ***
3c8c3186 collected 1,680 from pot
*** SUMMARY ***
Total pot 1,680 | Rake 0 | Jackpot 0 | Bingo 0 | Fortune 0 | Tax 0
Board [As Js 2s]
Seat 1: 66f5e6b folded before Flop
Seat 2: 3c8c3186 won (1,680)
Seat 3: Hero folded before Flop
Seat 4: 45ae868b (button) folded before Flop
Seat 5: d73e806f (small blind) folded on the Flop
Seat 6: 2363f57e (big blind) folded on the Flop


Poker Hand #TM5625249850: Tournament #266374836, APL Series: ¥55 Zodiac Deep Bounty Turbo 6-Max + Goat Hold'em No Limit - Level6(125/250(30)) - 2026/02/23 23:09:17
Table '28' 6-max Seat #3 is the button
Seat 1: 66f5e6b (18,082 in chips)
Seat 2: 3c8c3186 (17,428 in chips)
Seat 3: Hero (12,594 in chips)
Seat 4: 45ae868b (11,617 in chips)
Seat 5: d73e806f (23,769 in chips)
Seat 6: 2363f57e (9,734 in chips)
3c8c3186: posts the ante 30
45ae868b: posts the ante 30
Hero: posts the ante 30
2363f57e: posts the ante 30
d73e806f: posts the ante 30
66f5e6b: posts the ante 30
45ae868b: posts small blind 125
d73e806f: posts big blind 250
*** HOLE CARDS ***
Dealt to 66f5e6b 
Dealt to 3c8c3186 
Dealt to Hero [Kc 5h]
Dealt to 45ae868b 
Dealt to d73e806f 
Dealt to 2363f57e 
2363f57e: folds
66f5e6b: folds
3c8c3186: folds
Hero: folds
45ae868b: raises 625 to 875
d73e806f: calls 625
*** FLOP *** [8c 6s 3s]
45ae868b: bets 637
d73e806f: calls 637
*** TURN *** [8c 6s 3s] [4s]
45ae868b: bets 1,763
d73e806f: calls 1,763
*** RIVER *** [8c 6s 3s 4s] [8h]
45ae868b: checks
d73e806f: bets 5,192
45ae868b: folds
Uncalled bet (5,192) returned to d73e806f
*** SHOWDOWN ***
d73e806f collected 6,730 from pot
*** SUMMARY ***
Total pot 6,730 | Rake 0 | Jackpot 0 | Bingo 0 | Fortune 0 | Tax 0
Board [8c 6s 3s 4s 8h]
Seat 1: 66f5e6b folded before Flop
Seat 2: 3c8c3186 folded before Flop
Seat 3: Hero (button) folded before Flop
Seat 4: 45ae868b (small blind) folded on the River
Seat 5: d73e806f (big blind) won (6,730)
Seat 6: 2363f57e folded before Flop


Poker Hand #TM5625249812: Tournament #266374836, APL Series: ¥55 Zodiac Deep Bounty Turbo 6-Max + Goat Hold'em No Limit - Level6(125/250(30)) - 2026/02/23 23:08:30
Table '28' 6-max Seat #2 is the button
Seat 1: 66f5e6b (18,112 in chips)
Seat 2: 3c8c3186 (17,458 in chips)
Seat 3: Hero (12,749 in chips)
Seat 4: 45ae868b (8,268 in chips)
Seat 5: d73e806f (23,799 in chips)
Seat 6: 2363f57e (12,838 in chips)
3c8c3186: posts the ante 30
45ae868b: posts the ante 30
Hero: posts the ante 30
2363f57e: posts the ante 30
d73e806f: posts the ante 30
66f5e6b: posts the ante 30
Hero: posts small blind 125
45ae868b: posts big blind 250
*** HOLE CARDS ***
Dealt to 66f5e6b 
Dealt to 3c8c3186 
Dealt to Hero [Ad 3h]
Dealt to 45ae868b 
Dealt to d73e806f 
Dealt to 2363f57e 
d73e806f: folds
2363f57e: raises 250 to 500
66f5e6b: folds
3c8c3186: folds
Hero: folds
45ae868b: calls 250
*** FLOP *** [Th 9d Kd]
45ae868b: checks
2363f57e: checks
*** TURN *** [Th 9d Kd] [6s]
45ae868b: bets 750
2363f57e: calls 750
*** RIVER *** [Th 9d Kd 6s] [2d]
45ae868b: bets 1,824
2363f57e: calls 1,824
45ae868b: shows [Kc 3c] (a pair of Kings)
2363f57e: shows [9s Ac] (a pair of Nines)
*** SHOWDOWN ***
45ae868b collected 6,453 from pot
*** SUMMARY ***
Total pot 6,453 | Rake 0 | Jackpot 0 | Bingo 0 | Fortune 0 | Tax 0
Board [Th 9d Kd 6s 2d]
Seat 1: 66f5e6b folded before Flop
Seat 2: 3c8c3186 (button) folded before Flop
Seat 3: Hero (small blind) folded before Flop
Seat 4: 45ae868b (big blind) showed [Kc 3c] and won (6,453) with a pair of Kings
Seat 5: d73e806f folded before Flop
Seat 6: 2363f57e showed [9s Ac] and lost with a pair of Nines


Poker Hand #TM5625249780: Tournament #266374836, APL Series: ¥55 Zodiac Deep Bounty Turbo 6-Max + Goat Hold'em No Limit - Level6(125/250(30)) - 2026/02/23 23:07:51
Table '28' 6-max Seat #1 is the button
Seat 1: 66f5e6b (18,142 in chips)
Seat 2: 3c8c3186 (18,113 in chips)
Seat 3: Hero (13,404 in chips)
Seat 4: 45ae868b (8,298 in chips)
Seat 5: d73e806f (22,399 in chips)
Seat 6: 2363f57e (12,868 in chips)
3c8c3186: posts the ante 30
45ae868b: posts the ante 30
Hero: posts the ante 30
2363f57e: posts the ante 30
d73e806f: posts the ante 30
66f5e6b: posts the ante 30
3c8c3186: posts small blind 125
Hero: posts big blind 250
*** HOLE CARDS ***
Dealt to 66f5e6b 
Dealt to 3c8c3186 
Dealt to Hero [9h 8d]
Dealt to 45ae868b 
Dealt to d73e806f 
Dealt to 2363f57e 
45ae868b: folds
d73e806f: raises 375 to 625
2363f57e: folds
66f5e6b: folds
3c8c3186: calls 500
Hero: calls 375
*** FLOP *** [Qs 4h Ks]
3c8c3186: checks
Hero: checks
d73e806f: bets 929
3c8c3186: folds
Hero: folds
Uncalled bet (929) returned to d73e806f
*** SHOWDOWN ***
d73e806f collected 2,055 from pot
*** SUMMARY ***
Total pot 2,055 | Rake 0 | Jackpot 0 | Bingo 0 | Fortune 0 | Tax 0
Board [Qs 4h Ks]
Seat 1: 66f5e6b (button) folded before Flop
Seat 2: 3c8c3186 (small blind) folded on the Flop
Seat 3: Hero (big blind) folded on the Flop
Seat 4: 45ae868b folded before Flop
Seat 5: d73e806f won (2,055)
Seat 6: 2363f57e folded before Flop


Poker Hand #TM5625249752: Tournament #266374836, APL Series: ¥55 Zodiac Deep Bounty Turbo 6-Max + Goat Hold'em No Limit - Level6(125/250(30)) - 2026/02/23 23:07:17
Table '28' 6-max Seat #6 is the button
Seat 1: 66f5e6b (18,297 in chips)
Seat 2: 3c8c3186 (17,338 in chips)
Seat 3: Hero (13,434 in chips)
Seat 4: 45ae868b (8,328 in chips)
Seat 5: d73e806f (22,929 in chips)
Seat 6: 2363f57e (12,898 in chips)
3c8c3186: posts the ante 30
45ae868b: posts the ante 30
Hero: posts the ante 30
2363f57e: posts the ante 30
d73e806f: posts the ante 30
66f5e6b: posts the ante 30
66f5e6b: posts small blind 125
3c8c3186: posts big blind 250
*** HOLE CARDS ***
Dealt to 66f5e6b 
Dealt to 3c8c3186 
Dealt to Hero [2s Td]
Dealt to 45ae868b 
Dealt to d73e806f 
Dealt to 2363f57e 
Hero: folds
45ae868b: folds
d73e806f: raises 250 to 500
2363f57e: folds
66f5e6b: folds
3c8c3186: calls 250
*** FLOP *** [Th 6h 4s]
3c8c3186: checks
d73e806f: checks
*** TURN *** [Th 6h 4s] [8s]
3c8c3186: bets 903
d73e806f: folds
Uncalled bet (903) returned to 3c8c3186
*** SHOWDOWN ***
3c8c3186 collected 1,305 from pot
*** SUMMARY ***
Total pot 1,305 | Rake 0 | Jackpot 0 | Bingo 0 | Fortune 0 | Tax 0
Board [Th 6h 4s 8s]
Seat 1: 66f5e6b (small blind) folded before Flop
Seat 2: 3c8c3186 (big blind) won (1,305)
Seat 3: Hero folded before Flop
Seat 4: 45ae868b folded before Flop
Seat 5: d73e806f folded on the Turn
Seat 6: 2363f57e (button) folded before Flop


Poker Hand #TM5625249706: Tournament #266374836, APL Series: ¥55 Zodiac Deep Bounty Turbo 6-Max + Goat Hold'em No Limit - Level5(100/200(25)) - 2026/02/23 23:06:29
Table '28' 6-max Seat #5 is the button
Seat 1: 66f5e6b (15,880 in chips)
Seat 2: 3c8c3186 (17,363 in chips)
Seat 3: Hero (13,459 in chips)
Seat 4: 45ae868b (10,545 in chips)
Seat 5: d73e806f (22,954 in chips)
Seat 6: 2363f57e (13,023 in chips)
3c8c3186: posts the ante 25
45ae868b: posts the ante 25
Hero: posts the ante 25
2363f57e: posts the ante 25
d73e806f: posts the ante 25
66f5e6b: posts the ante 25
2363f57e: posts small blind 100
66f5e6b: posts big blind 200
*** HOLE CARDS ***
Dealt to 66f5e6b 
Dealt to 3c8c3186 
Dealt to Hero [2s 3d]
Dealt to 45ae868b 
Dealt to d73e806f 
Dealt to 2363f57e 
3c8c3186: folds
Hero: folds
45ae868b: raises 200 to 400
d73e806f: folds
2363f57e: folds
66f5e6b: calls 200
*** FLOP *** [Qs Td Ad]
66f5e6b: checks
45ae868b: bets 578
66f5e6b: calls 578
*** TURN *** [Qs Td Ad] [Qd]
66f5e6b: checks
45ae868b: bets 1,214
66f5e6b: calls 1,214
*** RIVER *** [Qs Td Ad Qd] [Tc]
66f5e6b: checks
45ae868b: checks
66f5e6b: shows [Kd Jc] (a straight, Ace to Ten)
45ae868b: shows [5s 7s] (two pair, Queens and Tens)
*** SHOWDOWN ***
66f5e6b collected 4,634 from pot
*** SUMMARY ***
Total pot 4,634 | Rake 0 | Jackpot 0 | Bingo 0 | Fortune 0 | Tax 0
Board [Qs Td Ad Qd Tc]
Seat 1: 66f5e6b (big blind) showed [Kd Jc] and won (4,634) with a straight, Ace to Ten
Seat 2: 3c8c3186 folded before Flop
Seat 3: Hero folded before Flop
Seat 4: 45ae868b showed [5s 7s] and lost with two pair, Queens and Tens
Seat 5: d73e806f (button) folded before Flop
Seat 6: 2363f57e (small blind) folded before Flop


Poker Hand #TM5625249656: Tournament #266374836, APL Series: ¥55 Zodiac Deep Bounty Turbo 6-Max + Goat Hold'em No Limit - Level5(100/200(25)) - 2026/02/23 23:05:25
Table '28' 6-max Seat #4 is the button
Seat 1: 66f5e6b (13,703 in chips)
Seat 2: 3c8c3186 (17,388 in chips)
Seat 3: Hero (13,484 in chips)
Seat 4: 45ae868b (10,570 in chips)
Seat 5: d73e806f (23,079 in chips)
Seat 6: 2363f57e (15,000 in chips)
3c8c3186: posts the ante 25
45ae868b: posts the ante 25
Hero: posts the ante 25
2363f57e: posts the ante 25
d73e806f: posts the ante 25
66f5e6b: posts the ante 25
d73e806f: posts small blind 100
2363f57e: posts big blind 200
*** HOLE CARDS ***
Dealt to 66f5e6b 
Dealt to 3c8c3186 
Dealt to Hero [4h 7s]
Dealt to 45ae868b 
Dealt to d73e806f 
Dealt to 2363f57e 
66f5e6b: raises 200 to 400
3c8c3186: folds
Hero: folds
45ae868b: folds
d73e806f: folds
2363f57e: calls 200
*** FLOP *** [Js 2h 4c]
2363f57e: checks
66f5e6b: bets 263
2363f57e: raises 463 to 726
66f5e6b: calls 463
*** TURN *** [Js 2h 4c] [6c]
2363f57e: bets 826
66f5e6b: calls 826
*** RIVER *** [Js 2h 4c 6c] [Qd]
2363f57e: checks
66f5e6b: checks
2363f57e: shows [2s As] (a pair of Twos)
66f5e6b: shows [Ah 6h] (a pair of Sixes)
*** SHOWDOWN ***
66f5e6b collected 4,154 from pot
*** SUMMARY ***
Total pot 4,154 | Rake 0 | Jackpot 0 | Bingo 0 | Fortune 0 | Tax 0
Board [Js 2h 4c 6c Qd]
Seat 1: 66f5e6b showed [Ah 6h] and won (4,154) with a pair of Sixes
Seat 2: 3c8c3186 folded before Flop
Seat 3: Hero folded before Flop
Seat 4: 45ae868b (button) folded before Flop
Seat 5: d73e806f (small blind) folded before Flop
Seat 6: 2363f57e (big blind) showed [2s As] and lost with a pair of Twos


Poker Hand #TM5625249604: Tournament #266374836, APL Series: ¥55 Zodiac Deep Bounty Turbo 6-Max + Goat Hold'em No Limit - Level5(100/200(25)) - 2026/02/23 23:04:23
Table '28' 6-max Seat #3 is the button
Seat 1: 66f5e6b (13,728 in chips)
Seat 2: 3c8c3186 (17,413 in chips)
Seat 3: Hero (12,459 in chips)
Seat 4: 45ae868b (10,695 in chips)
Seat 5: d73e806f (23,504 in chips)
Seat 6: cc84b75a (12,201 in chips)
3c8c3186: posts the ante 25
45ae868b: posts the ante 25
Hero: posts the ante 25
d73e806f: posts the ante 25
cc84b75a: posts the ante 25
66f5e6b: posts the ante 25
45ae868b: posts small blind 100
d73e806f: posts big blind 200
*** HOLE CARDS ***
Dealt to 66f5e6b 
Dealt to 3c8c3186 
Dealt to Hero [5d Kd]
Dealt to 45ae868b 
Dealt to d73e806f 
Dealt to cc84b75a 
cc84b75a: raises 200 to 400
66f5e6b: folds
3c8c3186: folds
Hero: calls 400
45ae868b: folds
d73e806f: calls 200
*** FLOP *** [Tc 5h 6c]
d73e806f: checks
cc84b75a: checks
Hero: checks
*** TURN *** [Tc 5h 6c] [9h]
d73e806f: checks
cc84b75a: checks
Hero: checks
*** RIVER *** [Tc 5h 6c 9h] [Ts]
d73e806f: checks
cc84b75a: checks
Hero: checks
d73e806f: shows [8s Jh] (a pair of Tens)
cc84b75a: shows [As 3s] (a pair of Tens)
Hero: shows [5d Kd] (two pair, Tens and Fives)
*** SHOWDOWN ***
Hero collected 1,450 from pot
*** SUMMARY ***
Total pot 1,450 | Rake 0 | Jackpot 0 | Bingo 0 | Fortune 0 | Tax 0
Board [Tc 5h 6c 9h Ts]
Seat 1: 66f5e6b folded before Flop
Seat 2: 3c8c3186 folded before Flop
Seat 3: Hero (button) showed [5d Kd] and won (1,450) with two pair, Tens and Fives
Seat 4: 45ae868b (small blind) folded before Flop
Seat 5: d73e806f (big blind) showed [8s Jh] and lost with a pair of Tens
Seat 6: cc84b75a showed [As 3s] and lost with a pair of Tens


Poker Hand #TM5625249593: Tournament #266374836, APL Series: ¥55 Zodiac Deep Bounty Turbo 6-Max + Goat Hold'em No Limit - Level5(100/200(25)) - 2026/02/23 23:04:05
Table '28' 6-max Seat #2 is the button
Seat 1: 66f5e6b (13,753 in chips)
Seat 2: 3c8c3186 (17,438 in chips)
Seat 3: Hero (12,584 in chips)
Seat 4: 45ae868b (10,470 in chips)
Seat 5: d73e806f (23,529 in chips)
Seat 6: cc84b75a (12,226 in chips)
3c8c3186: posts the ante 25
45ae868b: posts the ante 25
Hero: posts the ante 25
d73e806f: posts the ante 25
cc84b75a: posts the ante 25
66f5e6b: posts the ante 25
Hero: posts small blind 100
45ae868b: posts big blind 200
*** HOLE CARDS ***
Dealt to 66f5e6b 
Dealt to 3c8c3186 
Dealt to Hero [7c 4h]
Dealt to 45ae868b 
Dealt to d73e806f 
Dealt to cc84b75a 
d73e806f: folds
cc84b75a: folds
66f5e6b: folds
3c8c3186: folds
Hero: folds
Uncalled bet (100) returned to 45ae868b
*** SHOWDOWN ***
45ae868b collected 350 from pot
*** SUMMARY ***
Total pot 350 | Rake 0 | Jackpot 0 | Bingo 0 | Fortune 0 | Tax 0
Seat 1: 66f5e6b folded before Flop
Seat 2: 3c8c3186 (button) folded before Flop
Seat 3: Hero (small blind) folded before Flop
Seat 4: 45ae868b (big blind) collected (350)
Seat 5: d73e806f folded before Flop
Seat 6: cc84b75a folded before Flop


Poker Hand #TM5625249532: Tournament #266374836, APL Series: ¥55 Zodiac Deep Bounty Turbo 6-Max + Goat Hold'em No Limit - Level5(100/200(25)) - 2026/02/23 23:02:59
Table '28' 6-max Seat #1 is the button
Seat 1: 66f5e6b (13,778 in chips)
Seat 2: 3c8c3186 (17,863 in chips)
Seat 3: Hero (13,009 in chips)
Seat 4: 45ae868b (10,495 in chips)
Seat 5: d73e806f (22,604 in chips)
Seat 6: cc84b75a (12,251 in chips)
3c8c3186: posts the ante 25
45ae868b: posts the ante 25
Hero: posts the ante 25
d73e806f: posts the ante 25
cc84b75a: posts the ante 25
66f5e6b: posts the ante 25
3c8c3186: posts small blind 100
Hero: posts big blind 200
*** HOLE CARDS ***
Dealt to 66f5e6b 
Dealt to 3c8c3186 
Dealt to Hero [7h Ts]
Dealt to 45ae868b 
Dealt to d73e806f 
Dealt to cc84b75a 
45ae868b: folds
d73e806f: raises 200 to 400
cc84b75a: folds
66f5e6b: folds
3c8c3186: calls 300
Hero: calls 200
*** FLOP *** [Qh 4h 8c]
3c8c3186: checks
Hero: checks
d73e806f: checks
*** TURN *** [Qh 4h 8c] [6d]
3c8c3186: checks
Hero: checks
d73e806f: checks
*** RIVER *** [Qh 4h 8c 6d] [3s]
3c8c3186: checks
Hero: checks
d73e806f: checks
3c8c3186: shows [Kd Jd] (King high)
Hero: shows [7h Ts] (Queen high)
d73e806f: shows [9d As] (Ace high)
*** SHOWDOWN ***
d73e806f collected 1,350 from pot
*** SUMMARY ***
Total pot 1,350 | Rake 0 | Jackpot 0 | Bingo 0 | Fortune 0 | Tax 0
Board [Qh 4h 8c 6d 3s]
Seat 1: 66f5e6b (button) folded before Flop
Seat 2: 3c8c3186 (small blind) showed [Kd Jd] and lost with King high
Seat 3: Hero (big blind) showed [7h Ts] and lost with Queen high
Seat 4: 45ae868b folded before Flop
Seat 5: d73e806f showed [9d As] and won (1,350) with Ace high
Seat 6: cc84b75a folded before Flop


Poker Hand #TM5625249490: Tournament #266374836, APL Series: ¥55 Zodiac Deep Bounty Turbo 6-Max + Goat Hold'em No Limit - Level5(100/200(25)) - 2026/02/23 23:02:02
Table '28' 6-max Seat #6 is the button
Seat 1: 66f5e6b (14,203 in chips)
Seat 2: 3c8c3186 (18,088 in chips)
Seat 3: Hero (13,434 in chips)
Seat 4: 45ae868b (10,920 in chips)
Seat 5: d73e806f (21,079 in chips)
Seat 6: cc84b75a (12,276 in chips)
3c8c3186: posts the ante 25
45ae868b: posts the ante 25
Hero: posts the ante 25
d73e806f: posts the ante 25
cc84b75a: posts the ante 25
66f5e6b: posts the ante 25
66f5e6b: posts small blind 100
3c8c3186: posts big blind 200
*** HOLE CARDS ***
Dealt to 66f5e6b 
Dealt to 3c8c3186 
Dealt to Hero [Ah 6h]
Dealt to 45ae868b 
Dealt to d73e806f 
Dealt to cc84b75a 
Hero: raises 200 to 400
45ae868b: calls 400
d73e806f: calls 400
cc84b75a: folds
66f5e6b: calls 300
3c8c3186: folds
*** FLOP *** [Jc 4h Js]
66f5e6b: checks
Hero: checks
45ae868b: checks
d73e806f: bets 844
66f5e6b: folds
Hero: folds
45ae868b: folds
Uncalled bet (844) returned to d73e806f
*** SHOWDOWN ***
d73e806f collected 1,950 from pot
*** SUMMARY ***
Total pot 1,950 | Rake 0 | Jackpot 0 | Bingo 0 | Fortune 0 | Tax 0
Board [Jc 4h Js]
Seat 1: 66f5e6b (small blind) folded on the Flop
Seat 2: 3c8c3186 (big blind) folded before Flop
Seat 3: Hero folded on the Flop
Seat 4: 45ae868b folded on the Flop
Seat 5: d73e806f won (1,950)
Seat 6: cc84b75a (button) folded before Flop


Poker Hand #TM5625249438: Tournament #266374836, APL Series: ¥55 Zodiac Deep Bounty Turbo 6-Max + Goat Hold'em No Limit - Level5(100/200(25)) - 2026/02/23 22:54:29
Table '28' 6-max Seat #5 is the button
Seat 1: 66f5e6b (11,786 in chips)
Seat 2: 3c8c3186 (18,113 in chips)
Seat 3: Hero (13,459 in chips)
Seat 4: 45ae868b (13,137 in chips)
Seat 5: d73e806f (21,104 in chips)
Seat 6: cc84b75a (12,401 in chips)
3c8c3186: posts the ante 25
45ae868b: posts the ante 25
Hero: posts the ante 25
d73e806f: posts the ante 25
cc84b75a: posts the ante 25
66f5e6b: posts the ante 25
cc84b75a: posts small blind 100
66f5e6b: posts big blind 200
*** HOLE CARDS ***
Dealt to 66f5e6b 
Dealt to 3c8c3186 
Dealt to Hero [3s 7h]
Dealt to 45ae868b 
Dealt to d73e806f 
Dealt to cc84b75a 
3c8c3186: folds
Hero: folds
45ae868b: raises 200 to 400
d73e806f: folds
cc84b75a: folds
66f5e6b: calls 200
*** FLOP *** [5c 7c Ks]
66f5e6b: checks
45ae868b: bets 578
66f5e6b: calls 578
*** TURN *** [5c 7c Ks] [8h]
66f5e6b: checks
45ae868b: bets 1,214
66f5e6b: raises 2,086 to 3,300
45ae868b: folds
Uncalled bet (2,086) returned to 66f5e6b
*** SHOWDOWN ***
66f5e6b collected 4,634 from pot
*** SUMMARY ***
Total pot 4,634 | Rake 0 | Jackpot 0 | Bingo 0 | Fortune 0 | Tax 0
Board [5c 7c Ks 8h]
Seat 1: 66f5e6b (big blind) won (4,634)
Seat 2: 3c8c3186 folded before Flop
Seat 3: Hero folded before Flop
Seat 4: 45ae868b folded on the Turn
Seat 5: d73e806f (button) folded before Flop
Seat 6: cc84b75a (small blind) folded before Flop


Poker Hand #TM5625249394: Tournament #266374836, APL Series: ¥55 Zodiac Deep Bounty Turbo 6-Max + Goat Hold'em No Limit - Level4(75/150(18)) - 2026/02/23 22:53:37
Table '28' 6-max Seat #4 is the button
Seat 1: 66f5e6b (11,804 in chips)
Seat 2: 3c8c3186 (18,131 in chips)
Seat 3: Hero (13,477 in chips)
Seat 4: 45ae868b (12,672 in chips)
Seat 5: d73e806f (21,197 in chips)
Seat 6: cc84b75a (12,719 in chips)
3c8c3186: posts the ante 18
45ae868b: posts the ante 18
Hero: posts the ante 18
d73e806f: posts the ante 18
cc84b75a: posts the ante 18
66f5e6b: posts the ante 18
d73e806f: posts small blind 75
cc84b75a: posts big blind 150
*** HOLE CARDS ***
Dealt to 66f5e6b 
Dealt to 3c8c3186 
Dealt to Hero [6h Kd]
Dealt to 45ae868b 
Dealt to d73e806f 
Dealt to cc84b75a 
66f5e6b: folds
3c8c3186: folds
Hero: folds
45ae868b: raises 150 to 300
d73e806f: folds
cc84b75a: calls 150
*** FLOP *** [3h As 3d]
cc84b75a: checks
45ae868b: bets 431
cc84b75a: folds
Uncalled bet (431) returned to 45ae868b
*** SHOWDOWN ***
45ae868b collected 783 from pot
*** SUMMARY ***
Total pot 783 | Rake 0 | Jackpot 0 | Bingo 0 | Fortune 0 | Tax 0
Board [3h As 3d]
Seat 1: 66f5e6b folded before Flop
Seat 2: 3c8c3186 folded before Flop
Seat 3: Hero folded before Flop
Seat 4: 45ae868b (button) won (783)
Seat 5: d73e806f (small blind) folded before Flop
Seat 6: cc84b75a (big blind) folded on the Flop


Poker Hand #TM5625249372: Tournament #266374836, APL Series: ¥55 Zodiac Deep Bounty Turbo 6-Max + Goat Hold'em No Limit - Level4(75/150(18)) - 2026/02/23 22:53:01
Table '28' 6-max Seat #3 is the button
Seat 1: 66f5e6b (11,822 in chips)
Seat 2: 3c8c3186 (18,149 in chips)
Seat 3: Hero (13,795 in chips)
Seat 4: 45ae868b (12,765 in chips)
Seat 5: d73e806f (20,732 in chips)
Seat 6: cc84b75a (12,737 in chips)
3c8c3186: posts the ante 18
45ae868b: posts the ante 18
Hero: posts the ante 18
d73e806f: posts the ante 18
cc84b75a: posts the ante 18
66f5e6b: posts the ante 18
45ae868b: posts small blind 75
d73e806f: posts big blind 150
*** HOLE CARDS ***
Dealt to 66f5e6b 
Dealt to 3c8c3186 
Dealt to Hero [3s Ah]
Dealt to 45ae868b 
Dealt to d73e806f 
Dealt to cc84b75a 
cc84b75a: folds
66f5e6b: folds
3c8c3186: folds
Hero: raises 150 to 300
45ae868b: folds
d73e806f: calls 150
*** FLOP *** [8h 7h 9d]
d73e806f: checks
Hero: checks
*** TURN *** [8h 7h 9d] [7c]
d73e806f: bets 517
Hero: folds
Uncalled bet (517) returned to d73e806f
*** SHOWDOWN ***
d73e806f collected 783 from pot
*** SUMMARY ***
Total pot 783 | Rake 0 | Jackpot 0 | Bingo 0 | Fortune 0 | Tax 0
Board [8h 7h 9d 7c]
Seat 1: 66f5e6b folded before Flop
Seat 2: 3c8c3186 folded before Flop
Seat 3: Hero (button) folded on the Turn
Seat 4: 45ae868b (small blind) folded before Flop
Seat 5: d73e806f (big blind) won (783)
Seat 6: cc84b75a folded before Flop


Poker Hand #TM5625249347: Tournament #266374836, APL Series: ¥55 Zodiac Deep Bounty Turbo 6-Max + Goat Hold'em No Limit - Level4(75/150(18)) - 2026/02/23 22:52:27
Table '28' 6-max Seat #2 is the button
Seat 1: 66f5e6b (11,840 in chips)
Seat 2: 3c8c3186 (18,467 in chips)
Seat 3: Hero (14,113 in chips)
Seat 4: 45ae868b (12,075 in chips)
Seat 5: d73e806f (20,750 in chips)
Seat 6: cc84b75a (12,755 in chips)
3c8c3186: posts the ante 18
45ae868b: posts the ante 18
Hero: posts the ante 18
d73e806f: posts the ante 18
cc84b75a: posts the ante 18
66f5e6b: posts the ante 18
Hero: posts small blind 75
45ae868b: posts big blind 150
*** HOLE CARDS ***
Dealt to 66f5e6b 
Dealt to 3c8c3186 
Dealt to Hero [8h 7s]
Dealt to 45ae868b 
Dealt to d73e806f 
Dealt to cc84b75a 
d73e806f: folds
cc84b75a: folds
66f5e6b: folds
3c8c3186: raises 150 to 300
Hero: calls 225
45ae868b: raises 1,200 to 1,500
3c8c3186: folds
Hero: folds
Uncalled bet (1,200) returned to 45ae868b
*** SHOWDOWN ***
45ae868b collected 1,008 from pot
*** SUMMARY ***
Total pot 1,008 | Rake 0 | Jackpot 0 | Bingo 0 | Fortune 0 | Tax 0
Seat 1: 66f5e6b folded before Flop
Seat 2: 3c8c3186 (button) folded before Flop
Seat 3: Hero (small blind) folded before Flop
Seat 4: 45ae868b (big blind) collected (1,008)
Seat 5: d73e806f folded before Flop
Seat 6: cc84b75a folded before Flop


Poker Hand #TM5625249291: Tournament #266374836, APL Series: ¥55 Zodiac Deep Bounty Turbo 6-Max + Goat Hold'em No Limit - Level4(75/150(18)) - 2026/02/23 22:51:23
Table '28' 6-max Seat #1 is the button
Seat 1: 66f5e6b (12,158 in chips)
Seat 2: 3c8c3186 (18,560 in chips)
Seat 3: Hero (13,648 in chips)
Seat 4: 45ae868b (12,093 in chips)
Seat 5: d73e806f (20,768 in chips)
Seat 6: cc84b75a (12,773 in chips)
3c8c3186: posts the ante 18
45ae868b: posts the ante 18
Hero: posts the ante 18
d73e806f: posts the ante 18
cc84b75a: posts the ante 18
66f5e6b: posts the ante 18
3c8c3186: posts small blind 75
Hero: posts big blind 150
*** HOLE CARDS ***
Dealt to 66f5e6b 
Dealt to 3c8c3186 
Dealt to Hero [Kc Ks]
Dealt to 45ae868b 
Dealt to d73e806f 
Dealt to cc84b75a 
45ae868b: folds
d73e806f: folds
cc84b75a: folds
66f5e6b: raises 150 to 300
3c8c3186: folds
Hero: raises 1,233 to 1,533
66f5e6b: folds
Uncalled bet (1,233) returned to Hero
*** SHOWDOWN ***
Hero collected 783 from pot
*** SUMMARY ***
Total pot 783 | Rake 0 | Jackpot 0 | Bingo 0 | Fortune 0 | Tax 0
Seat 1: 66f5e6b (button) folded before Flop
Seat 2: 3c8c3186 (small blind) folded before Flop
Seat 3: Hero (big blind) collected (783)
Seat 4: 45ae868b folded before Flop
Seat 5: d73e806f folded before Flop
Seat 6: cc84b75a folded before Flop


Poker Hand #TM5625249258: Tournament #266374836, APL Series: ¥55 Zodiac Deep Bounty Turbo 6-Max + Goat Hold'em No Limit - Level4(75/150(18)) - 2026/02/23 22:50:42
Table '28' 6-max Seat #6 is the button
Seat 1: 66f5e6b (12,476 in chips)
Seat 2: 3c8c3186 (18,728 in chips)
Seat 3: Hero (13,666 in chips)
Seat 4: 45ae868b (12,111 in chips)
Seat 5: d73e806f (20,786 in chips)
Seat 6: cc84b75a (12,233 in chips)
3c8c3186: posts the ante 18
45ae868b: posts the ante 18
Hero: posts the ante 18
d73e806f: posts the ante 18
cc84b75a: posts the ante 18
66f5e6b: posts the ante 18
66f5e6b: posts small blind 75
3c8c3186: posts big blind 150
*** HOLE CARDS ***
Dealt to 66f5e6b 
Dealt to 3c8c3186 
Dealt to Hero [8c 4c]
Dealt to 45ae868b 
Dealt to d73e806f 
Dealt to cc84b75a 
Hero: folds
45ae868b: folds
d73e806f: folds
cc84b75a: raises 150 to 300
66f5e6b: calls 225
3c8c3186: folds
*** FLOP *** [8d 4d Jc]
66f5e6b: checks
cc84b75a: bets 525
66f5e6b: folds
Uncalled bet (525) returned to cc84b75a
*** SHOWDOWN ***
cc84b75a collected 858 from pot
*** SUMMARY ***
Total pot 858 | Rake 0 | Jackpot 0 | Bingo 0 | Fortune 0 | Tax 0
Board [8d 4d Jc]
Seat 1: 66f5e6b (small blind) folded on the Flop
Seat 2: 3c8c3186 (big blind) folded before Flop
Seat 3: Hero folded before Flop
Seat 4: 45ae868b folded before Flop
Seat 5: d73e806f folded before Flop
Seat 6: cc84b75a (button) won (858)


Poker Hand #TM5625249152: Tournament #266374836, APL Series: ¥55 Zodiac Deep Bounty Turbo 6-Max + Goat Hold'em No Limit - Level4(75/150(18)) - 2026/02/23 22:48:18
Table '28' 6-max Seat #5 is the button
Seat 1: 66f5e6b (12,644 in chips)
Seat 2: 3c8c3186 (14,234 in chips)
Seat 3: Hero (13,684 in chips)
Seat 4: 45ae868b (13,523 in chips)
Seat 5: d73e806f (20,804 in chips)
Seat 6: cc84b75a (15,111 in chips)
3c8c3186: posts the ante 18
45ae868b: posts the ante 18
Hero: posts the ante 18
d73e806f: posts the ante 18
cc84b75a: posts the ante 18
66f5e6b: posts the ante 18
cc84b75a: posts small blind 75
66f5e6b: posts big blind 150
*** HOLE CARDS ***
Dealt to 66f5e6b 
Dealt to 3c8c3186 
Dealt to Hero [Ah 8c]
Dealt to 45ae868b 
Dealt to d73e806f 
Dealt to cc84b75a 
3c8c3186: raises 150 to 300
Hero: folds
45ae868b: calls 300
d73e806f: folds
cc84b75a: raises 1,094 to 1,394
66f5e6b: folds
3c8c3186: calls 1,094
45ae868b: calls 1,094
*** FLOP *** [2d As 7d]
cc84b75a: checks
3c8c3186: checks
45ae868b: checks
*** TURN *** [2d As 7d] [Kd]
cc84b75a: checks
3c8c3186: bets 1,466
45ae868b: folds
cc84b75a: calls 1,466
*** RIVER *** [2d As 7d Kd] [3h]
cc84b75a: checks
3c8c3186: bets 11,356 and is all-in
cc84b75a: folds
Uncalled bet (11,356) returned to 3c8c3186
*** SHOWDOWN ***
3c8c3186 collected 7,372 from pot
*** SUMMARY ***
Total pot 7,372 | Rake 0 | Jackpot 0 | Bingo 0 | Fortune 0 | Tax 0
Board [2d As 7d Kd 3h]
Seat 1: 66f5e6b (big blind) folded before Flop
Seat 2: 3c8c3186 won (7,372)
Seat 3: Hero folded before Flop
Seat 4: 45ae868b folded on the Turn
Seat 5: d73e806f (button) folded before Flop
Seat 6: cc84b75a (small blind) folded on the River


Poker Hand #TM5625249117: Tournament #266374836, APL Series: ¥55 Zodiac Deep Bounty Turbo 6-Max + Goat Hold'em No Limit - Level3(50/100(12)) - 2026/02/23 22:47:26
Table '28' 6-max Seat #4 is the button
Seat 1: 66f5e6b (12,656 in chips)
Seat 2: 3c8c3186 (14,246 in chips)
Seat 3: Hero (13,696 in chips)
Seat 4: 45ae868b (13,213 in chips)
Seat 5: d73e806f (20,866 in chips)
Seat 6: cc84b75a (15,323 in chips)
3c8c3186: posts the ante 12
45ae868b: posts the ante 12
Hero: posts the ante 12
d73e806f: posts the ante 12
cc84b75a: posts the ante 12
66f5e6b: posts the ante 12
d73e806f: posts small blind 50
cc84b75a: posts big blind 100
*** HOLE CARDS ***
Dealt to 66f5e6b 
Dealt to 3c8c3186 
Dealt to Hero [4h 5c]
Dealt to 45ae868b 
Dealt to d73e806f 
Dealt to cc84b75a 
66f5e6b: folds
3c8c3186: folds
Hero: folds
45ae868b: raises 100 to 200
d73e806f: folds
cc84b75a: calls 100
*** FLOP *** [4d Tc Ks]
cc84b75a: checks
45ae868b: bets 288
cc84b75a: folds
Uncalled bet (288) returned to 45ae868b
*** SHOWDOWN ***
45ae868b collected 522 from pot
*** SUMMARY ***
Total pot 522 | Rake 0 | Jackpot 0 | Bingo 0 | Fortune 0 | Tax 0
Board [4d Tc Ks]
Seat 1: 66f5e6b folded before Flop
Seat 2: 3c8c3186 folded before Flop
Seat 3: Hero folded before Flop
Seat 4: 45ae868b (button) won (522)
Seat 5: d73e806f (small blind) folded before Flop
Seat 6: cc84b75a (big blind) folded on the Flop


Poker Hand #TM5623919066: Tournament #266374836, APL Series: ¥55 Zodiac Deep Bounty Turbo 6-Max + Goat Hold'em No Limit - Level3(50/100(12)) - 2026/02/23 22:46:10
Table '28' 6-max Seat #3 is the button
Seat 1: 66f5e6b (12,668 in chips)
Seat 2: 3c8c3186 (14,258 in chips)
Seat 3: Hero (13,286 in chips)
Seat 4: 45ae868b (13,275 in chips)
Seat 5: d73e806f (20,978 in chips)
Seat 6: cc84b75a (15,535 in chips)
3c8c3186: posts the ante 12
45ae868b: posts the ante 12
Hero: posts the ante 12
d73e806f: posts the ante 12
cc84b75a: posts the ante 12
66f5e6b: posts the ante 12
45ae868b: posts small blind 50
d73e806f: posts big blind 100
*** HOLE CARDS ***
Dealt to 66f5e6b 
Dealt to 3c8c3186 
Dealt to Hero [4d Kd]
Dealt to 45ae868b 
Dealt to d73e806f 
Dealt to cc84b75a 
cc84b75a: raises 100 to 200
66f5e6b: folds
3c8c3186: folds
Hero: calls 200
45ae868b: folds
d73e806f: folds
*** FLOP *** [Qs Qh 4s]
cc84b75a: checks
Hero: checks
*** TURN *** [Qs Qh 4s] [9s]
cc84b75a: checks
Hero: checks
*** RIVER *** [Qs Qh 4s 9s] [Kc]
cc84b75a: checks
Hero: bets 311
cc84b75a: folds
Uncalled bet (311) returned to Hero
*** SHOWDOWN ***
Hero collected 622 from pot
*** SUMMARY ***
Total pot 622 | Rake 0 | Jackpot 0 | Bingo 0 | Fortune 0 | Tax 0
Board [Qs Qh 4s 9s Kc]
Seat 1: 66f5e6b folded before Flop
Seat 2: 3c8c3186 folded before Flop
Seat 3: Hero (button) won (622)
Seat 4: 45ae868b (small blind) folded before Flop
Seat 5: d73e806f (big blind) folded before Flop
Seat 6: cc84b75a folded on the River


Poker Hand #TM5623918967: Tournament #266374836, APL Series: ¥55 Zodiac Deep Bounty Turbo 6-Max + Goat Hold'em No Limit - Level3(50/100(12)) - 2026/02/23 22:43:46
Table '28' 6-max Seat #2 is the button
Seat 1: 66f5e6b (12,680 in chips)
Seat 2: 3c8c3186 (14,270 in chips)
Seat 3: Hero (13,348 in chips)
Seat 4: 45ae868b (17,460 in chips)
Seat 5: d73e806f (16,695 in chips)
Seat 6: cc84b75a (15,547 in chips)
3c8c3186: posts the ante 12
45ae868b: posts the ante 12
Hero: posts the ante 12
d73e806f: posts the ante 12
cc84b75a: posts the ante 12
66f5e6b: posts the ante 12
Hero: posts small blind 50
45ae868b: posts big blind 100
*** HOLE CARDS ***
Dealt to 66f5e6b 
Dealt to 3c8c3186 
Dealt to Hero [4d Jd]
Dealt to 45ae868b 
Dealt to d73e806f 
Dealt to cc84b75a 
d73e806f: raises 100 to 200
cc84b75a: folds
66f5e6b: folds
3c8c3186: folds
Hero: folds
45ae868b: calls 100
*** FLOP *** [Qh 3h Qc]
45ae868b: checks
d73e806f: bets 173
45ae868b: raises 478 to 651
d73e806f: calls 478
*** TURN *** [Qh 3h Qc] [2s]
45ae868b: bets 1,104
d73e806f: calls 1,104
*** RIVER *** [Qh 3h Qc 2s] [Ks]
45ae868b: bets 2,218
d73e806f: raises 3,995 to 6,213
45ae868b: folds
Uncalled bet (3,995) returned to d73e806f
*** SHOWDOWN ***
d73e806f collected 8,468 from pot
*** SUMMARY ***
Total pot 8,468 | Rake 0 | Jackpot 0 | Bingo 0 | Fortune 0 | Tax 0
Board [Qh 3h Qc 2s Ks]
Seat 1: 66f5e6b folded before Flop
Seat 2: 3c8c3186 (button) folded before Flop
Seat 3: Hero (small blind) folded before Flop
Seat 4: 45ae868b (big blind) folded on the River
Seat 5: d73e806f won (8,468)
Seat 6: cc84b75a folded before Flop


Poker Hand #TM5623918955: Tournament #266374836, APL Series: ¥55 Zodiac Deep Bounty Turbo 6-Max + Goat Hold'em No Limit - Level3(50/100(12)) - 2026/02/23 22:43:25
Table '28' 6-max Seat #1 is the button
Seat 1: 66f5e6b (12,692 in chips)
Seat 2: 3c8c3186 (14,332 in chips)
Seat 3: Hero (13,238 in chips)
Seat 4: 45ae868b (17,472 in chips)
Seat 5: d73e806f (16,707 in chips)
Seat 6: cc84b75a (15,559 in chips)
3c8c3186: posts the ante 12
45ae868b: posts the ante 12
Hero: posts the ante 12
d73e806f: posts the ante 12
cc84b75a: posts the ante 12
66f5e6b: posts the ante 12
3c8c3186: posts small blind 50
Hero: posts big blind 100
*** HOLE CARDS ***
Dealt to 66f5e6b 
Dealt to 3c8c3186 
Dealt to Hero [7h 3c]
Dealt to 45ae868b 
Dealt to d73e806f 
Dealt to cc84b75a 
45ae868b: folds
d73e806f: folds
cc84b75a: folds
66f5e6b: folds
3c8c3186: folds
Uncalled bet (50) returned to Hero
*** SHOWDOWN ***
Hero collected 172 from pot
*** SUMMARY ***
Total pot 172 | Rake 0 | Jackpot 0 | Bingo 0 | Fortune 0 | Tax 0
Seat 1: 66f5e6b (button) folded before Flop
Seat 2: 3c8c3186 (small blind) folded before Flop
Seat 3: Hero (big blind) collected (172)
Seat 4: 45ae868b folded before Flop
Seat 5: d73e806f folded before Flop
Seat 6: cc84b75a folded before Flop


Poker Hand #TM5623918924: Tournament #266374836, APL Series: ¥55 Zodiac Deep Bounty Turbo 6-Max + Goat Hold'em No Limit - Level3(50/100(12)) - 2026/02/23 22:42:47
Table '28' 6-max Seat #6 is the button
Seat 1: 66f5e6b (12,754 in chips)
Seat 2: 3c8c3186 (14,444 in chips)
Seat 3: Hero (13,250 in chips)
Seat 4: 45ae868b (17,484 in chips)
Seat 5: d73e806f (16,497 in chips)
Seat 6: cc84b75a (15,571 in chips)
3c8c3186: posts the ante 12
45ae868b: posts the ante 12
Hero: posts the ante 12
d73e806f: posts the ante 12
cc84b75a: posts the ante 12
66f5e6b: posts the ante 12
66f5e6b: posts small blind 50
3c8c3186: posts big blind 100
*** HOLE CARDS ***
Dealt to 66f5e6b 
Dealt to 3c8c3186 
Dealt to Hero [7d Th]
Dealt to 45ae868b 
Dealt to d73e806f 
Dealt to cc84b75a 
Hero: folds
45ae868b: folds
d73e806f: raises 100 to 200
cc84b75a: folds
66f5e6b: folds
3c8c3186: folds
Uncalled bet (100) returned to d73e806f
*** SHOWDOWN ***
d73e806f collected 322 from pot
*** SUMMARY ***
Total pot 322 | Rake 0 | Jackpot 0 | Bingo 0 | Fortune 0 | Tax 0
Seat 1: 66f5e6b (small blind) folded before Flop
Seat 2: 3c8c3186 (big blind) folded before Flop
Seat 3: Hero folded before Flop
Seat 4: 45ae868b folded before Flop
Seat 5: d73e806f collected (322)
Seat 6: cc84b75a (button) folded before Flop


Poker Hand #TM5623918902: Tournament #266374836, APL Series: ¥55 Zodiac Deep Bounty Turbo 6-Max + Goat Hold'em No Limit - Level3(50/100(12)) - 2026/02/23 22:42:12
Table '28' 6-max Seat #5 is the button
Seat 1: 66f5e6b (12,594 in chips)
Seat 2: 3c8c3186 (14,456 in chips)
Seat 3: Hero (13,262 in chips)
Seat 4: 45ae868b (17,496 in chips)
Seat 5: d73e806f (16,509 in chips)
Seat 6: cc84b75a (15,683 in chips)
3c8c3186: posts the ante 12
45ae868b: posts the ante 12
Hero: posts the ante 12
d73e806f: posts the ante 12
cc84b75a: posts the ante 12
66f5e6b: posts the ante 12
cc84b75a: posts small blind 50
66f5e6b: posts big blind 100
*** HOLE CARDS ***
Dealt to 66f5e6b 
Dealt to 3c8c3186 
Dealt to Hero [Jh 4d]
Dealt to 45ae868b 
Dealt to d73e806f 
Dealt to cc84b75a 
3c8c3186: folds
Hero: folds
45ae868b: folds
d73e806f: folds
cc84b75a: calls 50
66f5e6b: checks
*** FLOP *** [9h 9s 5s]
cc84b75a: checks
66f5e6b: bets 100
cc84b75a: folds
Uncalled bet (100) returned to 66f5e6b
*** SHOWDOWN ***
66f5e6b collected 272 from pot
*** SUMMARY ***
Total pot 272 | Rake 0 | Jackpot 0 | Bingo 0 | Fortune 0 | Tax 0
Board [9h 9s 5s]
Seat 1: 66f5e6b (big blind) won (272)
Seat 2: 3c8c3186 folded before Flop
Seat 3: Hero folded before Flop
Seat 4: 45ae868b folded before Flop
Seat 5: d73e806f (button) folded before Flop
Seat 6: cc84b75a (small blind) folded on the Flop


Poker Hand #TM5623918880: Tournament #266374836, APL Series: ¥55 Zodiac Deep Bounty Turbo 6-Max + Goat Hold'em No Limit - Level2(35/70(8)) - 2026/02/23 22:41:34
Table '28' 6-max Seat #4 is the button
Seat 1: 66f5e6b (12,602 in chips)
Seat 2: 3c8c3186 (14,464 in chips)
Seat 3: Hero (13,690 in chips)
Seat 4: 45ae868b (16,931 in chips)
Seat 5: d73e806f (16,552 in chips)
Seat 6: cc84b75a (15,761 in chips)
3c8c3186: posts the ante 8
45ae868b: posts the ante 8
Hero: posts the ante 8
d73e806f: posts the ante 8
cc84b75a: posts the ante 8
66f5e6b: posts the ante 8
d73e806f: posts small blind 35
cc84b75a: posts big blind 70
*** HOLE CARDS ***
Dealt to 66f5e6b 
Dealt to 3c8c3186 
Dealt to Hero [7s Js]
Dealt to 45ae868b 
Dealt to d73e806f 
Dealt to cc84b75a 
66f5e6b: folds
3c8c3186: folds
Hero: raises 70 to 140
45ae868b: raises 280 to 420
d73e806f: folds
cc84b75a: folds
Hero: calls 280
*** FLOP *** [9h 5h 9c]
Hero: checks
45ae868b: bets 398
Hero: folds
Uncalled bet (398) returned to 45ae868b
*** SHOWDOWN ***
45ae868b collected 993 from pot
*** SUMMARY ***
Total pot 993 | Rake 0 | Jackpot 0 | Bingo 0 | Fortune 0 | Tax 0
Board [9h 5h 9c]
Seat 1: 66f5e6b folded before Flop
Seat 2: 3c8c3186 folded before Flop
Seat 3: Hero folded on the Flop
Seat 4: 45ae868b (button) won (993)
Seat 5: d73e806f (small blind) folded before Flop
Seat 6: cc84b75a (big blind) folded before Flop


Poker Hand #TM5623918855: Tournament #266374836, APL Series: ¥55 Zodiac Deep Bounty Turbo 6-Max + Goat Hold'em No Limit - Level2(35/70(8)) - 2026/02/23 22:40:59
Table '28' 6-max Seat #3 is the button
Seat 1: 66f5e6b (12,610 in chips)
Seat 2: 3c8c3186 (14,472 in chips)
Seat 3: Hero (13,698 in chips)
Seat 4: 45ae868b (16,646 in chips)
Seat 5: d73e806f (16,805 in chips)
Seat 6: cc84b75a (15,769 in chips)
3c8c3186: posts the ante 8
45ae868b: posts the ante 8
Hero: posts the ante 8
d73e806f: posts the ante 8
cc84b75a: posts the ante 8
66f5e6b: posts the ante 8
45ae868b: posts small blind 35
d73e806f: posts big blind 70
*** HOLE CARDS ***
Dealt to 66f5e6b 
Dealt to 3c8c3186 
Dealt to Hero [9c 4h]
Dealt to 45ae868b 
Dealt to d73e806f 
Dealt to cc84b75a 
cc84b75a: folds
66f5e6b: folds
3c8c3186: folds
Hero: folds
45ae868b: raises 175 to 245
d73e806f: calls 175
*** FLOP *** [3d 2d Tc]
45ae868b: bets 178
d73e806f: folds
Uncalled bet (178) returned to 45ae868b
*** SHOWDOWN ***
45ae868b collected 538 from pot
*** SUMMARY ***
Total pot 538 | Rake 0 | Jackpot 0 | Bingo 0 | Fortune 0 | Tax 0
Board [3d 2d Tc]
Seat 1: 66f5e6b folded before Flop
Seat 2: 3c8c3186 folded before Flop
Seat 3: Hero (button) folded before Flop
Seat 4: 45ae868b (small blind) won (538)
Seat 5: d73e806f (big blind) folded on the Flop
Seat 6: cc84b75a folded before Flop


Poker Hand #TM5623918834: Tournament #266374836, APL Series: ¥55 Zodiac Deep Bounty Turbo 6-Max + Goat Hold'em No Limit - Level2(35/70(8)) - 2026/02/23 22:40:23
Table '28' 6-max Seat #2 is the button
Seat 1: 66f5e6b (12,039 in chips)
Seat 2: 3c8c3186 (14,480 in chips)
Seat 3: Hero (13,741 in chips)
Seat 4: 45ae868b (16,724 in chips)
Seat 5: d73e806f (17,239 in chips)
Seat 6: cc84b75a (15,777 in chips)
3c8c3186: posts the ante 8
45ae868b: posts the ante 8
Hero: posts the ante 8
d73e806f: posts the ante 8
cc84b75a: posts the ante 8
66f5e6b: posts the ante 8
Hero: posts small blind 35
45ae868b: posts big blind 70
*** HOLE CARDS ***
Dealt to 66f5e6b 
Dealt to 3c8c3186 
Dealt to Hero [4s 5h]
Dealt to 45ae868b 
Dealt to d73e806f 
Dealt to cc84b75a 
d73e806f: raises 70 to 140
cc84b75a: folds
66f5e6b: raises 286 to 426
3c8c3186: folds
Hero: folds
45ae868b: folds
d73e806f: calls 286
*** FLOP *** [9h 9d 2d]
d73e806f: checks
66f5e6b: bets 252
d73e806f: folds
Uncalled bet (252) returned to 66f5e6b
*** SHOWDOWN ***
66f5e6b collected 1,005 from pot
*** SUMMARY ***
Total pot 1,005 | Rake 0 | Jackpot 0 | Bingo 0 | Fortune 0 | Tax 0
Board [9h 9d 2d]
Seat 1: 66f5e6b won (1,005)
Seat 2: 3c8c3186 (button) folded before Flop
Seat 3: Hero (small blind) folded before Flop
Seat 4: 45ae868b (big blind) folded before Flop
Seat 5: d73e806f folded on the Flop
Seat 6: cc84b75a folded before Flop


Poker Hand #TM5623918767: Tournament #266374836, APL Series: ¥55 Zodiac Deep Bounty Turbo 6-Max + Goat Hold'em No Limit - Level2(35/70(8)) - 2026/02/23 22:38:44
Table '28' 6-max Seat #1 is the button
Seat 1: 66f5e6b (12,047 in chips)
Seat 2: 3c8c3186 (14,523 in chips)
Seat 3: Hero (13,819 in chips)
Seat 4: 45ae868b (16,732 in chips)
Seat 5: d73e806f (16,183 in chips)
Seat 6: cc84b75a (16,696 in chips)
3c8c3186: posts the ante 8
45ae868b: posts the ante 8
Hero: posts the ante 8
d73e806f: posts the ante 8
cc84b75a: posts the ante 8
66f5e6b: posts the ante 8
3c8c3186: posts small blind 35
Hero: posts big blind 70
*** HOLE CARDS ***
Dealt to 66f5e6b 
Dealt to 3c8c3186 
Dealt to Hero [2s 7c]
Dealt to 45ae868b 
Dealt to d73e806f 
Dealt to cc84b75a 
45ae868b: folds
d73e806f: raises 91 to 161
cc84b75a: raises 357 to 518
66f5e6b: folds
3c8c3186: folds
Hero: folds
d73e806f: calls 357
*** FLOP *** [6h Js 2d]
d73e806f: checks
cc84b75a: bets 393
d73e806f: calls 393
*** TURN *** [6h Js 2d] [6d]
d73e806f: checks
cc84b75a: checks
*** RIVER *** [6h Js 2d 6d] [Qc]
d73e806f: checks
cc84b75a: checks
d73e806f: shows [4s 4d] (two pair, Sixes and Fours)
cc84b75a: shows [Ad Ks] (a pair of Sixes)
*** SHOWDOWN ***
d73e806f collected 1,975 from pot
*** SUMMARY ***
Total pot 1,975 | Rake 0 | Jackpot 0 | Bingo 0 | Fortune 0 | Tax 0
Board [6h Js 2d 6d Qc]
Seat 1: 66f5e6b (button) folded before Flop
Seat 2: 3c8c3186 (small blind) folded before Flop
Seat 3: Hero (big blind) folded before Flop
Seat 4: 45ae868b folded before Flop
Seat 5: d73e806f showed [4s 4d] and won (1,975) with two pair, Sixes and Fours
Seat 6: cc84b75a showed [Ad Ks] and lost with a pair of Sixes


Poker Hand #TM5623918740: Tournament #266374836, APL Series: ¥55 Zodiac Deep Bounty Turbo 6-Max + Goat Hold'em No Limit - Level2(35/70(8)) - 2026/02/23 22:38:11
Table '28' 6-max Seat #6 is the button
Seat 1: 66f5e6b (12,090 in chips)
Seat 2: 3c8c3186 (14,601 in chips)
Seat 3: Hero (13,827 in chips)
Seat 4: 45ae868b (16,880 in chips)
Seat 5: d73e806f (15,898 in chips)
Seat 6: cc84b75a (16,704 in chips)
3c8c3186: posts the ante 8
45ae868b: posts the ante 8
Hero: posts the ante 8
d73e806f: posts the ante 8
cc84b75a: posts the ante 8
66f5e6b: posts the ante 8
66f5e6b: posts small blind 35
3c8c3186: posts big blind 70
*** HOLE CARDS ***
Dealt to 66f5e6b 
Dealt to 3c8c3186 
Dealt to Hero [6h 7d]
Dealt to 45ae868b 
Dealt to d73e806f 
Dealt to cc84b75a 
Hero: folds
45ae868b: raises 70 to 140
d73e806f: raises 350 to 490
cc84b75a: folds
66f5e6b: folds
3c8c3186: folds
45ae868b: folds
Uncalled bet (350) returned to d73e806f
*** SHOWDOWN ***
d73e806f collected 433 from pot
*** SUMMARY ***
Total pot 433 | Rake 0 | Jackpot 0 | Bingo 0 | Fortune 0 | Tax 0
Seat 1: 66f5e6b (small blind) folded before Flop
Seat 2: 3c8c3186 (big blind) folded before Flop
Seat 3: Hero folded before Flop
Seat 4: 45ae868b folded before Flop
Seat 5: d73e806f collected (433)
Seat 6: cc84b75a (button) folded before Flop


Poker Hand #TM5623918696: Tournament #266374836, APL Series: ¥55 Zodiac Deep Bounty Turbo 6-Max + Goat Hold'em No Limit - Level2(35/70(8)) - 2026/02/23 22:37:02
Table '28' 6-max Seat #5 is the button
Seat 1: 66f5e6b (11,805 in chips)
Seat 2: 3c8c3186 (14,609 in chips)
Seat 3: Hero (13,835 in chips)
Seat 4: 45ae868b (16,888 in chips)
Seat 5: d73e806f (15,906 in chips)
Seat 6: cc84b75a (16,957 in chips)
3c8c3186: posts the ante 8
45ae868b: posts the ante 8
Hero: posts the ante 8
d73e806f: posts the ante 8
cc84b75a: posts the ante 8
66f5e6b: posts the ante 8
cc84b75a: posts small blind 35
66f5e6b: posts big blind 70
*** HOLE CARDS ***
Dealt to 66f5e6b 
Dealt to 3c8c3186 
Dealt to Hero [5c 6d]
Dealt to 45ae868b 
Dealt to d73e806f 
Dealt to cc84b75a 
3c8c3186: folds
Hero: folds
45ae868b: folds
d73e806f: folds
cc84b75a: raises 175 to 245
66f5e6b: calls 175
*** FLOP *** [5d 4d Qs]
cc84b75a: checks
66f5e6b: checks
*** TURN *** [5d 4d Qs] [8h]
cc84b75a: checks
66f5e6b: checks
*** RIVER *** [5d 4d Qs 8h] [7h]
cc84b75a: checks
66f5e6b: checks
cc84b75a: shows [As Kd] (Ace high)
66f5e6b: shows [3c 4c] (a pair of Fours)
*** SHOWDOWN ***
66f5e6b collected 538 from pot
*** SUMMARY ***
Total pot 538 | Rake 0 | Jackpot 0 | Bingo 0 | Fortune 0 | Tax 0
Board [5d 4d Qs 8h 7h]
Seat 1: 66f5e6b (big blind) showed [3c 4c] and won (538) with a pair of Fours
Seat 2: 3c8c3186 folded before Flop
Seat 3: Hero folded before Flop
Seat 4: 45ae868b folded before Flop
Seat 5: d73e806f (button) folded before Flop
Seat 6: cc84b75a (small blind) showed [As Kd] and lost with Ace high


Poker Hand #TM5623918663: Tournament #266374836, APL Series: ¥55 Zodiac Deep Bounty Turbo 6-Max + Goat Hold'em No Limit - Level2(35/70(8)) - 2026/02/23 22:36:12
Table '28' 6-max Seat #4 is the button
Seat 1: 66f5e6b (13,480 in chips)
Seat 2: 3c8c3186 (14,617 in chips)
Seat 3: Hero (12,023 in chips)
Seat 4: 45ae868b (16,896 in chips)
Seat 5: d73e806f (15,949 in chips)
Seat 6: cc84b75a (17,035 in chips)
3c8c3186: posts the ante 8
45ae868b: posts the ante 8
Hero: posts the ante 8
d73e806f: posts the ante 8
cc84b75a: posts the ante 8
66f5e6b: posts the ante 8
d73e806f: posts small blind 35
cc84b75a: posts big blind 70
*** HOLE CARDS ***
Dealt to 66f5e6b 
Dealt to 3c8c3186 
Dealt to Hero [Ah 7c]
Dealt to 45ae868b 
Dealt to d73e806f 
Dealt to cc84b75a 
66f5e6b: raises 70 to 140
3c8c3186: folds
Hero: raises 287 to 427
45ae868b: folds
d73e806f: folds
cc84b75a: folds
66f5e6b: calls 287
*** FLOP *** [5d 9c 4d]
66f5e6b: checks
Hero: bets 333
66f5e6b: calls 333
*** TURN *** [5d 9c 4d] [Jh]
66f5e6b: checks
Hero: bets 907
66f5e6b: calls 907
*** RIVER *** [5d 9c 4d Jh] [Jc]
66f5e6b: checks
Hero: checks
66f5e6b: shows [Ad 6d] (a pair of Jacks)
Hero: shows [Ah 7c] (a pair of Jacks)
*** SHOWDOWN ***
Hero collected 3,487 from pot
*** SUMMARY ***
Total pot 3,487 | Rake 0 | Jackpot 0 | Bingo 0 | Fortune 0 | Tax 0
Board [5d 9c 4d Jh Jc]
Seat 1: 66f5e6b showed [Ad 6d] and lost with a pair of Jacks
Seat 2: 3c8c3186 folded before Flop
Seat 3: Hero showed [Ah 7c] and won (3,487) with a pair of Jacks
Seat 4: 45ae868b (button) folded before Flop
Seat 5: d73e806f (small blind) folded before Flop
Seat 6: cc84b75a (big blind) folded before Flop


Poker Hand #TM5623918577: Tournament #266374836, APL Series: ¥55 Zodiac Deep Bounty Turbo 6-Max + Goat Hold'em No Limit - Level1(25/50(6)) - 2026/02/23 22:34:00
Table '28' 6-max Seat #3 is the button
Seat 1: 66f5e6b (14,801 in chips)
Seat 2: 3c8c3186 (14,623 in chips)
Seat 3: Hero (12,029 in chips)
Seat 4: 45ae868b (15,501 in chips)
Seat 5: d73e806f (16,005 in chips)
Seat 6: cc84b75a (17,041 in chips)
3c8c3186: posts the ante 6
45ae868b: posts the ante 6
Hero: posts the ante 6
d73e806f: posts the ante 6
cc84b75a: posts the ante 6
66f5e6b: posts the ante 6
45ae868b: posts small blind 25
d73e806f: posts big blind 50
*** HOLE CARDS ***
Dealt to 66f5e6b 
Dealt to 3c8c3186 
Dealt to Hero [7h 3c]
Dealt to 45ae868b 
Dealt to d73e806f 
Dealt to cc84b75a 
cc84b75a: folds
66f5e6b: raises 50 to 100
3c8c3186: folds
Hero: folds
45ae868b: calls 75
d73e806f: folds
*** FLOP *** [2d 5d Js]
45ae868b: checks
66f5e6b: bets 109
45ae868b: calls 109
*** TURN *** [2d 5d Js] [2h]
45ae868b: checks
66f5e6b: bets 333
45ae868b: calls 333
*** RIVER *** [2d 5d Js 2h] [Qh]
45ae868b: checks
66f5e6b: bets 773
45ae868b: raises 1,494 to 2,267
66f5e6b: folds
Uncalled bet (1,494) returned to 45ae868b
*** SHOWDOWN ***
45ae868b collected 2,716 from pot
*** SUMMARY ***
Total pot 2,716 | Rake 0 | Jackpot 0 | Bingo 0 | Fortune 0 | Tax 0
Board [2d 5d Js 2h Qh]
Seat 1: 66f5e6b folded on the River
Seat 2: 3c8c3186 folded before Flop
Seat 3: Hero (button) folded before Flop
Seat 4: 45ae868b (small blind) won (2,716)
Seat 5: d73e806f (big blind) folded before Flop
Seat 6: cc84b75a folded before Flop


Poker Hand #TM5623918539: Tournament #266374836, APL Series: ¥55 Zodiac Deep Bounty Turbo 6-Max + Goat Hold'em No Limit - Level1(25/50(6)) - 2026/02/23 22:33:04
Table '28' 6-max Seat #2 is the button
Seat 1: 66f5e6b (14,907 in chips)
Seat 2: 3c8c3186 (14,629 in chips)
Seat 3: Hero (12,135 in chips)
Seat 4: 45ae868b (15,271 in chips)
Seat 5: d73e806f (16,011 in chips)
Seat 6: cc84b75a (17,047 in chips)
3c8c3186: posts the ante 6
45ae868b: posts the ante 6
Hero: posts the ante 6
d73e806f: posts the ante 6
cc84b75a: posts the ante 6
66f5e6b: posts the ante 6
Hero: posts small blind 25
45ae868b: posts big blind 50
*** HOLE CARDS ***
Dealt to 66f5e6b 
Dealt to 3c8c3186 
Dealt to Hero [Kd 7c]
Dealt to 45ae868b 
Dealt to d73e806f 
Dealt to cc84b75a 
d73e806f: folds
cc84b75a: folds
66f5e6b: raises 50 to 100
3c8c3186: folds
Hero: calls 75
45ae868b: raises 500 to 600
66f5e6b: folds
Hero: folds
Uncalled bet (500) returned to 45ae868b
*** SHOWDOWN ***
45ae868b collected 336 from pot
*** SUMMARY ***
Total pot 336 | Rake 0 | Jackpot 0 | Bingo 0 | Fortune 0 | Tax 0
Seat 1: 66f5e6b folded before Flop
Seat 2: 3c8c3186 (button) folded before Flop
Seat 3: Hero (small blind) folded before Flop
Seat 4: 45ae868b (big blind) collected (336)
Seat 5: d73e806f folded before Flop
Seat 6: cc84b75a folded before Flop


Poker Hand #TM5623918501: Tournament #266374836, APL Series: ¥55 Zodiac Deep Bounty Turbo 6-Max + Goat Hold'em No Limit - Level1(25/50(6)) - 2026/02/23 22:32:04
Table '28' 6-max Seat #1 is the button
Seat 1: 66f5e6b (14,913 in chips)
Seat 2: 3c8c3186 (14,660 in chips)
Seat 3: Hero (12,191 in chips)
Seat 4: 45ae868b (15,377 in chips)
Seat 5: d73e806f (14,988 in chips)
Seat 6: cc84b75a (17,871 in chips)
3c8c3186: posts the ante 6
45ae868b: posts the ante 6
Hero: posts the ante 6
d73e806f: posts the ante 6
cc84b75a: posts the ante 6
66f5e6b: posts the ante 6
3c8c3186: posts small blind 25
Hero: posts big blind 50
*** HOLE CARDS ***
Dealt to 66f5e6b 
Dealt to 3c8c3186 
Dealt to Hero [Qd 2h]
Dealt to 45ae868b 
Dealt to d73e806f 
Dealt to cc84b75a 
45ae868b: raises 50 to 100
d73e806f: raises 234 to 334
cc84b75a: raises 484 to 818
66f5e6b: folds
3c8c3186: folds
Hero: folds
45ae868b: folds
d73e806f: raises 1,436 to 2,254
cc84b75a: folds
Uncalled bet (1,436) returned to d73e806f
*** SHOWDOWN ***
d73e806f collected 1,847 from pot
*** SUMMARY ***
Total pot 1,847 | Rake 0 | Jackpot 0 | Bingo 0 | Fortune 0 | Tax 0
Seat 1: 66f5e6b (button) folded before Flop
Seat 2: 3c8c3186 (small blind) folded before Flop
Seat 3: Hero (big blind) folded before Flop
Seat 4: 45ae868b folded before Flop
Seat 5: d73e806f collected (1,847)
Seat 6: cc84b75a folded before Flop


Poker Hand #TM5623918466: Tournament #266374836, APL Series: ¥55 Zodiac Deep Bounty Turbo 6-Max + Goat Hold'em No Limit - Level1(25/50(6)) - 2026/02/23 22:31:10
Table '28' 6-max Seat #6 is the button
Seat 1: 66f5e6b (14,944 in chips)
Seat 2: 3c8c3186 (14,994 in chips)
Seat 3: Hero (12,197 in chips)
Seat 4: 45ae868b (14,994 in chips)
Seat 5: d73e806f (14,994 in chips)
Seat 6: cc84b75a (17,877 in chips)
3c8c3186: posts the ante 6
45ae868b: posts the ante 6
Hero: posts the ante 6
d73e806f: posts the ante 6
cc84b75a: posts the ante 6
66f5e6b: posts the ante 6
66f5e6b: posts small blind 25
3c8c3186: posts big blind 50
*** HOLE CARDS ***
Dealt to 66f5e6b 
Dealt to 3c8c3186 
Dealt to Hero [Qc 5h]
Dealt to 45ae868b 
Dealt to d73e806f 
Dealt to cc84b75a 
Hero: folds
45ae868b: raises 75 to 125
d73e806f: folds
cc84b75a: folds
66f5e6b: folds
3c8c3186: calls 75
*** FLOP *** [7d 8h Qs]
3c8c3186: checks
45ae868b: bets 203
3c8c3186: calls 203
*** TURN *** [7d 8h Qs] [Js]
3c8c3186: checks
45ae868b: bets 467
3c8c3186: folds
Uncalled bet (467) returned to 45ae868b
*** SHOWDOWN ***
45ae868b collected 717 from pot
*** SUMMARY ***
Total pot 717 | Rake 0 | Jackpot 0 | Bingo 0 | Fortune 0 | Tax 0
Board [7d 8h Qs Js]
Seat 1: 66f5e6b (small blind) folded before Flop
Seat 2: 3c8c3186 (big blind) folded on the Turn
Seat 3: Hero folded before Flop
Seat 4: 45ae868b won (717)
Seat 5: d73e806f folded before Flop
Seat 6: cc84b75a (button) folded before Flop


Poker Hand #TM5623918427: Tournament #266374836, APL Series: ¥55 Zodiac Deep Bounty Turbo 6-Max + Goat Hold'em No Limit - Level1(25/50(6)) - 2026/02/23 22:30:02
Table '28' 6-max Seat #5 is the button
Seat 1: 66f5e6b (15,000 in chips)
Seat 2: 3c8c3186 (15,000 in chips)
Seat 3: Hero (15,000 in chips)
Seat 4: 45ae868b (15,000 in chips)
Seat 5: d73e806f (15,000 in chips)
Seat 6: cc84b75a (15,000 in chips)
3c8c3186: posts the ante 6
45ae868b: posts the ante 6
Hero: posts the ante 6
d73e806f: posts the ante 6
cc84b75a: posts the ante 6
66f5e6b: posts the ante 6
cc84b75a: posts small blind 25
66f5e6b: posts big blind 50
*** HOLE CARDS ***
Dealt to 66f5e6b 
Dealt to 3c8c3186 
Dealt to Hero [3d 3h]
Dealt to 45ae868b 
Dealt to d73e806f 
Dealt to cc84b75a 
3c8c3186: folds
Hero: raises 50 to 100
45ae868b: folds
d73e806f: folds
cc84b75a: raises 425 to 525
66f5e6b: folds
Hero: calls 425
*** FLOP *** [5s 8c 5c]
cc84b75a: checks
Hero: bets 568
cc84b75a: calls 568
*** TURN *** [5s 8c 5c] [Ks]
cc84b75a: checks
Hero: checks
*** RIVER *** [5s 8c 5c Ks] [4d]
cc84b75a: bets 1,704
Hero: calls 1,704
cc84b75a: shows [Ad Kc] (two pair, Kings and Fives)
Hero: shows [3d 3h] (two pair, Fives and Threes)
*** SHOWDOWN ***
cc84b75a collected 5,680 from pot
*** SUMMARY ***
Total pot 5,680 | Rake 0 | Jackpot 0 | Bingo 0 | Fortune 0 | Tax 0
Board [5s 8c 5c Ks 4d]
Seat 1: 66f5e6b (big blind) folded before Flop
Seat 2: 3c8c3186 folded before Flop
Seat 3: Hero showed [3d 3h] and lost with two pair, Fives and Threes
Seat 4: 45ae868b folded before Flop
Seat 5: d73e806f (button) folded before Flop
Seat 6: cc84b75a (small blind) showed [Ad Kc] and won (5,680) with two pair, Kings and Fives


