Poker Hand #TM5624740681: Tournament #265465424, Bounty Hunters Special $10.80 Hold'em No Limit - Level14(500/1,000(150)) - 2026/02/23 19:34:47
Table '82' 8-max Seat #1 is the button
Seat 1: 9006b78f (11,794 in chips)
Seat 2: 670fd7a9 (42,568 in chips)
Seat 3: Hero (18,066 in chips)
Seat 4: 23b2e9ea (95,397 in chips)
Seat 5: 4cc53c47 (31,605 in chips)
Seat 6: d84e8994 (41,842 in chips)
Seat 7: 86225498 (66,244 in chips)
Seat 8: 32f718df (98,796 in chips)
Hero: posts the ante 150
23b2e9ea: posts the ante 150
32f718df: posts the ante 150
86225498: posts the ante 150
d84e8994: posts the ante 150
4cc53c47: posts the ante 150
9006b78f: posts the ante 150
670fd7a9: posts the ante 150
670fd7a9: posts small blind 500
Hero: posts big blind 1,000
*** HOLE CARDS ***
Dealt to 9006b78f 
Dealt to 670fd7a9 
Dealt to Hero [Ac 9d]
Dealt to 23b2e9ea 
Dealt to 4cc53c47 
Dealt to d84e8994 
Dealt to 86225498 
Dealt to 32f718df 
23b2e9ea: raises 1,000 to 2,000
4cc53c47: folds
d84e8994: folds
86225498: folds
32f718df: folds
9006b78f: folds
670fd7a9: folds
Hero: raises 15,916 to 17,916 and is all-in
23b2e9ea: calls 15,916
Hero: shows [Ac 9d]
23b2e9ea: shows [Ah 8h]
*** FLOP *** [2s 2h 7h]
*** TURN *** [2s 2h 7h] [4h]
*** RIVER *** [2s 2h 7h 4h] [7d]
*** SHOWDOWN ***
23b2e9ea collected 37,532 from pot
*** SUMMARY ***
Total pot 37,532 | Rake 0 | Jackpot 0 | Bingo 0 | Fortune 0 | Tax 0
Board [2s 2h 7h 4h 7d]
Seat 1: 9006b78f (button) folded before Flop
Seat 2: 670fd7a9 (small blind) folded before Flop
Seat 3: Hero (big blind) showed [Ac 9d] and lost with two pair, Sevens and Twos
Seat 4: 23b2e9ea showed [Ah 8h] and won (37,532) with a flush Ace high
Seat 5: 4cc53c47 folded before Flop
Seat 6: d84e8994 folded before Flop
Seat 7: 86225498 folded before Flop
Seat 8: 32f718df folded before Flop


Poker Hand #TM5624740676: Tournament #265465424, Bounty Hunters Special $10.80 Hold'em No Limit - Level14(500/1,000(150)) - 2026/02/23 19:34:21
Table '82' 8-max Seat #8 is the button
Seat 1: 9006b78f (12,444 in chips)
Seat 2: 670fd7a9 (43,718 in chips)
Seat 3: Hero (18,216 in chips)
Seat 4: 23b2e9ea (95,547 in chips)
Seat 5: 4cc53c47 (31,755 in chips)
Seat 6: d84e8994 (41,992 in chips)
Seat 8: 32f718df (96,396 in chips)
Hero: posts the ante 150
23b2e9ea: posts the ante 150
32f718df: posts the ante 150
d84e8994: posts the ante 150
4cc53c47: posts the ante 150
9006b78f: posts the ante 150
670fd7a9: posts the ante 150
9006b78f: posts small blind 500
670fd7a9: posts big blind 1,000
*** HOLE CARDS ***
Dealt to 9006b78f 
Dealt to 670fd7a9 
Dealt to Hero [Js Td]
Dealt to 23b2e9ea 
Dealt to 4cc53c47 
Dealt to d84e8994 
Dealt to 32f718df 
Hero: folds
23b2e9ea: folds
4cc53c47: folds
d84e8994: folds
32f718df: raises 1,000 to 2,000
9006b78f: folds
670fd7a9: folds
Uncalled bet (1,000) returned to 32f718df
*** SHOWDOWN ***
32f718df collected 3,550 from pot
*** SUMMARY ***
Total pot 3,550 | Rake 0 | Jackpot 0 | Bingo 0 | Fortune 0 | Tax 0
Seat 1: 9006b78f (small blind) folded before Flop
Seat 2: 670fd7a9 (big blind) folded before Flop
Seat 3: Hero folded before Flop
Seat 4: 23b2e9ea folded before Flop
Seat 5: 4cc53c47 folded before Flop
Seat 6: d84e8994 folded before Flop
Seat 8: 32f718df (button) collected (3,550)


Poker Hand #TM5624740659: Tournament #265465424, Bounty Hunters Special $10.80 Hold'em No Limit - Level14(500/1,000(150)) - 2026/02/23 19:33:08
Table '82' 8-max Seat #6 is the button
Seat 1: 9006b78f (12,594 in chips)
Seat 2: 670fd7a9 (45,868 in chips)
Seat 3: Hero (18,366 in chips)
Seat 4: 23b2e9ea (95,697 in chips)
Seat 5: 4cc53c47 (16,310 in chips)
Seat 6: d84e8994 (42,142 in chips)
Seat 7: a254b9c8 (11,545 in chips)
Seat 8: 32f718df (97,546 in chips)
Hero: posts the ante 150
23b2e9ea: posts the ante 150
32f718df: posts the ante 150
a254b9c8: posts the ante 150
d84e8994: posts the ante 150
4cc53c47: posts the ante 150
9006b78f: posts the ante 150
670fd7a9: posts the ante 150
a254b9c8: posts small blind 500
32f718df: posts big blind 1,000
*** HOLE CARDS ***
Dealt to 9006b78f 
Dealt to 670fd7a9 
Dealt to Hero [4c 7c]
Dealt to 23b2e9ea 
Dealt to 4cc53c47 
Dealt to d84e8994 
Dealt to a254b9c8 
Dealt to 32f718df 
9006b78f: folds
670fd7a9: calls 1,000
Hero: folds
23b2e9ea: folds
4cc53c47: raises 1,000 to 2,000
d84e8994: folds
a254b9c8: calls 1,500
32f718df: folds
670fd7a9: calls 1,000
*** FLOP *** [Ah 7h 4s]
a254b9c8: checks
670fd7a9: checks
4cc53c47: bets 2,706
a254b9c8: calls 2,706
670fd7a9: folds
*** TURN *** [Ah 7h 4s] [Th]
a254b9c8: checks
4cc53c47: bets 4,492
a254b9c8: raises 2,197 to 6,689 and is all-in
4cc53c47: calls 2,197
a254b9c8: shows [8s 8h] (a pair of Eights)
4cc53c47: shows [Ts Kh] (a pair of Tens)
*** RIVER *** [Ah 7h 4s Th] [7d]
*** SHOWDOWN ***
4cc53c47 collected 26,990 from pot
*** SUMMARY ***
Total pot 26,990 | Rake 0 | Jackpot 0 | Bingo 0 | Fortune 0 | Tax 0
Board [Ah 7h 4s Th 7d]
Seat 1: 9006b78f folded before Flop
Seat 2: 670fd7a9 folded on the Flop
Seat 3: Hero folded before Flop
Seat 4: 23b2e9ea folded before Flop
Seat 5: 4cc53c47 showed [Ts Kh] and won (26,990) with two pair, Tens and Sevens
Seat 6: d84e8994 (button) folded before Flop
Seat 7: a254b9c8 (small blind) showed [8s 8h] and lost with two pair, Eights and Sevens
Seat 8: 32f718df (big blind) folded before Flop


Poker Hand #TM5624740651: Tournament #265465424, Bounty Hunters Special $10.80 Hold'em No Limit - Level14(500/1,000(150)) - 2026/02/23 19:32:18
Table '82' 8-max Seat #5 is the button
Seat 1: 9006b78f (12,744 in chips)
Seat 2: 670fd7a9 (46,018 in chips)
Seat 3: Hero (23,057 in chips)
Seat 4: 23b2e9ea (87,606 in chips)
Seat 5: 4cc53c47 (16,460 in chips)
Seat 6: d84e8994 (42,792 in chips)
Seat 7: a254b9c8 (13,695 in chips)
Seat 8: 32f718df (97,696 in chips)
Hero: posts the ante 150
23b2e9ea: posts the ante 150
32f718df: posts the ante 150
a254b9c8: posts the ante 150
d84e8994: posts the ante 150
4cc53c47: posts the ante 150
9006b78f: posts the ante 150
670fd7a9: posts the ante 150
d84e8994: posts small blind 500
a254b9c8: posts big blind 1,000
*** HOLE CARDS ***
Dealt to 9006b78f 
Dealt to 670fd7a9 
Dealt to Hero [Td Jc]
Dealt to 23b2e9ea 
Dealt to 4cc53c47 
Dealt to d84e8994 
Dealt to a254b9c8 
Dealt to 32f718df 
32f718df: folds
9006b78f: folds
670fd7a9: folds
Hero: raises 1,000 to 2,000
23b2e9ea: calls 2,000
4cc53c47: folds
d84e8994: folds
a254b9c8: calls 1,000
*** FLOP *** [8h 6s Ad]
a254b9c8: checks
Hero: bets 2,541
23b2e9ea: calls 2,541
a254b9c8: folds
*** TURN *** [8h 6s Ad] [5d]
Hero: checks
23b2e9ea: bets 5,500
Hero: folds
Uncalled bet (5,500) returned to 23b2e9ea
*** SHOWDOWN ***
23b2e9ea collected 12,782 from pot
*** SUMMARY ***
Total pot 12,782 | Rake 0 | Jackpot 0 | Bingo 0 | Fortune 0 | Tax 0
Board [8h 6s Ad 5d]
Seat 1: 9006b78f folded before Flop
Seat 2: 670fd7a9 folded before Flop
Seat 3: Hero folded on the Turn
Seat 4: 23b2e9ea showed [As] and won (12,782)
Seat 5: 4cc53c47 (button) folded before Flop
Seat 6: d84e8994 (small blind) folded before Flop
Seat 7: a254b9c8 (big blind) folded on the Flop
Seat 8: 32f718df folded before Flop


Poker Hand #TM5624740637: Tournament #265465424, Bounty Hunters Special $10.80 Hold'em No Limit - Level14(500/1,000(150)) - 2026/02/23 19:31:34
Table '82' 8-max Seat #4 is the button
Seat 1: 9006b78f (12,894 in chips)
Seat 2: 670fd7a9 (46,168 in chips)
Seat 3: Hero (19,507 in chips)
Seat 4: 23b2e9ea (87,756 in chips)
Seat 5: 4cc53c47 (17,110 in chips)
Seat 6: d84e8994 (44,942 in chips)
Seat 7: a254b9c8 (13,845 in chips)
Seat 8: 32f718df (97,846 in chips)
Hero: posts the ante 150
23b2e9ea: posts the ante 150
32f718df: posts the ante 150
a254b9c8: posts the ante 150
d84e8994: posts the ante 150
4cc53c47: posts the ante 150
9006b78f: posts the ante 150
670fd7a9: posts the ante 150
4cc53c47: posts small blind 500
d84e8994: posts big blind 1,000
*** HOLE CARDS ***
Dealt to 9006b78f 
Dealt to 670fd7a9 
Dealt to Hero [Ah 8c]
Dealt to 23b2e9ea 
Dealt to 4cc53c47 
Dealt to d84e8994 
Dealt to a254b9c8 
Dealt to 32f718df 
a254b9c8: folds
32f718df: folds
9006b78f: folds
670fd7a9: folds
Hero: raises 1,000 to 2,000
23b2e9ea: folds
4cc53c47: folds
d84e8994: calls 1,000
*** FLOP *** [9d 4h 3c]
d84e8994: checks
Hero: checks
*** TURN *** [9d 4h 3c] [Qh]
d84e8994: checks
Hero: checks
*** RIVER *** [9d 4h 3c Qh] [Qd]
d84e8994: checks
Hero: checks
d84e8994: shows [2h Kh] (a pair of Queens)
Hero: shows [Ah 8c] (a pair of Queens)
*** SHOWDOWN ***
Hero collected 5,700 from pot
*** SUMMARY ***
Total pot 5,700 | Rake 0 | Jackpot 0 | Bingo 0 | Fortune 0 | Tax 0
Board [9d 4h 3c Qh Qd]
Seat 1: 9006b78f folded before Flop
Seat 2: 670fd7a9 folded before Flop
Seat 3: Hero showed [Ah 8c] and won (5,700) with a pair of Queens
Seat 4: 23b2e9ea (button) folded before Flop
Seat 5: 4cc53c47 (small blind) folded before Flop
Seat 6: d84e8994 (big blind) showed [2h Kh] and lost with a pair of Queens
Seat 7: a254b9c8 folded before Flop
Seat 8: 32f718df folded before Flop


Poker Hand #TM5624740624: Tournament #265465424, Bounty Hunters Special $10.80 Hold'em No Limit - Level14(500/1,000(150)) - 2026/02/23 19:30:24
Table '82' 8-max Seat #3 is the button
Seat 1: 9006b78f (13,044 in chips)
Seat 2: 670fd7a9 (59,570 in chips)
Seat 3: Hero (21,657 in chips)
Seat 4: 23b2e9ea (88,406 in chips)
Seat 5: 4cc53c47 (19,260 in chips)
Seat 6: d84e8994 (45,092 in chips)
Seat 7: a254b9c8 (13,995 in chips)
Seat 8: 32f718df (79,044 in chips)
Hero: posts the ante 150
23b2e9ea: posts the ante 150
32f718df: posts the ante 150
a254b9c8: posts the ante 150
d84e8994: posts the ante 150
4cc53c47: posts the ante 150
9006b78f: posts the ante 150
670fd7a9: posts the ante 150
23b2e9ea: posts small blind 500
4cc53c47: posts big blind 1,000
*** HOLE CARDS ***
Dealt to 9006b78f 
Dealt to 670fd7a9 
Dealt to Hero [7s 8s]
Dealt to 23b2e9ea 
Dealt to 4cc53c47 
Dealt to d84e8994 
Dealt to a254b9c8 
Dealt to 32f718df 
d84e8994: folds
a254b9c8: folds
32f718df: raises 1,000 to 2,000
9006b78f: folds
670fd7a9: calls 2,000
Hero: calls 2,000
23b2e9ea: folds
4cc53c47: calls 1,000
*** FLOP *** [Ah 6s 3h]
4cc53c47: checks
32f718df: bets 3,201
670fd7a9: calls 3,201
Hero: folds
4cc53c47: folds
*** TURN *** [Ah 6s 3h] [Ts]
32f718df: bets 8,051
670fd7a9: calls 8,051
*** RIVER *** [Ah 6s 3h Ts] [8d]
32f718df: bets 10,628
670fd7a9: folds
Uncalled bet (10,628) returned to 32f718df
*** SHOWDOWN ***
32f718df collected 32,204 from pot
*** SUMMARY ***
Total pot 32,204 | Rake 0 | Jackpot 0 | Bingo 0 | Fortune 0 | Tax 0
Board [Ah 6s 3h Ts 8d]
Seat 1: 9006b78f folded before Flop
Seat 2: 670fd7a9 folded on the River
Seat 3: Hero (button) folded on the Flop
Seat 4: 23b2e9ea (small blind) folded before Flop
Seat 5: 4cc53c47 (big blind) folded on the Flop
Seat 6: d84e8994 folded before Flop
Seat 7: a254b9c8 folded before Flop
Seat 8: 32f718df won (32,204)


Poker Hand #TM5624740613: Tournament #265465424, Bounty Hunters Special $10.80 Hold'em No Limit - Level14(500/1,000(150)) - 2026/02/23 19:29:37
Table '82' 8-max Seat #2 is the button
Seat 1: 9006b78f (13,194 in chips)
Seat 2: 670fd7a9 (59,720 in chips)
Seat 3: Hero (29,839 in chips)
Seat 4: 23b2e9ea (79,324 in chips)
Seat 5: 4cc53c47 (19,410 in chips)
Seat 6: d84e8994 (45,242 in chips)
Seat 7: a254b9c8 (14,145 in chips)
Seat 8: 32f718df (79,194 in chips)
Hero: posts the ante 150
23b2e9ea: posts the ante 150
32f718df: posts the ante 150
a254b9c8: posts the ante 150
d84e8994: posts the ante 150
4cc53c47: posts the ante 150
9006b78f: posts the ante 150
670fd7a9: posts the ante 150
Hero: posts small blind 500
23b2e9ea: posts big blind 1,000
*** HOLE CARDS ***
Dealt to 9006b78f 
Dealt to 670fd7a9 
Dealt to Hero [5d 8d]
Dealt to 23b2e9ea 
Dealt to 4cc53c47 
Dealt to d84e8994 
Dealt to a254b9c8 
Dealt to 32f718df 
4cc53c47: folds
d84e8994: folds
a254b9c8: folds
32f718df: folds
9006b78f: folds
670fd7a9: folds
Hero: raises 1,000 to 2,000
23b2e9ea: calls 1,000
*** FLOP *** [9h 7c Kh]
Hero: bets 1,716
23b2e9ea: calls 1,716
*** TURN *** [9h 7c Kh] [8s]
Hero: bets 4,316
23b2e9ea: calls 4,316
*** RIVER *** [9h 7c Kh 8s] [Ah]
Hero: checks
23b2e9ea: checks
Hero: shows [5d 8d] (a pair of Eights)
23b2e9ea: shows [Th 9c] (a pair of Nines)
*** SHOWDOWN ***
23b2e9ea collected 17,264 from pot
*** SUMMARY ***
Total pot 17,264 | Rake 0 | Jackpot 0 | Bingo 0 | Fortune 0 | Tax 0
Board [9h 7c Kh 8s Ah]
Seat 1: 9006b78f folded before Flop
Seat 2: 670fd7a9 (button) folded before Flop
Seat 3: Hero (small blind) showed [5d 8d] and lost with a pair of Eights
Seat 4: 23b2e9ea (big blind) showed [Th 9c] and won (17,264) with a pair of Nines
Seat 5: 4cc53c47 folded before Flop
Seat 6: d84e8994 folded before Flop
Seat 7: a254b9c8 folded before Flop
Seat 8: 32f718df folded before Flop


Poker Hand #TM5624740606: Tournament #265465424, Bounty Hunters Special $10.80 Hold'em No Limit - Level14(500/1,000(150)) - 2026/02/23 19:29:07
Table '82' 8-max Seat #1 is the button
Seat 1: 9006b78f (13,344 in chips)
Seat 2: 670fd7a9 (60,370 in chips)
Seat 3: Hero (30,989 in chips)
Seat 4: 23b2e9ea (79,474 in chips)
Seat 5: 4cc53c47 (17,010 in chips)
Seat 7: a254b9c8 (14,295 in chips)
Seat 8: 32f718df (79,344 in chips)
Hero: posts the ante 150
23b2e9ea: posts the ante 150
32f718df: posts the ante 150
a254b9c8: posts the ante 150
4cc53c47: posts the ante 150
9006b78f: posts the ante 150
670fd7a9: posts the ante 150
670fd7a9: posts small blind 500
Hero: posts big blind 1,000
*** HOLE CARDS ***
Dealt to 9006b78f 
Dealt to 670fd7a9 
Dealt to Hero [Qc Ts]
Dealt to 23b2e9ea 
Dealt to 4cc53c47 
Dealt to a254b9c8 
Dealt to 32f718df 
23b2e9ea: folds
4cc53c47: raises 15,860 to 16,860 and is all-in
a254b9c8: folds
32f718df: folds
9006b78f: folds
670fd7a9: folds
Hero: folds
Uncalled bet (15,860) returned to 4cc53c47
*** SHOWDOWN ***
4cc53c47 collected 3,550 from pot
*** SUMMARY ***
Total pot 3,550 | Rake 0 | Jackpot 0 | Bingo 0 | Fortune 0 | Tax 0
Seat 1: 9006b78f (button) folded before Flop
Seat 2: 670fd7a9 (small blind) folded before Flop
Seat 3: Hero (big blind) folded before Flop
Seat 4: 23b2e9ea folded before Flop
Seat 5: 4cc53c47 collected (3,550)
Seat 7: a254b9c8 folded before Flop
Seat 8: 32f718df folded before Flop


Poker Hand #TM5624740597: Tournament #265465424, Bounty Hunters Special $10.80 Hold'em No Limit - Level14(500/1,000(150)) - 2026/02/23 19:28:25
Table '82' 8-max Seat #8 is the button
Seat 1: 9006b78f (13,994 in chips)
Seat 2: 670fd7a9 (20,640 in chips)
Seat 3: Hero (31,139 in chips)
Seat 4: 23b2e9ea (100,114 in chips)
Seat 5: 4cc53c47 (17,160 in chips)
Seat 6: 998afbbc (17,840 in chips)
Seat 7: a254b9c8 (14,445 in chips)
Seat 8: 32f718df (79,494 in chips)
Hero: posts the ante 150
23b2e9ea: posts the ante 150
32f718df: posts the ante 150
a254b9c8: posts the ante 150
4cc53c47: posts the ante 150
998afbbc: posts the ante 150
9006b78f: posts the ante 150
670fd7a9: posts the ante 150
9006b78f: posts small blind 500
670fd7a9: posts big blind 1,000
*** HOLE CARDS ***
Dealt to 9006b78f 
Dealt to 670fd7a9 
Dealt to Hero [Ad 8s]
Dealt to 23b2e9ea 
Dealt to 4cc53c47 
Dealt to 998afbbc 
Dealt to a254b9c8 
Dealt to 32f718df 
Hero: folds
23b2e9ea: raises 1,000 to 2,000
4cc53c47: folds
998afbbc: calls 2,000
a254b9c8: folds
32f718df: folds
9006b78f: folds
670fd7a9: raises 18,490 to 20,490 and is all-in
23b2e9ea: calls 18,490
998afbbc: calls 15,690 and is all-in
670fd7a9: shows [Jc Jh]
23b2e9ea: shows [9s Ks]
998afbbc: shows [Jd Ah]
*** FLOP *** [2c Tc 3h]
*** TURN *** [2c Tc 3h] [8d]
*** RIVER *** [2c Tc 3h 8d] [Td]
*** SHOWDOWN ***
670fd7a9 collected 54,770 from pot
670fd7a9 collected 5,600 from pot
*** SUMMARY ***
Total pot 60,370 | Rake 0 | Jackpot 0 | Bingo 0 | Fortune 0 | Tax 0
Board [2c Tc 3h 8d Td]
Seat 1: 9006b78f (small blind) folded before Flop
Seat 2: 670fd7a9 (big blind) showed [Jc Jh] and won (60,370) with two pair, Jacks and Tens
Seat 3: Hero folded before Flop
Seat 4: 23b2e9ea showed [9s Ks] and lost with a pair of Tens
Seat 5: 4cc53c47 folded before Flop
Seat 6: 998afbbc showed [Jd Ah] and lost with a pair of Tens
Seat 7: a254b9c8 folded before Flop
Seat 8: 32f718df (button) folded before Flop


Poker Hand #TM5624740586: Tournament #265465424, Bounty Hunters Special $10.80 Hold'em No Limit - Level13(400/800(120)) - 2026/02/23 19:27:23
Table '82' 8-max Seat #7 is the button
Seat 1: 9006b78f (9,554 in chips)
Seat 2: 670fd7a9 (20,760 in chips)
Seat 3: Hero (31,259 in chips)
Seat 4: 23b2e9ea (101,834 in chips)
Seat 5: 4cc53c47 (17,280 in chips)
Seat 6: 998afbbc (19,560 in chips)
Seat 7: a254b9c8 (14,565 in chips)
Seat 8: 32f718df (80,014 in chips)
Hero: posts the ante 120
23b2e9ea: posts the ante 120
32f718df: posts the ante 120
a254b9c8: posts the ante 120
4cc53c47: posts the ante 120
998afbbc: posts the ante 120
9006b78f: posts the ante 120
670fd7a9: posts the ante 120
32f718df: posts small blind 400
9006b78f: posts big blind 800
*** HOLE CARDS ***
Dealt to 9006b78f 
Dealt to 670fd7a9 
Dealt to Hero [5s Qs]
Dealt to 23b2e9ea 
Dealt to 4cc53c47 
Dealt to 998afbbc 
Dealt to a254b9c8 
Dealt to 32f718df 
670fd7a9: folds
Hero: folds
23b2e9ea: raises 800 to 1,600
4cc53c47: folds
998afbbc: calls 1,600
a254b9c8: folds
32f718df: folds
9006b78f: raises 7,834 to 9,434 and is all-in
23b2e9ea: folds
998afbbc: folds
Uncalled bet (7,834) returned to 9006b78f
*** SHOWDOWN ***
9006b78f collected 6,160 from pot
*** SUMMARY ***
Total pot 6,160 | Rake 0 | Jackpot 0 | Bingo 0 | Fortune 0 | Tax 0
Seat 1: 9006b78f (big blind) collected (6,160)
Seat 2: 670fd7a9 folded before Flop
Seat 3: Hero folded before Flop
Seat 4: 23b2e9ea folded before Flop
Seat 5: 4cc53c47 folded before Flop
Seat 6: 998afbbc folded before Flop
Seat 7: a254b9c8 (button) folded before Flop
Seat 8: 32f718df (small blind) folded before Flop


Poker Hand #TM5624740577: Tournament #265465424, Bounty Hunters Special $10.80 Hold'em No Limit - Level13(400/800(120)) - 2026/02/23 19:26:45
Table '82' 8-max Seat #6 is the button
Seat 1: 9006b78f (9,674 in chips)
Seat 2: 670fd7a9 (20,880 in chips)
Seat 3: Hero (31,379 in chips)
Seat 4: 23b2e9ea (101,954 in chips)
Seat 5: 4cc53c47 (8,080 in chips)
Seat 6: 998afbbc (19,680 in chips)
Seat 7: a254b9c8 (15,085 in chips)
Seat 8: 32f718df (88,094 in chips)
Hero: posts the ante 120
23b2e9ea: posts the ante 120
32f718df: posts the ante 120
a254b9c8: posts the ante 120
4cc53c47: posts the ante 120
998afbbc: posts the ante 120
9006b78f: posts the ante 120
670fd7a9: posts the ante 120
a254b9c8: posts small blind 400
32f718df: posts big blind 800
*** HOLE CARDS ***
Dealt to 9006b78f 
Dealt to 670fd7a9 
Dealt to Hero [5c 4d]
Dealt to 23b2e9ea 
Dealt to 4cc53c47 
Dealt to 998afbbc 
Dealt to a254b9c8 
Dealt to 32f718df 
9006b78f: folds
670fd7a9: folds
Hero: folds
23b2e9ea: folds
4cc53c47: raises 7,160 to 7,960 and is all-in
998afbbc: folds
a254b9c8: folds
32f718df: calls 7,160
4cc53c47: shows [As 8c]
32f718df: shows [7s 7h]
*** FLOP *** [Ad Ks 4s]
*** TURN *** [Ad Ks 4s] [Td]
*** RIVER *** [Ad Ks 4s Td] [Kh]
*** SHOWDOWN ***
4cc53c47 collected 17,280 from pot
*** SUMMARY ***
Total pot 17,280 | Rake 0 | Jackpot 0 | Bingo 0 | Fortune 0 | Tax 0
Board [Ad Ks 4s Td Kh]
Seat 1: 9006b78f folded before Flop
Seat 2: 670fd7a9 folded before Flop
Seat 3: Hero folded before Flop
Seat 4: 23b2e9ea folded before Flop
Seat 5: 4cc53c47 showed [As 8c] and won (17,280) with two pair, Aces and Kings
Seat 6: 998afbbc (button) folded before Flop
Seat 7: a254b9c8 (small blind) folded before Flop
Seat 8: 32f718df (big blind) showed [7s 7h] and lost with two pair, Kings and Sevens


Poker Hand #TM5624740562: Tournament #265465424, Bounty Hunters Special $10.80 Hold'em No Limit - Level13(400/800(120)) - 2026/02/23 19:25:52
Table '82' 8-max Seat #5 is the button
Seat 1: 9006b78f (9,794 in chips)
Seat 2: 670fd7a9 (21,000 in chips)
Seat 3: Hero (40,459 in chips)
Seat 4: 23b2e9ea (102,074 in chips)
Seat 5: 4cc53c47 (8,200 in chips)
Seat 6: 998afbbc (9,080 in chips)
Seat 7: a254b9c8 (16,005 in chips)
Seat 8: 32f718df (88,214 in chips)
Hero: posts the ante 120
23b2e9ea: posts the ante 120
32f718df: posts the ante 120
a254b9c8: posts the ante 120
4cc53c47: posts the ante 120
998afbbc: posts the ante 120
9006b78f: posts the ante 120
670fd7a9: posts the ante 120
998afbbc: posts small blind 400
a254b9c8: posts big blind 800
*** HOLE CARDS ***
Dealt to 9006b78f 
Dealt to 670fd7a9 
Dealt to Hero [Jc Kd]
Dealt to 23b2e9ea 
Dealt to 4cc53c47 
Dealt to 998afbbc 
Dealt to a254b9c8 
Dealt to 32f718df 
32f718df: folds
9006b78f: folds
670fd7a9: folds
Hero: raises 800 to 1,600
23b2e9ea: folds
4cc53c47: folds
998afbbc: raises 800 to 2,400
a254b9c8: folds
Hero: calls 800
*** FLOP *** [5c 9h Jh]
998afbbc: bets 4,920
Hero: raises 4,920 to 9,840
998afbbc: calls 1,640 and is all-in
Uncalled bet (3,280) returned to Hero
Hero: shows [Jc Kd] (a pair of Jacks)
998afbbc: shows [9c 9s] (three of a kind, Nines)
*** TURN *** [5c 9h Jh] [Ac]
*** RIVER *** [5c 9h Jh Ac] [Ad]
23b2e9ea: shows [9d] (two pair, Aces and Nines)
*** SHOWDOWN ***
998afbbc collected 19,680 from pot
*** SUMMARY ***
Total pot 19,680 | Rake 0 | Jackpot 0 | Bingo 0 | Fortune 0 | Tax 0
Board [5c 9h Jh Ac Ad]
Seat 1: 9006b78f folded before Flop
Seat 2: 670fd7a9 folded before Flop
Seat 3: Hero showed [Jc Kd] and lost with two pair, Aces and Jacks
Seat 4: 23b2e9ea folded before Flop
Seat 5: 4cc53c47 (button) folded before Flop
Seat 6: 998afbbc (small blind) showed [9c 9s] and won (19,680) with a full house, Nines full of Aces
Seat 7: a254b9c8 (big blind) folded before Flop
Seat 8: 32f718df folded before Flop


Poker Hand #TM5624740556: Tournament #265465424, Bounty Hunters Special $10.80 Hold'em No Limit - Level13(400/800(120)) - 2026/02/23 19:25:34
Table '82' 8-max Seat #4 is the button
Seat 1: 9006b78f (7,754 in chips)
Seat 2: 670fd7a9 (21,120 in chips)
Seat 3: Hero (40,579 in chips)
Seat 4: 23b2e9ea (102,194 in chips)
Seat 5: 4cc53c47 (8,720 in chips)
Seat 6: 998afbbc (10,000 in chips)
Seat 7: a254b9c8 (16,125 in chips)
Seat 8: 32f718df (88,334 in chips)
Hero: posts the ante 120
23b2e9ea: posts the ante 120
32f718df: posts the ante 120
a254b9c8: posts the ante 120
4cc53c47: posts the ante 120
998afbbc: posts the ante 120
9006b78f: posts the ante 120
670fd7a9: posts the ante 120
4cc53c47: posts small blind 400
998afbbc: posts big blind 800
*** HOLE CARDS ***
Dealt to 9006b78f 
Dealt to 670fd7a9 
Dealt to Hero [2s Ah]
Dealt to 23b2e9ea 
Dealt to 4cc53c47 
Dealt to 998afbbc 
Dealt to a254b9c8 
Dealt to 32f718df 
a254b9c8: folds
32f718df: folds
9006b78f: raises 6,834 to 7,634 and is all-in
670fd7a9: folds
Hero: folds
23b2e9ea: folds
4cc53c47: folds
998afbbc: folds
Uncalled bet (6,834) returned to 9006b78f
*** SHOWDOWN ***
9006b78f collected 2,960 from pot
*** SUMMARY ***
Total pot 2,960 | Rake 0 | Jackpot 0 | Bingo 0 | Fortune 0 | Tax 0
Seat 1: 9006b78f collected (2,960)
Seat 2: 670fd7a9 folded before Flop
Seat 3: Hero folded before Flop
Seat 4: 23b2e9ea (button) folded before Flop
Seat 5: 4cc53c47 (small blind) folded before Flop
Seat 6: 998afbbc (big blind) folded before Flop
Seat 7: a254b9c8 folded before Flop
Seat 8: 32f718df folded before Flop


Poker Hand #TM5624740550: Tournament #265465424, Bounty Hunters Special $10.80 Hold'em No Limit - Level13(400/800(120)) - 2026/02/23 19:24:54
Table '82' 8-max Seat #3 is the button
Seat 1: 9006b78f (7,874 in chips)
Seat 2: 670fd7a9 (14,800 in chips)
Seat 3: Hero (40,699 in chips)
Seat 4: 23b2e9ea (102,714 in chips)
Seat 5: 4cc53c47 (9,640 in chips)
Seat 6: 70f56ec2 (46,920 in chips)
Seat 7: a254b9c8 (16,245 in chips)
Seat 8: 32f718df (88,454 in chips)
Hero: posts the ante 120
70f56ec2: posts the ante 120
23b2e9ea: posts the ante 120
32f718df: posts the ante 120
a254b9c8: posts the ante 120
4cc53c47: posts the ante 120
9006b78f: posts the ante 120
670fd7a9: posts the ante 120
23b2e9ea: posts small blind 400
4cc53c47: posts big blind 800
*** HOLE CARDS ***
Dealt to 9006b78f 
Dealt to 670fd7a9 
Dealt to Hero [4h Qs]
Dealt to 23b2e9ea 
Dealt to 4cc53c47 
Dealt to 70f56ec2 
Dealt to a254b9c8 
Dealt to 32f718df 
70f56ec2: raises 800 to 1,600
a254b9c8: folds
32f718df: folds
9006b78f: folds
670fd7a9: raises 2,680 to 4,280
Hero: folds
23b2e9ea: folds
4cc53c47: folds
70f56ec2: calls 2,680
*** FLOP *** [2c 6d Td]
70f56ec2: checks
670fd7a9: bets 10,400 and is all-in
70f56ec2: folds
Uncalled bet (10,400) returned to 670fd7a9
*** SHOWDOWN ***
670fd7a9 collected 10,720 from pot
*** SUMMARY ***
Total pot 10,720 | Rake 0 | Jackpot 0 | Bingo 0 | Fortune 0 | Tax 0
Board [2c 6d Td]
Seat 1: 9006b78f folded before Flop
Seat 2: 670fd7a9 won (10,720)
Seat 3: Hero (button) folded before Flop
Seat 4: 23b2e9ea (small blind) folded before Flop
Seat 5: 4cc53c47 (big blind) folded before Flop
Seat 6: 70f56ec2 folded on the Flop
Seat 7: a254b9c8 folded before Flop
Seat 8: 32f718df folded before Flop


Poker Hand #TM5624740541: Tournament #265465424, Bounty Hunters Special $10.80 Hold'em No Limit - Level13(400/800(120)) - 2026/02/23 19:24:13
Table '82' 8-max Seat #2 is the button
Seat 1: 9006b78f (7,994 in chips)
Seat 2: 670fd7a9 (6,440 in chips)
Seat 3: Hero (41,219 in chips)
Seat 4: 23b2e9ea (103,634 in chips)
Seat 5: 4cc53c47 (9,760 in chips)
Seat 6: 70f56ec2 (47,040 in chips)
Seat 7: a254b9c8 (16,365 in chips)
Seat 8: 32f718df (94,894 in chips)
Hero: posts the ante 120
70f56ec2: posts the ante 120
23b2e9ea: posts the ante 120
32f718df: posts the ante 120
a254b9c8: posts the ante 120
4cc53c47: posts the ante 120
9006b78f: posts the ante 120
670fd7a9: posts the ante 120
Hero: posts small blind 400
23b2e9ea: posts big blind 800
*** HOLE CARDS ***
Dealt to 9006b78f 
Dealt to 670fd7a9 
Dealt to Hero [Td Qh]
Dealt to 23b2e9ea 
Dealt to 4cc53c47 
Dealt to 70f56ec2 
Dealt to a254b9c8 
Dealt to 32f718df 
4cc53c47: folds
70f56ec2: folds
a254b9c8: folds
32f718df: raises 800 to 1,600
9006b78f: folds
670fd7a9: raises 4,720 to 6,320 and is all-in
Hero: folds
23b2e9ea: folds
32f718df: calls 4,720
670fd7a9: shows [Qs 8s]
32f718df: shows [2s 2h]
*** FLOP *** [6h Tc 6d]
*** TURN *** [6h Tc 6d] [Js]
*** RIVER *** [6h Tc 6d Js] [Jh]
*** SHOWDOWN ***
670fd7a9 collected 14,800 from pot
*** SUMMARY ***
Total pot 14,800 | Rake 0 | Jackpot 0 | Bingo 0 | Fortune 0 | Tax 0
Board [6h Tc 6d Js Jh]
Seat 1: 9006b78f folded before Flop
Seat 2: 670fd7a9 (button) showed [Qs 8s] and won (14,800) with two pair, Jacks and Sixes
Seat 3: Hero (small blind) folded before Flop
Seat 4: 23b2e9ea (big blind) folded before Flop
Seat 5: 4cc53c47 folded before Flop
Seat 6: 70f56ec2 folded before Flop
Seat 7: a254b9c8 folded before Flop
Seat 8: 32f718df showed [2s 2h] and lost with two pair, Jacks and Sixes


Poker Hand #TM5624740531: Tournament #265465424, Bounty Hunters Special $10.80 Hold'em No Limit - Level13(400/800(120)) - 2026/02/23 19:23:28
Table '82' 8-max Seat #1 is the button
Seat 1: 9006b78f (8,114 in chips)
Seat 2: 670fd7a9 (8,160 in chips)
Seat 3: Hero (42,939 in chips)
Seat 4: 23b2e9ea (99,594 in chips)
Seat 5: 4cc53c47 (9,880 in chips)
Seat 6: 70f56ec2 (47,160 in chips)
Seat 7: a254b9c8 (16,485 in chips)
Seat 8: 32f718df (95,014 in chips)
Hero: posts the ante 120
70f56ec2: posts the ante 120
23b2e9ea: posts the ante 120
32f718df: posts the ante 120
a254b9c8: posts the ante 120
4cc53c47: posts the ante 120
9006b78f: posts the ante 120
670fd7a9: posts the ante 120
670fd7a9: posts small blind 400
Hero: posts big blind 800
*** HOLE CARDS ***
Dealt to 9006b78f 
Dealt to 670fd7a9 
Dealt to Hero [4h Qc]
Dealt to 23b2e9ea 
Dealt to 4cc53c47 
Dealt to 70f56ec2 
Dealt to a254b9c8 
Dealt to 32f718df 
23b2e9ea: raises 800 to 1,600
4cc53c47: folds
70f56ec2: folds
a254b9c8: folds
32f718df: folds
9006b78f: folds
670fd7a9: calls 1,200
Hero: calls 800
*** FLOP *** [8h 7d Ts]
670fd7a9: checks
Hero: checks
23b2e9ea: bets 4,400
670fd7a9: folds
Hero: folds
Uncalled bet (4,400) returned to 23b2e9ea
*** SHOWDOWN ***
23b2e9ea collected 5,760 from pot
*** SUMMARY ***
Total pot 5,760 | Rake 0 | Jackpot 0 | Bingo 0 | Fortune 0 | Tax 0
Board [8h 7d Ts]
Seat 1: 9006b78f (button) folded before Flop
Seat 2: 670fd7a9 (small blind) folded on the Flop
Seat 3: Hero (big blind) folded on the Flop
Seat 4: 23b2e9ea won (5,760)
Seat 5: 4cc53c47 folded before Flop
Seat 6: 70f56ec2 folded before Flop
Seat 7: a254b9c8 folded before Flop
Seat 8: 32f718df folded before Flop


Poker Hand #TM5624740517: Tournament #265465424, Bounty Hunters Special $10.80 Hold'em No Limit - Level13(400/800(120)) - 2026/02/23 19:22:24
Table '82' 8-max Seat #8 is the button
Seat 1: 9006b78f (8,634 in chips)
Seat 2: 670fd7a9 (9,880 in chips)
Seat 3: Hero (44,659 in chips)
Seat 4: 23b2e9ea (99,714 in chips)
Seat 5: 4cc53c47 (10,000 in chips)
Seat 6: 70f56ec2 (48,880 in chips)
Seat 7: a254b9c8 (10,445 in chips)
Seat 8: 32f718df (95,134 in chips)
Hero: posts the ante 120
70f56ec2: posts the ante 120
23b2e9ea: posts the ante 120
32f718df: posts the ante 120
a254b9c8: posts the ante 120
4cc53c47: posts the ante 120
9006b78f: posts the ante 120
670fd7a9: posts the ante 120
9006b78f: posts small blind 400
670fd7a9: posts big blind 800
*** HOLE CARDS ***
Dealt to 9006b78f 
Dealt to 670fd7a9 
Dealt to Hero [6d As]
Dealt to 23b2e9ea 
Dealt to 4cc53c47 
Dealt to 70f56ec2 
Dealt to a254b9c8 
Dealt to 32f718df 
Hero: raises 800 to 1,600
23b2e9ea: folds
4cc53c47: folds
70f56ec2: calls 1,600
a254b9c8: calls 1,600
32f718df: folds
9006b78f: folds
670fd7a9: calls 800
*** FLOP *** [9d 3s 9h]
670fd7a9: checks
Hero: checks
70f56ec2: checks
a254b9c8: bets 8,725 and is all-in
670fd7a9: folds
Hero: folds
70f56ec2: folds
Uncalled bet (8,725) returned to a254b9c8
*** SHOWDOWN ***
a254b9c8 collected 7,760 from pot
*** SUMMARY ***
Total pot 7,760 | Rake 0 | Jackpot 0 | Bingo 0 | Fortune 0 | Tax 0
Board [9d 3s 9h]
Seat 1: 9006b78f (small blind) folded before Flop
Seat 2: 670fd7a9 (big blind) folded on the Flop
Seat 3: Hero folded on the Flop
Seat 4: 23b2e9ea folded before Flop
Seat 5: 4cc53c47 folded before Flop
Seat 6: 70f56ec2 folded on the Flop
Seat 7: a254b9c8 showed [Td Tc] and won (7,760)
Seat 8: 32f718df (button) folded before Flop


Poker Hand #TM5624740506: Tournament #265465424, Bounty Hunters Special $10.80 Hold'em No Limit - Level13(400/800(120)) - 2026/02/23 19:21:41
Table '82' 8-max Seat #7 is the button
Seat 1: 9006b78f (11,820 in chips)
Seat 2: 670fd7a9 (10,000 in chips)
Seat 3: Hero (40,473 in chips)
Seat 4: 23b2e9ea (99,834 in chips)
Seat 6: 70f56ec2 (49,000 in chips)
Seat 7: a254b9c8 (10,565 in chips)
Seat 8: 32f718df (95,654 in chips)
Hero: posts the ante 120
70f56ec2: posts the ante 120
23b2e9ea: posts the ante 120
32f718df: posts the ante 120
a254b9c8: posts the ante 120
9006b78f: posts the ante 120
670fd7a9: posts the ante 120
32f718df: posts small blind 400
9006b78f: posts big blind 800
*** HOLE CARDS ***
Dealt to 9006b78f 
Dealt to 670fd7a9 
Dealt to Hero [As 4s]
Dealt to 23b2e9ea 
Dealt to 70f56ec2 
Dealt to a254b9c8 
Dealt to 32f718df 
670fd7a9: folds
Hero: raises 800 to 1,600
23b2e9ea: folds
70f56ec2: folds
a254b9c8: folds
32f718df: folds
9006b78f: calls 800
*** FLOP *** [Js Ad 8d]
9006b78f: checks
Hero: bets 1,466
9006b78f: calls 1,466
*** TURN *** [Js Ad 8d] [9s]
9006b78f: checks
Hero: bets 24,000
9006b78f: folds
Uncalled bet (24,000) returned to Hero
*** SHOWDOWN ***
Hero collected 7,372 from pot
*** SUMMARY ***
Total pot 7,372 | Rake 0 | Jackpot 0 | Bingo 0 | Fortune 0 | Tax 0
Board [Js Ad 8d 9s]
Seat 1: 9006b78f (big blind) folded on the Turn
Seat 2: 670fd7a9 folded before Flop
Seat 3: Hero won (7,372)
Seat 4: 23b2e9ea folded before Flop
Seat 6: 70f56ec2 folded before Flop
Seat 7: a254b9c8 (button) folded before Flop
Seat 8: 32f718df (small blind) folded before Flop


Poker Hand #TM5624740491: Tournament #265465424, Bounty Hunters Special $10.80 Hold'em No Limit - Level13(400/800(120)) - 2026/02/23 19:20:35
Table '82' 8-max Seat #6 is the button
Seat 1: 9006b78f (11,940 in chips)
Seat 3: Hero (40,593 in chips)
Seat 4: 23b2e9ea (101,554 in chips)
Seat 5: fad5967c (24,530 in chips)
Seat 6: 70f56ec2 (50,720 in chips)
Seat 7: a254b9c8 (11,085 in chips)
Seat 8: 32f718df (66,924 in chips)
Hero: posts the ante 120
70f56ec2: posts the ante 120
fad5967c: posts the ante 120
23b2e9ea: posts the ante 120
32f718df: posts the ante 120
a254b9c8: posts the ante 120
9006b78f: posts the ante 120
a254b9c8: posts small blind 400
32f718df: posts big blind 800
*** HOLE CARDS ***
Dealt to 9006b78f 
Dealt to Hero [Jh 9s]
Dealt to 23b2e9ea 
Dealt to fad5967c 
Dealt to 70f56ec2 
Dealt to a254b9c8 
Dealt to 32f718df 
9006b78f: folds
Hero: folds
23b2e9ea: raises 800 to 1,600
fad5967c: calls 1,600
70f56ec2: calls 1,600
a254b9c8: folds
32f718df: calls 800
*** FLOP *** [Tc 2s Ad]
32f718df: checks
23b2e9ea: checks
fad5967c: bets 3,820
70f56ec2: folds
32f718df: raises 7,380 to 11,200
23b2e9ea: folds
fad5967c: raises 11,610 to 22,810 and is all-in
32f718df: calls 11,610
fad5967c: shows [As 7s] (a pair of Aces)
32f718df: shows [Ah Ts] (two pair, Aces and Tens)
*** TURN *** [Tc 2s Ad] [Ac]
*** RIVER *** [Tc 2s Ad Ac] [2c]
23b2e9ea: shows [Td] (two pair, Aces and Tens)
*** SHOWDOWN ***
32f718df collected 53,260 from pot
*** SUMMARY ***
Total pot 53,260 | Rake 0 | Jackpot 0 | Bingo 0 | Fortune 0 | Tax 0
Board [Tc 2s Ad Ac 2c]
Seat 1: 9006b78f folded before Flop
Seat 3: Hero folded before Flop
Seat 4: 23b2e9ea folded on the Flop
Seat 5: fad5967c showed [As 7s] and lost with a full house, Aces full of Twos
Seat 6: 70f56ec2 (button) folded on the Flop
Seat 7: a254b9c8 (small blind) folded before Flop
Seat 8: 32f718df (big blind) showed [Ah Ts] and won (53,260) with a full house, Aces full of Tens


Poker Hand #TM5624740484: Tournament #265465424, Bounty Hunters Special $10.80 Hold'em No Limit - Level12(350/700(100)) - 2026/02/23 19:19:47
Table '82' 8-max Seat #5 is the button
Seat 1: 9006b78f (12,040 in chips)
Seat 2: d4abe371 (9,800 in chips)
Seat 3: Hero (29,143 in chips)
Seat 4: 23b2e9ea (101,654 in chips)
Seat 5: fad5967c (24,630 in chips)
Seat 6: 70f56ec2 (51,170 in chips)
Seat 7: a254b9c8 (11,885 in chips)
Seat 8: 32f718df (67,024 in chips)
d4abe371: posts the ante 100
Hero: posts the ante 100
fad5967c: posts the ante 100
23b2e9ea: posts the ante 100
70f56ec2: posts the ante 100
32f718df: posts the ante 100
a254b9c8: posts the ante 100
9006b78f: posts the ante 100
70f56ec2: posts small blind 350
a254b9c8: posts big blind 700
*** HOLE CARDS ***
Dealt to 9006b78f 
Dealt to d4abe371 
Dealt to Hero [Kc Ks]
Dealt to 23b2e9ea 
Dealt to fad5967c 
Dealt to 70f56ec2 
Dealt to a254b9c8 
Dealt to 32f718df 
32f718df: folds
9006b78f: folds
d4abe371: raises 9,000 to 9,700 and is all-in
Hero: raises 19,343 to 29,043 and is all-in
23b2e9ea: folds
fad5967c: folds
70f56ec2: folds
a254b9c8: folds
Uncalled bet (19,343) returned to Hero
Hero: shows [Kc Ks]
d4abe371: shows [As Tc]
*** FLOP *** [6c 3s 2d]
*** TURN *** [6c 3s 2d] [Js]
*** RIVER *** [6c 3s 2d Js] [9d]
*** SHOWDOWN ***
Hero collected 21,250 from pot
*** SUMMARY ***
Total pot 21,250 | Rake 0 | Jackpot 0 | Bingo 0 | Fortune 0 | Tax 0
Board [6c 3s 2d Js 9d]
Seat 1: 9006b78f folded before Flop
Seat 2: d4abe371 showed [As Tc] and lost with Ace high
Seat 3: Hero showed [Kc Ks] and won (21,250) with a pair of Kings
Seat 4: 23b2e9ea folded before Flop
Seat 5: fad5967c (button) folded before Flop
Seat 6: 70f56ec2 (small blind) folded before Flop
Seat 7: a254b9c8 (big blind) folded before Flop
Seat 8: 32f718df folded before Flop


Poker Hand #TM5624740468: Tournament #265465424, Bounty Hunters Special $10.80 Hold'em No Limit - Level12(350/700(100)) - 2026/02/23 19:18:30
Table '82' 8-max Seat #4 is the button
Seat 1: 9006b78f (12,140 in chips)
Seat 2: d4abe371 (9,900 in chips)
Seat 3: Hero (29,243 in chips)
Seat 4: 23b2e9ea (115,054 in chips)
Seat 5: fad5967c (25,080 in chips)
Seat 6: 70f56ec2 (36,820 in chips)
Seat 7: a254b9c8 (11,985 in chips)
Seat 8: 32f718df (67,124 in chips)
d4abe371: posts the ante 100
Hero: posts the ante 100
23b2e9ea: posts the ante 100
70f56ec2: posts the ante 100
fad5967c: posts the ante 100
32f718df: posts the ante 100
a254b9c8: posts the ante 100
9006b78f: posts the ante 100
fad5967c: posts small blind 350
70f56ec2: posts big blind 700
*** HOLE CARDS ***
Dealt to 9006b78f 
Dealt to d4abe371 
Dealt to Hero [4h Th]
Dealt to 23b2e9ea 
Dealt to fad5967c 
Dealt to 70f56ec2 
Dealt to a254b9c8 
Dealt to 32f718df 
a254b9c8: folds
32f718df: folds
9006b78f: folds
d4abe371: folds
Hero: folds
23b2e9ea: raises 1,050 to 1,750
fad5967c: folds
70f56ec2: calls 1,050
*** FLOP *** [Ts 5c Ad]
70f56ec2: checks
23b2e9ea: bets 1,400
70f56ec2: calls 1,400
*** TURN *** [Ts 5c Ad] [5d]
70f56ec2: checks
23b2e9ea: checks
*** RIVER *** [Ts 5c Ad 5d] [Jh]
70f56ec2: checks
23b2e9ea: bets 3,150
70f56ec2: raises 7,000 to 10,150
23b2e9ea: calls 7,000
70f56ec2: shows [As 9s] (two pair, Aces and Fives)
23b2e9ea: shows [Qd Qh] (two pair, Queens and Fives)
*** SHOWDOWN ***
70f56ec2 collected 27,750 from pot
*** SUMMARY ***
Total pot 27,750 | Rake 0 | Jackpot 0 | Bingo 0 | Fortune 0 | Tax 0
Board [Ts 5c Ad 5d Jh]
Seat 1: 9006b78f folded before Flop
Seat 2: d4abe371 folded before Flop
Seat 3: Hero folded before Flop
Seat 4: 23b2e9ea (button) showed [Qd Qh] and lost with two pair, Queens and Fives
Seat 5: fad5967c (small blind) folded before Flop
Seat 6: 70f56ec2 (big blind) showed [As 9s] and won (27,750) with two pair, Aces and Fives
Seat 7: a254b9c8 folded before Flop
Seat 8: 32f718df folded before Flop


Poker Hand #TM5624740461: Tournament #265465424, Bounty Hunters Special $10.80 Hold'em No Limit - Level12(350/700(100)) - 2026/02/23 19:17:54
Table '82' 8-max Seat #3 is the button
Seat 1: 9006b78f (12,240 in chips)
Seat 2: d4abe371 (10,000 in chips)
Seat 3: Hero (29,343 in chips)
Seat 4: 23b2e9ea (115,504 in chips)
Seat 5: fad5967c (26,580 in chips)
Seat 6: 70f56ec2 (34,370 in chips)
Seat 7: a254b9c8 (12,085 in chips)
Seat 8: 32f718df (67,224 in chips)
d4abe371: posts the ante 100
Hero: posts the ante 100
70f56ec2: posts the ante 100
fad5967c: posts the ante 100
23b2e9ea: posts the ante 100
32f718df: posts the ante 100
a254b9c8: posts the ante 100
9006b78f: posts the ante 100
23b2e9ea: posts small blind 350
fad5967c: posts big blind 700
*** HOLE CARDS ***
Dealt to 9006b78f 
Dealt to d4abe371 
Dealt to Hero [9h 4s]
Dealt to 23b2e9ea 
Dealt to fad5967c 
Dealt to 70f56ec2 
Dealt to a254b9c8 
Dealt to 32f718df 
70f56ec2: raises 700 to 1,400
a254b9c8: folds
32f718df: folds
9006b78f: folds
d4abe371: folds
Hero: folds
23b2e9ea: folds
fad5967c: calls 700
*** FLOP *** [6s Jd 4h]
fad5967c: checks
70f56ec2: bets 1,400
fad5967c: folds
Uncalled bet (1,400) returned to 70f56ec2
*** SHOWDOWN ***
70f56ec2 collected 3,950 from pot
*** SUMMARY ***
Total pot 3,950 | Rake 0 | Jackpot 0 | Bingo 0 | Fortune 0 | Tax 0
Board [6s Jd 4h]
Seat 1: 9006b78f folded before Flop
Seat 2: d4abe371 folded before Flop
Seat 3: Hero (button) folded before Flop
Seat 4: 23b2e9ea (small blind) folded before Flop
Seat 5: fad5967c (big blind) folded on the Flop
Seat 6: 70f56ec2 won (3,950)
Seat 7: a254b9c8 folded before Flop
Seat 8: 32f718df folded before Flop


Poker Hand #TM5624740452: Tournament #265465424, Bounty Hunters Special $10.80 Hold'em No Limit - Level12(350/700(100)) - 2026/02/23 19:17:04
Table '82' 8-max Seat #1 is the button
Seat 1: 9006b78f (12,340 in chips)
Seat 3: Hero (31,998 in chips)
Seat 4: 23b2e9ea (112,349 in chips)
Seat 5: fad5967c (26,680 in chips)
Seat 6: 70f56ec2 (34,470 in chips)
Seat 7: a254b9c8 (12,185 in chips)
Seat 8: 32f718df (67,324 in chips)
Hero: posts the ante 100
70f56ec2: posts the ante 100
fad5967c: posts the ante 100
23b2e9ea: posts the ante 100
32f718df: posts the ante 100
a254b9c8: posts the ante 100
9006b78f: posts the ante 100
Hero: posts small blind 350
23b2e9ea: posts big blind 700
*** HOLE CARDS ***
Dealt to 9006b78f 
Dealt to Hero [Td Kc]
Dealt to 23b2e9ea 
Dealt to fad5967c 
Dealt to 70f56ec2 
Dealt to a254b9c8 
Dealt to 32f718df 
fad5967c: folds
70f56ec2: folds
a254b9c8: folds
32f718df: folds
9006b78f: folds
Hero: raises 700 to 1,400
23b2e9ea: calls 700
*** FLOP *** [6d Jd 3c]
Hero: bets 1,155
23b2e9ea: calls 1,155
*** TURN *** [6d Jd 3c] [5c]
Hero: checks
23b2e9ea: checks
*** RIVER *** [6d Jd 3c 5c] [9d]
Hero: checks
23b2e9ea: bets 1,750
Hero: folds
Uncalled bet (1,750) returned to 23b2e9ea
*** SHOWDOWN ***
23b2e9ea collected 5,810 from pot
*** SUMMARY ***
Total pot 5,810 | Rake 0 | Jackpot 0 | Bingo 0 | Fortune 0 | Tax 0
Board [6d Jd 3c 5c 9d]
Seat 1: 9006b78f (button) folded before Flop
Seat 3: Hero (small blind) folded on the River
Seat 4: 23b2e9ea (big blind) won (5,810)
Seat 5: fad5967c folded before Flop
Seat 6: 70f56ec2 folded before Flop
Seat 7: a254b9c8 folded before Flop
Seat 8: 32f718df folded before Flop


Poker Hand #TM5624740442: Tournament #265465424, Bounty Hunters Special $10.80 Hold'em No Limit - Level12(350/700(100)) - 2026/02/23 19:16:18
Table '82' 8-max Seat #8 is the button
Seat 1: 9006b78f (12,790 in chips)
Seat 2: d5698946 (9,900 in chips)
Seat 3: Hero (21,148 in chips)
Seat 4: 23b2e9ea (112,449 in chips)
Seat 5: fad5967c (26,780 in chips)
Seat 6: 70f56ec2 (34,570 in chips)
Seat 7: a254b9c8 (12,285 in chips)
Seat 8: 32f718df (67,424 in chips)
d5698946: posts the ante 100
Hero: posts the ante 100
70f56ec2: posts the ante 100
fad5967c: posts the ante 100
23b2e9ea: posts the ante 100
32f718df: posts the ante 100
a254b9c8: posts the ante 100
9006b78f: posts the ante 100
9006b78f: posts small blind 350
d5698946: posts big blind 700
*** HOLE CARDS ***
Dealt to 9006b78f 
Dealt to d5698946 
Dealt to Hero [Jd Js]
Dealt to 23b2e9ea 
Dealt to fad5967c 
Dealt to 70f56ec2 
Dealt to a254b9c8 
Dealt to 32f718df 
Hero: raises 700 to 1,400
23b2e9ea: folds
fad5967c: folds
70f56ec2: folds
a254b9c8: folds
32f718df: folds
9006b78f: folds
d5698946: calls 700
*** FLOP *** [Kc 8h 7h]
d5698946: checks
Hero: checks
*** TURN *** [Kc 8h 7h] [3d]
d5698946: bets 1,975
Hero: calls 1,975
*** RIVER *** [Kc 8h 7h 3d] [Qd]
d5698946: bets 6,425 and is all-in
Hero: calls 6,425
d5698946: shows [Ad 9c] (Ace high)
Hero: shows [Jd Js] (a pair of Jacks)
*** SHOWDOWN ***
Hero collected 20,750 from pot
*** SUMMARY ***
Total pot 20,750 | Rake 0 | Jackpot 0 | Bingo 0 | Fortune 0 | Tax 0
Board [Kc 8h 7h 3d Qd]
Seat 1: 9006b78f (small blind) folded before Flop
Seat 2: d5698946 (big blind) showed [Ad 9c] and lost with Ace high
Seat 3: Hero showed [Jd Js] and won (20,750) with a pair of Jacks
Seat 4: 23b2e9ea folded before Flop
Seat 5: fad5967c folded before Flop
Seat 6: 70f56ec2 folded before Flop
Seat 7: a254b9c8 folded before Flop
Seat 8: 32f718df (button) folded before Flop


Poker Hand #TM5624740422: Tournament #265465424, Bounty Hunters Special $10.80 Hold'em No Limit - Level12(350/700(100)) - 2026/02/23 19:14:48
Table '82' 8-max Seat #7 is the button
Seat 1: 9006b78f (13,590 in chips)
Seat 2: d5698946 (10,000 in chips)
Seat 3: Hero (21,248 in chips)
Seat 4: 23b2e9ea (99,799 in chips)
Seat 5: fad5967c (26,880 in chips)
Seat 6: 70f56ec2 (34,670 in chips)
Seat 7: a254b9c8 (12,385 in chips)
Seat 8: 32f718df (78,774 in chips)
d5698946: posts the ante 100
Hero: posts the ante 100
70f56ec2: posts the ante 100
fad5967c: posts the ante 100
23b2e9ea: posts the ante 100
32f718df: posts the ante 100
a254b9c8: posts the ante 100
9006b78f: posts the ante 100
32f718df: posts small blind 350
9006b78f: posts big blind 700
*** HOLE CARDS ***
Dealt to 9006b78f 
Dealt to d5698946 
Dealt to Hero [2d 3d]
Dealt to 23b2e9ea 
Dealt to fad5967c 
Dealt to 70f56ec2 
Dealt to a254b9c8 
Dealt to 32f718df 
d5698946: folds
Hero: folds
23b2e9ea: raises 909 to 1,609
fad5967c: folds
70f56ec2: folds
a254b9c8: folds
32f718df: raises 3,641 to 5,250
9006b78f: folds
23b2e9ea: calls 3,641
*** FLOP *** [8d 6h Qc]
32f718df: bets 6,000
23b2e9ea: calls 6,000
*** TURN *** [8d 6h Qc] [5h]
32f718df: checks
23b2e9ea: checks
*** RIVER *** [8d 6h Qc 5h] [4c]
32f718df: checks
23b2e9ea: bets 24,150
32f718df: folds
Uncalled bet (24,150) returned to 23b2e9ea
*** SHOWDOWN ***
23b2e9ea collected 24,000 from pot
*** SUMMARY ***
Total pot 24,000 | Rake 0 | Jackpot 0 | Bingo 0 | Fortune 0 | Tax 0
Board [8d 6h Qc 5h 4c]
Seat 1: 9006b78f (big blind) folded before Flop
Seat 2: d5698946 folded before Flop
Seat 3: Hero folded before Flop
Seat 4: 23b2e9ea won (24,000)
Seat 5: fad5967c folded before Flop
Seat 6: 70f56ec2 folded before Flop
Seat 7: a254b9c8 (button) folded before Flop
Seat 8: 32f718df (small blind) folded on the River


Poker Hand #TM5624740405: Tournament #265465424, Bounty Hunters Special $10.80 Hold'em No Limit - Level12(350/700(100)) - 2026/02/23 19:13:30
Table '82' 8-max Seat #6 is the button
Seat 1: 9006b78f (13,690 in chips)
Seat 2: c1d66c3d (40,411 in chips)
Seat 3: Hero (21,348 in chips)
Seat 4: 23b2e9ea (99,899 in chips)
Seat 5: fad5967c (26,980 in chips)
Seat 6: 70f56ec2 (16,510 in chips)
Seat 7: a254b9c8 (12,835 in chips)
Seat 8: 32f718df (79,574 in chips)
Hero: posts the ante 100
70f56ec2: posts the ante 100
fad5967c: posts the ante 100
23b2e9ea: posts the ante 100
32f718df: posts the ante 100
a254b9c8: posts the ante 100
c1d66c3d: posts the ante 100
9006b78f: posts the ante 100
a254b9c8: posts small blind 350
32f718df: posts big blind 700
*** HOLE CARDS ***
Dealt to 9006b78f 
Dealt to c1d66c3d 
Dealt to Hero [Td 5d]
Dealt to 23b2e9ea 
Dealt to fad5967c 
Dealt to 70f56ec2 
Dealt to a254b9c8 
Dealt to 32f718df 
9006b78f: folds
c1d66c3d: raises 1,400 to 2,100
Hero: folds
23b2e9ea: folds
fad5967c: folds
70f56ec2: raises 3,150 to 5,250
a254b9c8: folds
32f718df: folds
c1d66c3d: raises 35,061 to 40,311 and is all-in
70f56ec2: calls 11,160 and is all-in
Uncalled bet (23,901) returned to c1d66c3d
c1d66c3d: shows [Ac Kc]
70f56ec2: shows [Ah Jc]
*** FLOP *** [9d 8d Tc]
*** TURN *** [9d 8d Tc] [Ks]
*** RIVER *** [9d 8d Tc Ks] [Qs]
*** SHOWDOWN ***
70f56ec2 collected 34,670 from pot
*** SUMMARY ***
Total pot 34,670 | Rake 0 | Jackpot 0 | Bingo 0 | Fortune 0 | Tax 0
Board [9d 8d Tc Ks Qs]
Seat 1: 9006b78f folded before Flop
Seat 2: c1d66c3d showed [Ac Kc] and lost with a pair of Kings
Seat 3: Hero folded before Flop
Seat 4: 23b2e9ea folded before Flop
Seat 5: fad5967c folded before Flop
Seat 6: 70f56ec2 (button) showed [Ah Jc] and won (34,670) with a straight, Ace to Ten
Seat 7: a254b9c8 (small blind) folded before Flop
Seat 8: 32f718df (big blind) folded before Flop


Poker Hand #TM5624740400: Tournament #265465424, Bounty Hunters Special $10.80 Hold'em No Limit - Level12(350/700(100)) - 2026/02/23 19:13:12
Table '82' 8-max Seat #5 is the button
Seat 1: 9006b78f (13,790 in chips)
Seat 2: c1d66c3d (40,511 in chips)
Seat 3: Hero (21,448 in chips)
Seat 4: 23b2e9ea (99,999 in chips)
Seat 5: fad5967c (27,080 in chips)
Seat 6: 70f56ec2 (16,960 in chips)
Seat 7: a254b9c8 (11,785 in chips)
Seat 8: 32f718df (79,674 in chips)
Hero: posts the ante 100
fad5967c: posts the ante 100
23b2e9ea: posts the ante 100
70f56ec2: posts the ante 100
32f718df: posts the ante 100
a254b9c8: posts the ante 100
c1d66c3d: posts the ante 100
9006b78f: posts the ante 100
70f56ec2: posts small blind 350
a254b9c8: posts big blind 700
*** HOLE CARDS ***
Dealt to 9006b78f 
Dealt to c1d66c3d 
Dealt to Hero [9d 7h]
Dealt to 23b2e9ea 
Dealt to fad5967c 
Dealt to 70f56ec2 
Dealt to a254b9c8 
Dealt to 32f718df 
32f718df: folds
9006b78f: folds
c1d66c3d: folds
Hero: folds
23b2e9ea: folds
fad5967c: folds
70f56ec2: folds
Uncalled bet (350) returned to a254b9c8
*** SHOWDOWN ***
a254b9c8 collected 1,500 from pot
*** SUMMARY ***
Total pot 1,500 | Rake 0 | Jackpot 0 | Bingo 0 | Fortune 0 | Tax 0
Seat 1: 9006b78f folded before Flop
Seat 2: c1d66c3d folded before Flop
Seat 3: Hero folded before Flop
Seat 4: 23b2e9ea folded before Flop
Seat 5: fad5967c (button) folded before Flop
Seat 6: 70f56ec2 (small blind) folded before Flop
Seat 7: a254b9c8 (big blind) collected (1,500)
Seat 8: 32f718df folded before Flop


Poker Hand #TM5624740387: Tournament #265465424, Bounty Hunters Special $10.80 Hold'em No Limit - Level12(350/700(100)) - 2026/02/23 19:12:28
Table '82' 8-max Seat #4 is the button
Seat 1: 9006b78f (13,890 in chips)
Seat 2: c1d66c3d (40,611 in chips)
Seat 3: Hero (21,548 in chips)
Seat 4: 23b2e9ea (117,339 in chips)
Seat 5: fad5967c (8,860 in chips)
Seat 6: 70f56ec2 (17,340 in chips)
Seat 7: a254b9c8 (11,885 in chips)
Seat 8: 32f718df (79,774 in chips)
Hero: posts the ante 100
23b2e9ea: posts the ante 100
70f56ec2: posts the ante 100
fad5967c: posts the ante 100
32f718df: posts the ante 100
a254b9c8: posts the ante 100
c1d66c3d: posts the ante 100
9006b78f: posts the ante 100
fad5967c: posts small blind 350
70f56ec2: posts big blind 700
*** HOLE CARDS ***
Dealt to 9006b78f 
Dealt to c1d66c3d 
Dealt to Hero [6d 4c]
Dealt to 23b2e9ea 
Dealt to fad5967c 
Dealt to 70f56ec2 
Dealt to a254b9c8 
Dealt to 32f718df 
a254b9c8: folds
32f718df: folds
9006b78f: folds
c1d66c3d: folds
Hero: folds
23b2e9ea: raises 116,539 to 117,239 and is all-in
fad5967c: calls 8,410 and is all-in
70f56ec2: calls 16,540 and is all-in
Uncalled bet (99,999) returned to 23b2e9ea
23b2e9ea: shows [4d 4h]
fad5967c: shows [As Js]
70f56ec2: shows [Jh Jc]
*** FLOP *** [Qs Ks 2s]
*** TURN *** [Qs Ks 2s] [8c]
*** RIVER *** [Qs Ks 2s 8c] [7c]
*** SHOWDOWN ***
fad5967c collected 27,080 from pot
70f56ec2 collected 16,960 from pot
*** SUMMARY ***
Total pot 44,040 | Rake 0 | Jackpot 0 | Bingo 0 | Fortune 0 | Tax 0
Board [Qs Ks 2s 8c 7c]
Seat 1: 9006b78f folded before Flop
Seat 2: c1d66c3d folded before Flop
Seat 3: Hero folded before Flop
Seat 4: 23b2e9ea (button) showed [4d 4h] and lost with a pair of Fours
Seat 5: fad5967c (small blind) showed [As Js] and won (27,080) with a flush Ace high
Seat 6: 70f56ec2 (big blind) showed [Jh Jc] and won (16,960) with a pair of Jacks
Seat 7: a254b9c8 folded before Flop
Seat 8: 32f718df folded before Flop


Poker Hand #TM5624740380: Tournament #265465424, Bounty Hunters Special $10.80 Hold'em No Limit - Level11(300/600(90)) - 2026/02/23 19:11:47
Table '82' 8-max Seat #3 is the button
Seat 1: 9006b78f (15,180 in chips)
Seat 2: c1d66c3d (41,901 in chips)
Seat 3: Hero (21,638 in chips)
Seat 4: 23b2e9ea (113,799 in chips)
Seat 5: fad5967c (9,550 in chips)
Seat 6: 70f56ec2 (17,430 in chips)
Seat 7: a254b9c8 (11,975 in chips)
Hero: posts the ante 90
70f56ec2: posts the ante 90
fad5967c: posts the ante 90
23b2e9ea: posts the ante 90
a254b9c8: posts the ante 90
c1d66c3d: posts the ante 90
9006b78f: posts the ante 90
23b2e9ea: posts small blind 300
fad5967c: posts big blind 600
*** HOLE CARDS ***
Dealt to 9006b78f 
Dealt to c1d66c3d 
Dealt to Hero [7h Jd]
Dealt to 23b2e9ea 
Dealt to fad5967c 
Dealt to 70f56ec2 
Dealt to a254b9c8 
70f56ec2: folds
a254b9c8: folds
9006b78f: raises 600 to 1,200
c1d66c3d: calls 1,200
Hero: folds
23b2e9ea: raises 3,600 to 4,800
fad5967c: folds
9006b78f: folds
c1d66c3d: folds
Uncalled bet (3,600) returned to 23b2e9ea
*** SHOWDOWN ***
23b2e9ea collected 4,830 from pot
*** SUMMARY ***
Total pot 4,830 | Rake 0 | Jackpot 0 | Bingo 0 | Fortune 0 | Tax 0
Seat 1: 9006b78f folded before Flop
Seat 2: c1d66c3d folded before Flop
Seat 3: Hero (button) folded before Flop
Seat 4: 23b2e9ea (small blind) collected (4,830)
Seat 5: fad5967c (big blind) folded before Flop
Seat 6: 70f56ec2 folded before Flop
Seat 7: a254b9c8 folded before Flop


Poker Hand #TM5624740365: Tournament #265465424, Bounty Hunters Special $10.80 Hold'em No Limit - Level11(300/600(90)) - 2026/02/23 19:10:53
Table '82' 8-max Seat #2 is the button
Seat 1: 9006b78f (15,270 in chips)
Seat 2: c1d66c3d (44,290 in chips)
Seat 3: Hero (22,028 in chips)
Seat 4: 23b2e9ea (110,660 in chips)
Seat 5: fad5967c (9,640 in chips)
Seat 6: 70f56ec2 (17,520 in chips)
Seat 7: a254b9c8 (12,065 in chips)
Hero: posts the ante 90
70f56ec2: posts the ante 90
fad5967c: posts the ante 90
23b2e9ea: posts the ante 90
a254b9c8: posts the ante 90
c1d66c3d: posts the ante 90
9006b78f: posts the ante 90
Hero: posts small blind 300
23b2e9ea: posts big blind 600
*** HOLE CARDS ***
Dealt to 9006b78f 
Dealt to c1d66c3d 
Dealt to Hero [7s Ah]
Dealt to 23b2e9ea 
Dealt to fad5967c 
Dealt to 70f56ec2 
Dealt to a254b9c8 
fad5967c: folds
70f56ec2: folds
a254b9c8: folds
9006b78f: folds
c1d66c3d: raises 600 to 1,200
Hero: folds
23b2e9ea: calls 600
*** FLOP *** [4h 5d As]
23b2e9ea: checks
c1d66c3d: bets 1,099
23b2e9ea: raises 1,601 to 2,700
c1d66c3d: folds
Uncalled bet (1,601) returned to 23b2e9ea
*** SHOWDOWN ***
23b2e9ea collected 5,528 from pot
*** SUMMARY ***
Total pot 5,528 | Rake 0 | Jackpot 0 | Bingo 0 | Fortune 0 | Tax 0
Board [4h 5d As]
Seat 1: 9006b78f folded before Flop
Seat 2: c1d66c3d (button) folded on the Flop
Seat 3: Hero (small blind) folded before Flop
Seat 4: 23b2e9ea (big blind) won (5,528)
Seat 5: fad5967c folded before Flop
Seat 6: 70f56ec2 folded before Flop
Seat 7: a254b9c8 folded before Flop


Poker Hand #TM5624740350: Tournament #265465424, Bounty Hunters Special $10.80 Hold'em No Limit - Level11(300/600(90)) - 2026/02/23 19:09:52
Table '82' 8-max Seat #1 is the button
Seat 1: 9006b78f (15,360 in chips)
Seat 2: c1d66c3d (38,236 in chips)
Seat 3: Hero (27,632 in chips)
Seat 4: 23b2e9ea (110,750 in chips)
Seat 5: fad5967c (9,730 in chips)
Seat 6: 70f56ec2 (17,610 in chips)
Seat 7: a254b9c8 (12,155 in chips)
Hero: posts the ante 90
70f56ec2: posts the ante 90
fad5967c: posts the ante 90
23b2e9ea: posts the ante 90
a254b9c8: posts the ante 90
c1d66c3d: posts the ante 90
9006b78f: posts the ante 90
c1d66c3d: posts small blind 300
Hero: posts big blind 600
*** HOLE CARDS ***
Dealt to 9006b78f 
Dealt to c1d66c3d 
Dealt to Hero [Ts Ac]
Dealt to 23b2e9ea 
Dealt to fad5967c 
Dealt to 70f56ec2 
Dealt to a254b9c8 
23b2e9ea: folds
fad5967c: folds
70f56ec2: folds
a254b9c8: folds
9006b78f: folds
c1d66c3d: calls 300
Hero: raises 1,200 to 1,800
c1d66c3d: calls 1,200
*** FLOP *** [Jh 8s 6d]
c1d66c3d: bets 1,396
Hero: calls 1,396
*** TURN *** [Jh 8s 6d] [Kd]
c1d66c3d: bets 2,318
Hero: calls 2,318
*** RIVER *** [Jh 8s 6d Kd] [5s]
c1d66c3d: checks
Hero: checks
c1d66c3d: shows [As 6s] (a pair of Sixes)
Hero: shows [Ts Ac] (Ace high)
*** SHOWDOWN ***
c1d66c3d collected 11,658 from pot
*** SUMMARY ***
Total pot 11,658 | Rake 0 | Jackpot 0 | Bingo 0 | Fortune 0 | Tax 0
Board [Jh 8s 6d Kd 5s]
Seat 1: 9006b78f (button) folded before Flop
Seat 2: c1d66c3d (small blind) showed [As 6s] and won (11,658) with a pair of Sixes
Seat 3: Hero (big blind) showed [Ts Ac] and lost with Ace high
Seat 4: 23b2e9ea folded before Flop
Seat 5: fad5967c folded before Flop
Seat 6: 70f56ec2 folded before Flop
Seat 7: a254b9c8 folded before Flop


Poker Hand #TM5624740337: Tournament #265465424, Bounty Hunters Special $10.80 Hold'em No Limit - Level11(300/600(90)) - 2026/02/23 19:09:01
Table '82' 8-max Seat #8 is the button
Seat 1: 9006b78f (15,750 in chips)
Seat 2: c1d66c3d (38,926 in chips)
Seat 3: Hero (27,722 in chips)
Seat 4: 23b2e9ea (99,585 in chips)
Seat 5: fad5967c (9,820 in chips)
Seat 6: 70f56ec2 (17,700 in chips)
Seat 7: a254b9c8 (12,245 in chips)
Seat 8: 4b537038 (9,725 in chips)
Hero: posts the ante 90
70f56ec2: posts the ante 90
fad5967c: posts the ante 90
23b2e9ea: posts the ante 90
a254b9c8: posts the ante 90
c1d66c3d: posts the ante 90
4b537038: posts the ante 90
9006b78f: posts the ante 90
9006b78f: posts small blind 300
c1d66c3d: posts big blind 600
*** HOLE CARDS ***
Dealt to 9006b78f 
Dealt to c1d66c3d 
Dealt to Hero [3d 8d]
Dealt to 23b2e9ea 
Dealt to fad5967c 
Dealt to 70f56ec2 
Dealt to a254b9c8 
Dealt to 4b537038 
Hero: folds
23b2e9ea: raises 600 to 1,200
fad5967c: folds
70f56ec2: folds
a254b9c8: folds
4b537038: raises 8,435 to 9,635 and is all-in
9006b78f: folds
c1d66c3d: folds
23b2e9ea: calls 8,435
4b537038: shows [3c 3h]
23b2e9ea: shows [Ah 6s]
*** FLOP *** [7d 6h 5d]
*** TURN *** [7d 6h 5d] [2c]
*** RIVER *** [7d 6h 5d 2c] [6d]
*** SHOWDOWN ***
23b2e9ea collected 20,890 from pot
*** SUMMARY ***
Total pot 20,890 | Rake 0 | Jackpot 0 | Bingo 0 | Fortune 0 | Tax 0
Board [7d 6h 5d 2c 6d]
Seat 1: 9006b78f (small blind) folded before Flop
Seat 2: c1d66c3d (big blind) folded before Flop
Seat 3: Hero folded before Flop
Seat 4: 23b2e9ea showed [Ah 6s] and won (20,890) with three of a kind, Sixes
Seat 5: fad5967c folded before Flop
Seat 6: 70f56ec2 folded before Flop
Seat 7: a254b9c8 folded before Flop
Seat 8: 4b537038 (button) showed [3c 3h] and lost with two pair, Sixes and Threes


Poker Hand #TM5624740329: Tournament #265465424, Bounty Hunters Special $10.80 Hold'em No Limit - Level11(300/600(90)) - 2026/02/23 19:08:17
Table '82' 8-max Seat #7 is the button
Seat 1: 9006b78f (17,173 in chips)
Seat 2: c1d66c3d (36,663 in chips)
Seat 3: Hero (27,812 in chips)
Seat 4: 23b2e9ea (99,675 in chips)
Seat 5: fad5967c (9,910 in chips)
Seat 6: 70f56ec2 (17,790 in chips)
Seat 7: a254b9c8 (12,335 in chips)
Seat 8: 4b537038 (10,115 in chips)
Hero: posts the ante 90
70f56ec2: posts the ante 90
fad5967c: posts the ante 90
23b2e9ea: posts the ante 90
a254b9c8: posts the ante 90
c1d66c3d: posts the ante 90
9006b78f: posts the ante 90
4b537038: posts the ante 90
4b537038: posts small blind 300
9006b78f: posts big blind 600
*** HOLE CARDS ***
Dealt to 9006b78f 
Dealt to c1d66c3d 
Dealt to Hero [7s Kc]
Dealt to 23b2e9ea 
Dealt to fad5967c 
Dealt to 70f56ec2 
Dealt to a254b9c8 
Dealt to 4b537038 
c1d66c3d: calls 600
Hero: folds
23b2e9ea: folds
fad5967c: folds
70f56ec2: folds
a254b9c8: folds
4b537038: folds
9006b78f: checks
*** FLOP *** [7d 5d 8s]
9006b78f: checks
c1d66c3d: bets 733
9006b78f: calls 733
*** TURN *** [7d 5d 8s] [7c]
9006b78f: checks
c1d66c3d: checks
*** RIVER *** [7d 5d 8s 7c] [Ad]
9006b78f: checks
c1d66c3d: checks
9006b78f: shows [3c 8h] (two pair, Eights and Sevens)
c1d66c3d: shows [As Tc] (two pair, Aces and Sevens)
*** SHOWDOWN ***
c1d66c3d collected 3,686 from pot
*** SUMMARY ***
Total pot 3,686 | Rake 0 | Jackpot 0 | Bingo 0 | Fortune 0 | Tax 0
Board [7d 5d 8s 7c Ad]
Seat 1: 9006b78f (big blind) showed [3c 8h] and lost with two pair, Eights and Sevens
Seat 2: c1d66c3d showed [As Tc] and won (3,686) with two pair, Aces and Sevens
Seat 3: Hero folded before Flop
Seat 4: 23b2e9ea folded before Flop
Seat 5: fad5967c folded before Flop
Seat 6: 70f56ec2 folded before Flop
Seat 7: a254b9c8 (button) folded before Flop
Seat 8: 4b537038 (small blind) folded before Flop


Poker Hand #TM5624740321: Tournament #265465424, Bounty Hunters Special $10.80 Hold'em No Limit - Level11(300/600(90)) - 2026/02/23 19:07:48
Table '82' 8-max Seat #6 is the button
Seat 1: 9006b78f (17,263 in chips)
Seat 2: c1d66c3d (36,753 in chips)
Seat 3: Hero (26,282 in chips)
Seat 4: 23b2e9ea (99,765 in chips)
Seat 5: fad5967c (10,000 in chips)
Seat 6: 70f56ec2 (17,880 in chips)
Seat 7: a254b9c8 (12,725 in chips)
Seat 8: 4b537038 (10,805 in chips)
Hero: posts the ante 90
70f56ec2: posts the ante 90
fad5967c: posts the ante 90
23b2e9ea: posts the ante 90
a254b9c8: posts the ante 90
c1d66c3d: posts the ante 90
9006b78f: posts the ante 90
4b537038: posts the ante 90
a254b9c8: posts small blind 300
4b537038: posts big blind 600
*** HOLE CARDS ***
Dealt to 9006b78f 
Dealt to c1d66c3d 
Dealt to Hero [Tc Ah]
Dealt to 23b2e9ea 
Dealt to fad5967c 
Dealt to 70f56ec2 
Dealt to a254b9c8 
Dealt to 4b537038 
9006b78f: folds
c1d66c3d: folds
Hero: raises 600 to 1,200
23b2e9ea: folds
fad5967c: folds
70f56ec2: folds
a254b9c8: folds
4b537038: folds
Uncalled bet (600) returned to Hero
*** SHOWDOWN ***
Hero collected 2,220 from pot
*** SUMMARY ***
Total pot 2,220 | Rake 0 | Jackpot 0 | Bingo 0 | Fortune 0 | Tax 0
Seat 1: 9006b78f folded before Flop
Seat 2: c1d66c3d folded before Flop
Seat 3: Hero collected (2,220)
Seat 4: 23b2e9ea folded before Flop
Seat 5: fad5967c folded before Flop
Seat 6: 70f56ec2 (button) folded before Flop
Seat 7: a254b9c8 (small blind) folded before Flop
Seat 8: 4b537038 (big blind) folded before Flop


Poker Hand #TM5624740301: Tournament #265465424, Bounty Hunters Special $10.80 Hold'em No Limit - Level11(300/600(90)) - 2026/02/23 19:06:35
Table '82' 8-max Seat #4 is the button
Seat 1: 9006b78f (17,353 in chips)
Seat 2: c1d66c3d (36,843 in chips)
Seat 3: Hero (26,372 in chips)
Seat 4: 23b2e9ea (101,830 in chips)
Seat 6: 70f56ec2 (18,270 in chips)
Seat 7: a254b9c8 (9,910 in chips)
Seat 8: 4b537038 (10,895 in chips)
Hero: posts the ante 90
23b2e9ea: posts the ante 90
70f56ec2: posts the ante 90
a254b9c8: posts the ante 90
c1d66c3d: posts the ante 90
9006b78f: posts the ante 90
4b537038: posts the ante 90
70f56ec2: posts small blind 300
a254b9c8: posts big blind 600
*** HOLE CARDS ***
Dealt to 9006b78f 
Dealt to c1d66c3d 
Dealt to Hero [Ac 3s]
Dealt to 23b2e9ea 
Dealt to 70f56ec2 
Dealt to a254b9c8 
Dealt to 4b537038 
4b537038: folds
9006b78f: folds
c1d66c3d: folds
Hero: folds
23b2e9ea: raises 600 to 1,200
70f56ec2: folds
a254b9c8: calls 600
*** FLOP *** [2h Ts 8d]
a254b9c8: checks
23b2e9ea: checks
*** TURN *** [2h Ts 8d] [6h]
a254b9c8: bets 775
23b2e9ea: calls 775
*** RIVER *** [2h Ts 8d 6h] [5s]
a254b9c8: checks
23b2e9ea: checks
a254b9c8: shows [Ad 9s] (Ace high)
23b2e9ea: shows [Js 7h] (Jack high)
*** SHOWDOWN ***
a254b9c8 collected 4,880 from pot
*** SUMMARY ***
Total pot 4,880 | Rake 0 | Jackpot 0 | Bingo 0 | Fortune 0 | Tax 0
Board [2h Ts 8d 6h 5s]
Seat 1: 9006b78f folded before Flop
Seat 2: c1d66c3d folded before Flop
Seat 3: Hero folded before Flop
Seat 4: 23b2e9ea (button) showed [Js 7h] and lost with Jack high
Seat 6: 70f56ec2 (small blind) folded before Flop
Seat 7: a254b9c8 (big blind) showed [Ad 9s] and won (4,880) with Ace high
Seat 8: 4b537038 folded before Flop


Poker Hand #TM5624740289: Tournament #265465424, Bounty Hunters Special $10.80 Hold'em No Limit - Level11(300/600(90)) - 2026/02/23 19:05:47
Table '82' 8-max Seat #3 is the button
Seat 1: 9006b78f (26,113 in chips)
Seat 2: c1d66c3d (36,933 in chips)
Seat 3: Hero (26,462 in chips)
Seat 4: 23b2e9ea (102,220 in chips)
Seat 6: 70f56ec2 (8,760 in chips)
Seat 7: a254b9c8 (10,000 in chips)
Seat 8: 4b537038 (10,985 in chips)
Hero: posts the ante 90
70f56ec2: posts the ante 90
23b2e9ea: posts the ante 90
a254b9c8: posts the ante 90
c1d66c3d: posts the ante 90
9006b78f: posts the ante 90
4b537038: posts the ante 90
23b2e9ea: posts small blind 300
70f56ec2: posts big blind 600
*** HOLE CARDS ***
Dealt to 9006b78f 
Dealt to c1d66c3d 
Dealt to Hero [Qh 7s]
Dealt to 23b2e9ea 
Dealt to 70f56ec2 
Dealt to a254b9c8 
Dealt to 4b537038 
a254b9c8: folds
4b537038: folds
9006b78f: raises 600 to 1,200
c1d66c3d: folds
Hero: folds
23b2e9ea: folds
70f56ec2: raises 7,470 to 8,670 and is all-in
9006b78f: calls 7,470
70f56ec2: shows [4s 4h]
9006b78f: shows [4d 5d]
*** FLOP *** [As 3c Qc]
*** TURN *** [As 3c Qc] [Ac]
*** RIVER *** [As 3c Qc Ac] [9c]
*** SHOWDOWN ***
70f56ec2 collected 18,270 from pot
*** SUMMARY ***
Total pot 18,270 | Rake 0 | Jackpot 0 | Bingo 0 | Fortune 0 | Tax 0
Board [As 3c Qc Ac 9c]
Seat 1: 9006b78f showed [4d 5d] and lost with a pair of Aces
Seat 2: c1d66c3d folded before Flop
Seat 3: Hero (button) folded before Flop
Seat 4: 23b2e9ea (small blind) folded before Flop
Seat 6: 70f56ec2 (big blind) showed [4s 4h] and won (18,270) with two pair, Aces and Fours
Seat 7: a254b9c8 folded before Flop
Seat 8: 4b537038 folded before Flop


Poker Hand #TM5624740273: Tournament #265465424, Bounty Hunters Special $10.80 Hold'em No Limit - Level11(300/600(90)) - 2026/02/23 19:04:36
Table '82' 8-max Seat #2 is the button
Seat 1: 9006b78f (26,203 in chips)
Seat 2: c1d66c3d (37,023 in chips)
Seat 3: Hero (26,852 in chips)
Seat 4: 23b2e9ea (52,416 in chips)
Seat 5: 88dfecf9 (34,172 in chips)
Seat 6: 70f56ec2 (8,850 in chips)
Seat 8: 125d70cf (14,972 in chips)
Hero: posts the ante 90
70f56ec2: posts the ante 90
88dfecf9: posts the ante 90
23b2e9ea: posts the ante 90
125d70cf: posts the ante 90
c1d66c3d: posts the ante 90
9006b78f: posts the ante 90
Hero: posts small blind 300
23b2e9ea: posts big blind 600
*** HOLE CARDS ***
Dealt to 9006b78f 
Dealt to c1d66c3d 
Dealt to Hero [6s 5d]
Dealt to 23b2e9ea 
Dealt to 88dfecf9 
Dealt to 70f56ec2 
Dealt to 125d70cf 
88dfecf9: raises 600 to 1,200
70f56ec2: folds
125d70cf: raises 13,682 to 14,882 and is all-in
9006b78f: folds
c1d66c3d: folds
Hero: folds
23b2e9ea: raises 37,444 to 52,326 and is all-in
88dfecf9: calls 32,882 and is all-in
Uncalled bet (18,244) returned to 23b2e9ea
23b2e9ea: shows [Tc Th]
88dfecf9: shows [As Kc]
125d70cf: shows [Qd Ac]
*** FLOP *** [2s 5s 7s]
*** TURN *** [2s 5s 7s] [Jc]
*** RIVER *** [2s 5s 7s Jc] [4c]
*** SHOWDOWN ***
23b2e9ea collected 45,576 from pot
23b2e9ea collected 38,400 from pot
*** SUMMARY ***
Total pot 83,976 | Rake 0 | Jackpot 0 | Bingo 0 | Fortune 0 | Tax 0
Board [2s 5s 7s Jc 4c]
Seat 1: 9006b78f folded before Flop
Seat 2: c1d66c3d (button) folded before Flop
Seat 3: Hero (small blind) folded before Flop
Seat 4: 23b2e9ea (big blind) showed [Tc Th] and won (83,976) with a pair of Tens
Seat 5: 88dfecf9 showed [As Kc] and lost with Ace high
Seat 6: 70f56ec2 folded before Flop
Seat 8: 125d70cf showed [Qd Ac] and lost with Ace high


Poker Hand #TM5624740250: Tournament #265465424, Bounty Hunters Special $10.80 Hold'em No Limit - Level10(250/500(75)) - 2026/02/23 19:03:21
Table '82' 8-max Seat #8 is the button
Seat 2: c1d66c3d (13,759 in chips)
Seat 3: Hero (27,427 in chips)
Seat 4: 23b2e9ea (66,175 in chips)
Seat 5: 88dfecf9 (34,247 in chips)
Seat 6: 70f56ec2 (9,925 in chips)
Seat 7: 570757fc (7,705 in chips)
Seat 8: 125d70cf (15,047 in chips)
Hero: posts the ante 75
70f56ec2: posts the ante 75
88dfecf9: posts the ante 75
23b2e9ea: posts the ante 75
570757fc: posts the ante 75
125d70cf: posts the ante 75
c1d66c3d: posts the ante 75
c1d66c3d: posts small blind 250
Hero: posts big blind 500
*** HOLE CARDS ***
Dealt to c1d66c3d 
Dealt to Hero [Ah 5d]
Dealt to 23b2e9ea 
Dealt to 88dfecf9 
Dealt to 70f56ec2 
Dealt to 570757fc 
Dealt to 125d70cf 
23b2e9ea: raises 500 to 1,000
88dfecf9: folds
70f56ec2: calls 1,000
570757fc: calls 1,000
125d70cf: folds
c1d66c3d: raises 12,684 to 13,684 and is all-in
Hero: folds
23b2e9ea: calls 12,684
70f56ec2: folds
570757fc: calls 6,630 and is all-in
c1d66c3d: shows [As Qd]
23b2e9ea: shows [7d 7c]
570757fc: shows [9h Td]
*** FLOP *** [5h 6d 4d]
*** TURN *** [5h 6d 4d] [9d]
*** RIVER *** [5h 6d 4d 9d] [Jd]
*** SHOWDOWN ***
c1d66c3d collected 24,915 from pot
c1d66c3d collected 12,108 from pot
*** SUMMARY ***
Total pot 37,023 | Rake 0 | Jackpot 0 | Bingo 0 | Fortune 0 | Tax 0
Board [5h 6d 4d 9d Jd]
Seat 2: c1d66c3d (small blind) showed [As Qd] and won (37,023) with a flush Queen high
Seat 3: Hero (big blind) folded before Flop
Seat 4: 23b2e9ea showed [7d 7c] and lost with a flush Jack high
Seat 5: 88dfecf9 folded before Flop
Seat 6: 70f56ec2 folded before Flop
Seat 7: 570757fc showed [9h Td] and lost with a flush Jack high
Seat 8: 125d70cf (button) folded before Flop


Poker Hand #TM5624740240: Tournament #265465424, Bounty Hunters Special $10.80 Hold'em No Limit - Level10(250/500(75)) - 2026/02/23 19:02:30
Table '82' 8-max Seat #7 is the button
Seat 2: c1d66c3d (15,750 in chips)
Seat 3: Hero (24,811 in chips)
Seat 4: 23b2e9ea (66,250 in chips)
Seat 5: 88dfecf9 (34,322 in chips)
Seat 6: 70f56ec2 (10,000 in chips)
Seat 7: 570757fc (7,780 in chips)
Seat 8: 125d70cf (15,372 in chips)
Hero: posts the ante 75
70f56ec2: posts the ante 75
88dfecf9: posts the ante 75
23b2e9ea: posts the ante 75
570757fc: posts the ante 75
125d70cf: posts the ante 75
c1d66c3d: posts the ante 75
125d70cf: posts small blind 250
c1d66c3d: posts big blind 500
*** HOLE CARDS ***
Dealt to c1d66c3d 
Dealt to Hero [6d 7d]
Dealt to 23b2e9ea 
Dealt to 88dfecf9 
Dealt to 70f56ec2 
Dealt to 570757fc 
Dealt to 125d70cf 
Hero: raises 500 to 1,000
23b2e9ea: folds
88dfecf9: folds
70f56ec2: folds
570757fc: folds
125d70cf: folds
c1d66c3d: calls 500
*** FLOP *** [3c Tc 4s]
c1d66c3d: checks
Hero: checks
*** TURN *** [3c Tc 4s] [Qc]
c1d66c3d: bets 916
Hero: raises 1,521 to 2,437
c1d66c3d: folds
Uncalled bet (1,521) returned to Hero
*** SHOWDOWN ***
Hero collected 4,607 from pot
*** SUMMARY ***
Total pot 4,607 | Rake 0 | Jackpot 0 | Bingo 0 | Fortune 0 | Tax 0
Board [3c Tc 4s Qc]
Seat 2: c1d66c3d (big blind) folded on the Turn
Seat 3: Hero won (4,607)
Seat 4: 23b2e9ea folded before Flop
Seat 5: 88dfecf9 folded before Flop
Seat 6: 70f56ec2 folded before Flop
Seat 7: 570757fc (button) folded before Flop
Seat 8: 125d70cf (small blind) folded before Flop


Poker Hand #TM5624740230: Tournament #265465424, Bounty Hunters Special $10.80 Hold'em No Limit - Level10(250/500(75)) - 2026/02/23 19:02:01
Table '82' 8-max Seat #5 is the button
Seat 1: c8a1a868 (9,925 in chips)
Seat 2: c1d66c3d (15,825 in chips)
Seat 3: Hero (23,611 in chips)
Seat 4: 23b2e9ea (66,325 in chips)
Seat 5: 88dfecf9 (34,397 in chips)
Seat 7: 570757fc (8,105 in chips)
Seat 8: 125d70cf (15,947 in chips)
c8a1a868: posts the ante 75
Hero: posts the ante 75
88dfecf9: posts the ante 75
23b2e9ea: posts the ante 75
570757fc: posts the ante 75
125d70cf: posts the ante 75
c1d66c3d: posts the ante 75
570757fc: posts small blind 250
125d70cf: posts big blind 500
*** HOLE CARDS ***
Dealt to c8a1a868 
Dealt to c1d66c3d 
Dealt to Hero [4c 4d]
Dealt to 23b2e9ea 
Dealt to 88dfecf9 
Dealt to 570757fc 
Dealt to 125d70cf 
c8a1a868: folds
c1d66c3d: folds
Hero: raises 500 to 1,000
23b2e9ea: folds
88dfecf9: folds
570757fc: folds
125d70cf: folds
Uncalled bet (500) returned to Hero
*** SHOWDOWN ***
Hero collected 1,775 from pot
*** SUMMARY ***
Total pot 1,775 | Rake 0 | Jackpot 0 | Bingo 0 | Fortune 0 | Tax 0
Seat 1: c8a1a868 folded before Flop
Seat 2: c1d66c3d folded before Flop
Seat 3: Hero collected (1,775)
Seat 4: 23b2e9ea folded before Flop
Seat 5: 88dfecf9 (button) folded before Flop
Seat 7: 570757fc (small blind) folded before Flop
Seat 8: 125d70cf (big blind) folded before Flop


Poker Hand #TM5624740210: Tournament #265465424, Bounty Hunters Special $10.80 Hold'em No Limit - Level10(250/500(75)) - 2026/02/23 18:54:27
Table '82' 8-max Seat #4 is the button
Seat 1: c8a1a868 (10,000 in chips)
Seat 2: c1d66c3d (7,350 in chips)
Seat 3: Hero (23,686 in chips)
Seat 4: 23b2e9ea (73,675 in chips)
Seat 5: 88dfecf9 (34,722 in chips)
Seat 7: 570757fc (8,680 in chips)
Seat 8: 125d70cf (16,022 in chips)
c8a1a868: posts the ante 75
Hero: posts the ante 75
23b2e9ea: posts the ante 75
88dfecf9: posts the ante 75
570757fc: posts the ante 75
125d70cf: posts the ante 75
c1d66c3d: posts the ante 75
88dfecf9: posts small blind 250
570757fc: posts big blind 500
*** HOLE CARDS ***
Dealt to c8a1a868 
Dealt to c1d66c3d 
Dealt to Hero [3h 4d]
Dealt to 23b2e9ea 
Dealt to 88dfecf9 
Dealt to 570757fc 
Dealt to 125d70cf 
125d70cf: folds
c8a1a868: folds
c1d66c3d: raises 6,775 to 7,275 and is all-in
Hero: folds
23b2e9ea: raises 11,225 to 18,500
88dfecf9: folds
570757fc: folds
Uncalled bet (11,225) returned to 23b2e9ea
23b2e9ea: shows [3s 3c]
c1d66c3d: shows [7s 7d]
*** FLOP *** [Tc Kh Ks]
*** TURN *** [Tc Kh Ks] [8s]
*** RIVER *** [Tc Kh Ks 8s] [Ac]
*** SHOWDOWN ***
c1d66c3d collected 15,825 from pot
*** SUMMARY ***
Total pot 15,825 | Rake 0 | Jackpot 0 | Bingo 0 | Fortune 0 | Tax 0
Board [Tc Kh Ks 8s Ac]
Seat 1: c8a1a868 folded before Flop
Seat 2: c1d66c3d showed [7s 7d] and won (15,825) with two pair, Kings and Sevens
Seat 3: Hero folded before Flop
Seat 4: 23b2e9ea (button) showed [3s 3c] and lost with two pair, Kings and Threes
Seat 5: 88dfecf9 (small blind) folded before Flop
Seat 7: 570757fc (big blind) folded before Flop
Seat 8: 125d70cf folded before Flop


Poker Hand #TM5624740195: Tournament #265465424, Bounty Hunters Special $10.80 Hold'em No Limit - Level10(250/500(75)) - 2026/02/23 18:53:28
Table '82' 8-max Seat #3 is the button
Seat 2: c1d66c3d (7,425 in chips)
Seat 3: Hero (23,761 in chips)
Seat 4: 23b2e9ea (59,982 in chips)
Seat 5: 88dfecf9 (35,297 in chips)
Seat 6: 512434d8 (12,818 in chips)
Seat 7: 570757fc (8,755 in chips)
Seat 8: 125d70cf (16,097 in chips)
Hero: posts the ante 75
88dfecf9: posts the ante 75
23b2e9ea: posts the ante 75
570757fc: posts the ante 75
125d70cf: posts the ante 75
c1d66c3d: posts the ante 75
512434d8: posts the ante 75
23b2e9ea: posts small blind 250
88dfecf9: posts big blind 500
*** HOLE CARDS ***
Dealt to c1d66c3d 
Dealt to Hero [Kc 3h]
Dealt to 23b2e9ea 
Dealt to 88dfecf9 
Dealt to 512434d8 
Dealt to 570757fc 
Dealt to 125d70cf 
512434d8: calls 500
570757fc: folds
125d70cf: folds
c1d66c3d: folds
Hero: folds
23b2e9ea: raises 1,500 to 2,000
88dfecf9: folds
512434d8: calls 1,500
*** FLOP *** [Th 9s 8s]
23b2e9ea: checks
512434d8: bets 1,659
23b2e9ea: calls 1,659
*** TURN *** [Th 9s 8s] [Jh]
23b2e9ea: checks
512434d8: checks
*** RIVER *** [Th 9s 8s Jh] [2h]
23b2e9ea: bets 9,500
512434d8: calls 9,084 and is all-in
Uncalled bet (416) returned to 23b2e9ea
23b2e9ea: shows [Ad 7c] (a straight, Jack to Seven)
512434d8: shows [Ts Jc] (two pair, Jacks and Tens)
*** SHOWDOWN ***
23b2e9ea collected 26,511 from pot
*** SUMMARY ***
Total pot 26,511 | Rake 0 | Jackpot 0 | Bingo 0 | Fortune 0 | Tax 0
Board [Th 9s 8s Jh 2h]
Seat 2: c1d66c3d folded before Flop
Seat 3: Hero (button) folded before Flop
Seat 4: 23b2e9ea (small blind) showed [Ad 7c] and won (26,511) with a straight, Jack to Seven
Seat 5: 88dfecf9 (big blind) folded before Flop
Seat 6: 512434d8 showed [Ts Jc] and lost with two pair, Jacks and Tens
Seat 7: 570757fc folded before Flop
Seat 8: 125d70cf folded before Flop


Poker Hand #TM5624740187: Tournament #265465424, Bounty Hunters Special $10.80 Hold'em No Limit - Level10(250/500(75)) - 2026/02/23 18:53:15
Table '82' 8-max Seat #2 is the button
Seat 2: c1d66c3d (7,500 in chips)
Seat 3: Hero (24,086 in chips)
Seat 4: 23b2e9ea (59,282 in chips)
Seat 5: 88dfecf9 (35,372 in chips)
Seat 6: 512434d8 (12,893 in chips)
Seat 7: 570757fc (8,830 in chips)
Seat 8: 125d70cf (16,172 in chips)
Hero: posts the ante 75
88dfecf9: posts the ante 75
23b2e9ea: posts the ante 75
570757fc: posts the ante 75
125d70cf: posts the ante 75
c1d66c3d: posts the ante 75
512434d8: posts the ante 75
Hero: posts small blind 250
23b2e9ea: posts big blind 500
*** HOLE CARDS ***
Dealt to c1d66c3d 
Dealt to Hero [2d 8h]
Dealt to 23b2e9ea 
Dealt to 88dfecf9 
Dealt to 512434d8 
Dealt to 570757fc 
Dealt to 125d70cf 
88dfecf9: folds
512434d8: folds
570757fc: folds
125d70cf: folds
c1d66c3d: folds
Hero: folds
Uncalled bet (250) returned to 23b2e9ea
*** SHOWDOWN ***
23b2e9ea collected 1,025 from pot
*** SUMMARY ***
Total pot 1,025 | Rake 0 | Jackpot 0 | Bingo 0 | Fortune 0 | Tax 0
Seat 2: c1d66c3d (button) folded before Flop
Seat 3: Hero (small blind) folded before Flop
Seat 4: 23b2e9ea (big blind) showed [Kc Ac] and collected (1,025)
Seat 5: 88dfecf9 folded before Flop
Seat 6: 512434d8 folded before Flop
Seat 7: 570757fc folded before Flop
Seat 8: 125d70cf folded before Flop


Poker Hand #TM5624740177: Tournament #265465424, Bounty Hunters Special $10.80 Hold'em No Limit - Level10(250/500(75)) - 2026/02/23 18:52:18
Table '82' 8-max Seat #8 is the button
Seat 1: 9d1bb745 (5,030 in chips)
Seat 2: c1d66c3d (8,075 in chips)
Seat 3: Hero (24,161 in chips)
Seat 4: 23b2e9ea (53,302 in chips)
Seat 5: 88dfecf9 (35,447 in chips)
Seat 6: 512434d8 (12,968 in chips)
Seat 7: 570757fc (8,905 in chips)
Seat 8: 125d70cf (16,247 in chips)
Hero: posts the ante 75
88dfecf9: posts the ante 75
23b2e9ea: posts the ante 75
570757fc: posts the ante 75
125d70cf: posts the ante 75
512434d8: posts the ante 75
c1d66c3d: posts the ante 75
9d1bb745: posts the ante 75
9d1bb745: posts small blind 250
c1d66c3d: posts big blind 500
*** HOLE CARDS ***
Dealt to 9d1bb745 
Dealt to c1d66c3d 
Dealt to Hero [3s Jh]
Dealt to 23b2e9ea 
Dealt to 88dfecf9 
Dealt to 512434d8 
Dealt to 570757fc 
Dealt to 125d70cf 
Hero: folds
23b2e9ea: raises 750 to 1,250
88dfecf9: folds
512434d8: folds
570757fc: folds
125d70cf: folds
9d1bb745: raises 3,705 to 4,955 and is all-in
c1d66c3d: folds
23b2e9ea: calls 3,705
9d1bb745: shows [Jd Td]
23b2e9ea: shows [Jc 5c]
*** FLOP *** [3c 2c 7d]
*** TURN *** [3c 2c 7d] [8s]
*** RIVER *** [3c 2c 7d 8s] [Qc]
*** SHOWDOWN ***
23b2e9ea collected 11,010 from pot
*** SUMMARY ***
Total pot 11,010 | Rake 0 | Jackpot 0 | Bingo 0 | Fortune 0 | Tax 0
Board [3c 2c 7d 8s Qc]
Seat 1: 9d1bb745 (small blind) showed [Jd Td] and lost with Queen high
Seat 2: c1d66c3d (big blind) folded before Flop
Seat 3: Hero folded before Flop
Seat 4: 23b2e9ea showed [Jc 5c] and won (11,010) with a flush Queen high
Seat 5: 88dfecf9 folded before Flop
Seat 6: 512434d8 folded before Flop
Seat 7: 570757fc folded before Flop
Seat 8: 125d70cf (button) folded before Flop


Poker Hand #TM5624740159: Tournament #265465424, Bounty Hunters Special $10.80 Hold'em No Limit - Level10(250/500(75)) - 2026/02/23 18:51:23
Table '82' 8-max Seat #7 is the button
Seat 1: 9d1bb745 (6,105 in chips)
Seat 2: c1d66c3d (8,150 in chips)
Seat 3: Hero (24,236 in chips)
Seat 4: 23b2e9ea (53,377 in chips)
Seat 5: 88dfecf9 (33,672 in chips)
Seat 6: 512434d8 (13,043 in chips)
Seat 7: 570757fc (8,980 in chips)
Seat 8: 125d70cf (16,572 in chips)
Hero: posts the ante 75
88dfecf9: posts the ante 75
23b2e9ea: posts the ante 75
570757fc: posts the ante 75
125d70cf: posts the ante 75
512434d8: posts the ante 75
c1d66c3d: posts the ante 75
9d1bb745: posts the ante 75
125d70cf: posts small blind 250
9d1bb745: posts big blind 500
*** HOLE CARDS ***
Dealt to 9d1bb745 
Dealt to c1d66c3d 
Dealt to Hero [3h 6c]
Dealt to 23b2e9ea 
Dealt to 88dfecf9 
Dealt to 512434d8 
Dealt to 570757fc 
Dealt to 125d70cf 
c1d66c3d: folds
Hero: folds
23b2e9ea: folds
88dfecf9: raises 500 to 1,000
512434d8: folds
570757fc: folds
125d70cf: folds
9d1bb745: calls 500
*** FLOP *** [Qd 3s Qs]
9d1bb745: checks
88dfecf9: checks
*** TURN *** [Qd 3s Qs] [7h]
9d1bb745: checks
88dfecf9: bets 500
9d1bb745: folds
Uncalled bet (500) returned to 88dfecf9
*** SHOWDOWN ***
88dfecf9 collected 2,850 from pot
*** SUMMARY ***
Total pot 2,850 | Rake 0 | Jackpot 0 | Bingo 0 | Fortune 0 | Tax 0
Board [Qd 3s Qs 7h]
Seat 1: 9d1bb745 (big blind) folded on the Turn
Seat 2: c1d66c3d folded before Flop
Seat 3: Hero folded before Flop
Seat 4: 23b2e9ea folded before Flop
Seat 5: 88dfecf9 won (2,850)
Seat 6: 512434d8 folded before Flop
Seat 7: 570757fc (button) folded before Flop
Seat 8: 125d70cf (small blind) folded before Flop


Poker Hand #TM5624740155: Tournament #265465424, Bounty Hunters Special $10.80 Hold'em No Limit - Level10(250/500(75)) - 2026/02/23 18:51:04
Table '82' 8-max Seat #6 is the button
Seat 1: 9d1bb745 (6,180 in chips)
Seat 2: c1d66c3d (8,225 in chips)
Seat 3: Hero (24,311 in chips)
Seat 4: 23b2e9ea (53,452 in chips)
Seat 5: 88dfecf9 (33,747 in chips)
Seat 6: 512434d8 (13,118 in chips)
Seat 7: 570757fc (9,305 in chips)
Seat 8: 125d70cf (15,797 in chips)
Hero: posts the ante 75
88dfecf9: posts the ante 75
23b2e9ea: posts the ante 75
570757fc: posts the ante 75
125d70cf: posts the ante 75
512434d8: posts the ante 75
c1d66c3d: posts the ante 75
9d1bb745: posts the ante 75
570757fc: posts small blind 250
125d70cf: posts big blind 500
*** HOLE CARDS ***
Dealt to 9d1bb745 
Dealt to c1d66c3d 
Dealt to Hero [7d 3c]
Dealt to 23b2e9ea 
Dealt to 88dfecf9 
Dealt to 512434d8 
Dealt to 570757fc 
Dealt to 125d70cf 
9d1bb745: folds
c1d66c3d: folds
Hero: folds
23b2e9ea: folds
88dfecf9: folds
512434d8: folds
570757fc: folds
Uncalled bet (250) returned to 125d70cf
*** SHOWDOWN ***
125d70cf collected 1,100 from pot
*** SUMMARY ***
Total pot 1,100 | Rake 0 | Jackpot 0 | Bingo 0 | Fortune 0 | Tax 0
Seat 1: 9d1bb745 folded before Flop
Seat 2: c1d66c3d folded before Flop
Seat 3: Hero folded before Flop
Seat 4: 23b2e9ea folded before Flop
Seat 5: 88dfecf9 folded before Flop
Seat 6: 512434d8 (button) folded before Flop
Seat 7: 570757fc (small blind) folded before Flop
Seat 8: 125d70cf (big blind) collected (1,100)


Poker Hand #TM5624740138: Tournament #265465424, Bounty Hunters Special $10.80 Hold'em No Limit - Level10(250/500(75)) - 2026/02/23 18:50:08
Table '82' 8-max Seat #5 is the button
Seat 1: 9d1bb745 (6,255 in chips)
Seat 2: c1d66c3d (8,300 in chips)
Seat 3: Hero (24,386 in chips)
Seat 4: 23b2e9ea (54,527 in chips)
Seat 5: 88dfecf9 (37,322 in chips)
Seat 6: 512434d8 (7,593 in chips)
Seat 7: 570757fc (9,880 in chips)
Seat 8: 125d70cf (15,872 in chips)
Hero: posts the ante 75
88dfecf9: posts the ante 75
23b2e9ea: posts the ante 75
570757fc: posts the ante 75
125d70cf: posts the ante 75
c1d66c3d: posts the ante 75
512434d8: posts the ante 75
9d1bb745: posts the ante 75
512434d8: posts small blind 250
570757fc: posts big blind 500
*** HOLE CARDS ***
Dealt to 9d1bb745 
Dealt to c1d66c3d 
Dealt to Hero [7c Qh]
Dealt to 23b2e9ea 
Dealt to 88dfecf9 
Dealt to 512434d8 
Dealt to 570757fc 
Dealt to 125d70cf 
125d70cf: folds
9d1bb745: folds
c1d66c3d: folds
Hero: folds
23b2e9ea: raises 500 to 1,000
88dfecf9: calls 1,000
512434d8: raises 2,500 to 3,500
570757fc: folds
23b2e9ea: folds
88dfecf9: calls 2,500
*** FLOP *** [Jc Kh 7s]
512434d8: bets 4,018 and is all-in
88dfecf9: folds
Uncalled bet (4,018) returned to 512434d8
*** SHOWDOWN ***
512434d8 collected 9,100 from pot
*** SUMMARY ***
Total pot 9,100 | Rake 0 | Jackpot 0 | Bingo 0 | Fortune 0 | Tax 0
Board [Jc Kh 7s]
Seat 1: 9d1bb745 folded before Flop
Seat 2: c1d66c3d folded before Flop
Seat 3: Hero folded before Flop
Seat 4: 23b2e9ea folded before Flop
Seat 5: 88dfecf9 (button) folded on the Flop
Seat 6: 512434d8 (small blind) won (9,100)
Seat 7: 570757fc (big blind) folded before Flop
Seat 8: 125d70cf folded before Flop


Poker Hand #TM5624740124: Tournament #265465424, Bounty Hunters Special $10.80 Hold'em No Limit - Level9(200/400(60)) - 2026/02/23 18:49:21
Table '82' 8-max Seat #4 is the button
Seat 1: 9d1bb745 (6,315 in chips)
Seat 2: c1d66c3d (8,360 in chips)
Seat 3: Hero (24,446 in chips)
Seat 4: 23b2e9ea (56,887 in chips)
Seat 5: 88dfecf9 (37,582 in chips)
Seat 6: 512434d8 (8,053 in chips)
Seat 7: 570757fc (9,940 in chips)
Seat 8: 125d70cf (12,552 in chips)
Hero: posts the ante 60
23b2e9ea: posts the ante 60
88dfecf9: posts the ante 60
570757fc: posts the ante 60
125d70cf: posts the ante 60
c1d66c3d: posts the ante 60
512434d8: posts the ante 60
9d1bb745: posts the ante 60
88dfecf9: posts small blind 200
512434d8: posts big blind 400
*** HOLE CARDS ***
Dealt to 9d1bb745 
Dealt to c1d66c3d 
Dealt to Hero [3s 6d]
Dealt to 23b2e9ea 
Dealt to 88dfecf9 
Dealt to 512434d8 
Dealt to 570757fc 
Dealt to 125d70cf 
570757fc: folds
125d70cf: raises 480 to 880
9d1bb745: folds
c1d66c3d: folds
Hero: folds
23b2e9ea: calls 880
88dfecf9: folds
512434d8: folds
*** FLOP *** [8c Qd 3c]
125d70cf: bets 1,420
23b2e9ea: calls 1,420
*** TURN *** [8c Qd 3c] [4h]
125d70cf: bets 2,840
23b2e9ea: folds
Uncalled bet (2,840) returned to 125d70cf
*** SHOWDOWN ***
125d70cf collected 5,680 from pot
*** SUMMARY ***
Total pot 5,680 | Rake 0 | Jackpot 0 | Bingo 0 | Fortune 0 | Tax 0
Board [8c Qd 3c 4h]
Seat 1: 9d1bb745 folded before Flop
Seat 2: c1d66c3d folded before Flop
Seat 3: Hero folded before Flop
Seat 4: 23b2e9ea (button) folded on the Turn
Seat 5: 88dfecf9 (small blind) folded before Flop
Seat 6: 512434d8 (big blind) folded before Flop
Seat 7: 570757fc folded before Flop
Seat 8: 125d70cf won (5,680)


Poker Hand #TM5624740107: Tournament #265465424, Bounty Hunters Special $10.80 Hold'em No Limit - Level9(200/400(60)) - 2026/02/23 18:48:14
Table '82' 8-max Seat #3 is the button
Seat 1: 9d1bb745 (6,375 in chips)
Seat 2: c1d66c3d (8,420 in chips)
Seat 3: Hero (24,506 in chips)
Seat 4: 23b2e9ea (55,267 in chips)
Seat 5: 88dfecf9 (38,842 in chips)
Seat 6: 512434d8 (8,113 in chips)
Seat 7: 570757fc (10,000 in chips)
Seat 8: 125d70cf (12,612 in chips)
Hero: posts the ante 60
88dfecf9: posts the ante 60
23b2e9ea: posts the ante 60
570757fc: posts the ante 60
125d70cf: posts the ante 60
c1d66c3d: posts the ante 60
512434d8: posts the ante 60
9d1bb745: posts the ante 60
23b2e9ea: posts small blind 200
88dfecf9: posts big blind 400
*** HOLE CARDS ***
Dealt to 9d1bb745 
Dealt to c1d66c3d 
Dealt to Hero [6d Qh]
Dealt to 23b2e9ea 
Dealt to 88dfecf9 
Dealt to 512434d8 
Dealt to 570757fc 
Dealt to 125d70cf 
512434d8: folds
570757fc: folds
125d70cf: folds
9d1bb745: folds
c1d66c3d: folds
Hero: folds
23b2e9ea: raises 400 to 800
88dfecf9: calls 400
*** FLOP *** [Ad 3h Th]
23b2e9ea: checks
88dfecf9: checks
*** TURN *** [Ad 3h Th] [5s]
23b2e9ea: checks
88dfecf9: checks
*** RIVER *** [Ad 3h Th 5s] [Qc]
23b2e9ea: checks
88dfecf9: bets 400
23b2e9ea: calls 400
88dfecf9: shows [6s 8d] (Ace high)
23b2e9ea: shows [Qd 4c] (a pair of Queens)
*** SHOWDOWN ***
23b2e9ea collected 2,880 from pot
*** SUMMARY ***
Total pot 2,880 | Rake 0 | Jackpot 0 | Bingo 0 | Fortune 0 | Tax 0
Board [Ad 3h Th 5s Qc]
Seat 1: 9d1bb745 folded before Flop
Seat 2: c1d66c3d folded before Flop
Seat 3: Hero (button) folded before Flop
Seat 4: 23b2e9ea (small blind) showed [Qd 4c] and won (2,880) with a pair of Queens
Seat 5: 88dfecf9 (big blind) showed [6s 8d] and lost with Ace high
Seat 6: 512434d8 folded before Flop
Seat 7: 570757fc folded before Flop
Seat 8: 125d70cf folded before Flop


Poker Hand #TM5624740096: Tournament #265465424, Bounty Hunters Special $10.80 Hold'em No Limit - Level9(200/400(60)) - 2026/02/23 18:47:33
Table '82' 8-max Seat #2 is the button
Seat 1: 9d1bb745 (6,435 in chips)
Seat 2: c1d66c3d (9,280 in chips)
Seat 3: Hero (24,766 in chips)
Seat 4: 23b2e9ea (53,907 in chips)
Seat 5: 88dfecf9 (38,902 in chips)
Seat 6: 512434d8 (8,173 in chips)
Seat 8: 125d70cf (12,672 in chips)
Hero: posts the ante 60
88dfecf9: posts the ante 60
23b2e9ea: posts the ante 60
125d70cf: posts the ante 60
c1d66c3d: posts the ante 60
512434d8: posts the ante 60
9d1bb745: posts the ante 60
Hero: posts small blind 200
23b2e9ea: posts big blind 400
*** HOLE CARDS ***
Dealt to 9d1bb745 
Dealt to c1d66c3d 
Dealt to Hero [2c 4d]
Dealt to 23b2e9ea 
Dealt to 88dfecf9 
Dealt to 512434d8 
Dealt to 125d70cf 
88dfecf9: folds
512434d8: folds
125d70cf: folds
9d1bb745: folds
c1d66c3d: calls 400
Hero: folds
23b2e9ea: checks
*** FLOP *** [Jh 2s 8c]
23b2e9ea: checks
c1d66c3d: checks
*** TURN *** [Jh 2s 8c] [6h]
23b2e9ea: bets 400
c1d66c3d: calls 400
*** RIVER *** [Jh 2s 8c 6h] [5c]
23b2e9ea: bets 53,047 and is all-in
c1d66c3d: folds
Uncalled bet (53,047) returned to 23b2e9ea
*** SHOWDOWN ***
23b2e9ea collected 2,220 from pot
*** SUMMARY ***
Total pot 2,220 | Rake 0 | Jackpot 0 | Bingo 0 | Fortune 0 | Tax 0
Board [Jh 2s 8c 6h 5c]
Seat 1: 9d1bb745 folded before Flop
Seat 2: c1d66c3d (button) folded on the River
Seat 3: Hero (small blind) folded before Flop
Seat 4: 23b2e9ea (big blind) won (2,220)
Seat 5: 88dfecf9 folded before Flop
Seat 6: 512434d8 folded before Flop
Seat 8: 125d70cf folded before Flop


Poker Hand #TM5624740081: Tournament #265465424, Bounty Hunters Special $10.80 Hold'em No Limit - Level9(200/400(60)) - 2026/02/23 18:46:38
Table '82' 8-max Seat #1 is the button
Seat 1: 9d1bb745 (9,560 in chips)
Seat 2: c1d66c3d (9,540 in chips)
Seat 3: Hero (18,076 in chips)
Seat 4: 23b2e9ea (57,032 in chips)
Seat 5: 88dfecf9 (38,962 in chips)
Seat 6: 512434d8 (8,233 in chips)
Seat 8: 125d70cf (12,732 in chips)
Hero: posts the ante 60
88dfecf9: posts the ante 60
23b2e9ea: posts the ante 60
125d70cf: posts the ante 60
512434d8: posts the ante 60
c1d66c3d: posts the ante 60
9d1bb745: posts the ante 60
c1d66c3d: posts small blind 200
Hero: posts big blind 400
*** HOLE CARDS ***
Dealt to 9d1bb745 
Dealt to c1d66c3d 
Dealt to Hero [Qc As]
Dealt to 23b2e9ea 
Dealt to 88dfecf9 
Dealt to 512434d8 
Dealt to 125d70cf 
23b2e9ea: raises 400 to 800
88dfecf9: folds
512434d8: folds
125d70cf: folds
9d1bb745: calls 800
c1d66c3d: folds
Hero: raises 2,265 to 3,065
23b2e9ea: calls 2,265
9d1bb745: calls 2,265
*** FLOP *** [6d 8c Ad]
Hero: bets 4,908
23b2e9ea: folds
9d1bb745: folds
Uncalled bet (4,908) returned to Hero
*** SHOWDOWN ***
Hero collected 9,815 from pot
*** SUMMARY ***
Total pot 9,815 | Rake 0 | Jackpot 0 | Bingo 0 | Fortune 0 | Tax 0
Board [6d 8c Ad]
Seat 1: 9d1bb745 (button) folded on the Flop
Seat 2: c1d66c3d (small blind) folded before Flop
Seat 3: Hero (big blind) won (9,815)
Seat 4: 23b2e9ea folded on the Flop
Seat 5: 88dfecf9 folded before Flop
Seat 6: 512434d8 folded before Flop
Seat 8: 125d70cf folded before Flop


Poker Hand #TM5624740072: Tournament #265465424, Bounty Hunters Special $10.80 Hold'em No Limit - Level9(200/400(60)) - 2026/02/23 18:46:16
Table '82' 8-max Seat #8 is the button
Seat 1: 9d1bb745 (9,820 in chips)
Seat 2: c1d66c3d (10,000 in chips)
Seat 3: Hero (18,136 in chips)
Seat 4: 23b2e9ea (57,092 in chips)
Seat 5: 88dfecf9 (39,022 in chips)
Seat 6: 512434d8 (7,273 in chips)
Seat 8: 125d70cf (12,792 in chips)
Hero: posts the ante 60
88dfecf9: posts the ante 60
23b2e9ea: posts the ante 60
125d70cf: posts the ante 60
512434d8: posts the ante 60
c1d66c3d: posts the ante 60
9d1bb745: posts the ante 60
9d1bb745: posts small blind 200
c1d66c3d: posts big blind 400
*** HOLE CARDS ***
Dealt to 9d1bb745 
Dealt to c1d66c3d 
Dealt to Hero [As 6h]
Dealt to 23b2e9ea 
Dealt to 88dfecf9 
Dealt to 512434d8 
Dealt to 125d70cf 
Hero: folds
23b2e9ea: folds
88dfecf9: folds
512434d8: raises 400 to 800
125d70cf: folds
9d1bb745: folds
c1d66c3d: folds
Uncalled bet (400) returned to 512434d8
*** SHOWDOWN ***
512434d8 collected 1,420 from pot
*** SUMMARY ***
Total pot 1,420 | Rake 0 | Jackpot 0 | Bingo 0 | Fortune 0 | Tax 0
Seat 1: 9d1bb745 (small blind) folded before Flop
Seat 2: c1d66c3d (big blind) folded before Flop
Seat 3: Hero folded before Flop
Seat 4: 23b2e9ea folded before Flop
Seat 5: 88dfecf9 folded before Flop
Seat 6: 512434d8 collected (1,420)
Seat 8: 125d70cf (button) folded before Flop


Poker Hand #TM5624740059: Tournament #265465424, Bounty Hunters Special $10.80 Hold'em No Limit - Level9(200/400(60)) - 2026/02/23 18:45:20
Table '82' 8-max Seat #5 is the button
Seat 1: 9d1bb745 (9,880 in chips)
Seat 3: Hero (18,196 in chips)
Seat 4: 23b2e9ea (57,152 in chips)
Seat 5: 88dfecf9 (30,180 in chips)
Seat 7: 59f49ded (8,202 in chips)
Seat 8: 125d70cf (13,252 in chips)
Hero: posts the ante 60
88dfecf9: posts the ante 60
23b2e9ea: posts the ante 60
125d70cf: posts the ante 60
59f49ded: posts the ante 60
9d1bb745: posts the ante 60
59f49ded: posts small blind 200
125d70cf: posts big blind 400
*** HOLE CARDS ***
Dealt to 9d1bb745 
Dealt to Hero [2d Ah]
Dealt to 23b2e9ea 
Dealt to 88dfecf9 
Dealt to 59f49ded 
Dealt to 125d70cf 
9d1bb745: folds
Hero: folds
23b2e9ea: folds
88dfecf9: raises 400 to 800
59f49ded: raises 7,342 to 8,142 and is all-in
125d70cf: folds
88dfecf9: calls 7,342
59f49ded: shows [3d Ad]
88dfecf9: shows [Qh Ac]
*** FLOP *** [7s 7h 7c]
*** TURN *** [7s 7h 7c] [4h]
*** RIVER *** [7s 7h 7c 4h] [6h]
23b2e9ea: shows [7d] (four of a kind, Sevens)
*** SHOWDOWN ***
88dfecf9 collected 17,044 from pot
*** SUMMARY ***
Total pot 17,044 | Rake 0 | Jackpot 0 | Bingo 0 | Fortune 0 | Tax 0
Board [7s 7h 7c 4h 6h]
Seat 1: 9d1bb745 folded before Flop
Seat 3: Hero folded before Flop
Seat 4: 23b2e9ea folded before Flop
Seat 5: 88dfecf9 (button) showed [Qh Ac] and won (17,044) with three of a kind, Sevens
Seat 7: 59f49ded (small blind) showed [3d Ad] and lost with three of a kind, Sevens
Seat 8: 125d70cf (big blind) folded before Flop


Poker Hand #TM5624740048: Tournament #265465424, Bounty Hunters Special $10.80 Hold'em No Limit - Level9(200/400(60)) - 2026/02/23 18:44:33
Table '82' 8-max Seat #4 is the button
Seat 1: 9d1bb745 (9,940 in chips)
Seat 3: Hero (7,838 in chips)
Seat 4: 23b2e9ea (57,212 in chips)
Seat 5: 88dfecf9 (30,440 in chips)
Seat 6: 58e0369d (2,080 in chips)
Seat 7: 59f49ded (8,262 in chips)
Seat 8: 125d70cf (21,090 in chips)
Hero: posts the ante 60
23b2e9ea: posts the ante 60
88dfecf9: posts the ante 60
125d70cf: posts the ante 60
59f49ded: posts the ante 60
9d1bb745: posts the ante 60
58e0369d: posts the ante 60
88dfecf9: posts small blind 200
58e0369d: posts big blind 400
*** HOLE CARDS ***
Dealt to 9d1bb745 
Dealt to Hero [Ad 4d]
Dealt to 23b2e9ea 
Dealt to 88dfecf9 
Dealt to 58e0369d 
Dealt to 59f49ded 
Dealt to 125d70cf 
59f49ded: folds
125d70cf: raises 480 to 880
9d1bb745: folds
Hero: calls 880
23b2e9ea: folds
88dfecf9: folds
58e0369d: raises 1,140 to 2,020 and is all-in
125d70cf: raises 19,010 to 21,030 and is all-in
Hero: calls 6,898 and is all-in
Uncalled bet (13,252) returned to 125d70cf
125d70cf: shows [7s Qs]
Hero: shows [Ad 4d]
58e0369d: shows [Jc Kh]
*** FLOP *** [3d 4h 2d]
*** TURN *** [3d 4h 2d] [2s]
*** RIVER *** [3d 4h 2d 2s] [9h]
*** SHOWDOWN ***
Hero collected 6,680 from pot
Hero collected 11,516 from pot
*** SUMMARY ***
Total pot 18,196 | Rake 0 | Jackpot 0 | Bingo 0 | Fortune 0 | Tax 0
Board [3d 4h 2d 2s 9h]
Seat 1: 9d1bb745 folded before Flop
Seat 3: Hero showed [Ad 4d] and won (18,196) with two pair, Fours and Twos
Seat 4: 23b2e9ea (button) folded before Flop
Seat 5: 88dfecf9 (small blind) folded before Flop
Seat 6: 58e0369d (big blind) showed [Jc Kh] and lost with a pair of Twos
Seat 7: 59f49ded folded before Flop
Seat 8: 125d70cf showed [7s Qs] and lost with a pair of Twos


Poker Hand #TM5624740034: Tournament #265465424, Bounty Hunters Special $10.80 Hold'em No Limit - Level9(200/400(60)) - 2026/02/23 18:43:46
Table '82' 8-max Seat #3 is the button
Seat 1: 9d1bb745 (10,000 in chips)
Seat 2: abc4c5b0 (30,140 in chips)
Seat 3: Hero (7,898 in chips)
Seat 4: 23b2e9ea (46,632 in chips)
Seat 5: 88dfecf9 (9,780 in chips)
Seat 6: 58e0369d (2,940 in chips)
Seat 7: 59f49ded (8,322 in chips)
Seat 8: 125d70cf (21,150 in chips)
abc4c5b0: posts the ante 60
Hero: posts the ante 60
88dfecf9: posts the ante 60
23b2e9ea: posts the ante 60
125d70cf: posts the ante 60
59f49ded: posts the ante 60
9d1bb745: posts the ante 60
58e0369d: posts the ante 60
23b2e9ea: posts small blind 200
88dfecf9: posts big blind 400
*** HOLE CARDS ***
Dealt to 9d1bb745 
Dealt to abc4c5b0 
Dealt to Hero [6c Jc]
Dealt to 23b2e9ea 
Dealt to 88dfecf9 
Dealt to 58e0369d 
Dealt to 59f49ded 
Dealt to 125d70cf 
58e0369d: raises 400 to 800
59f49ded: folds
125d70cf: folds
9d1bb745: folds
abc4c5b0: raises 5,200 to 6,000
Hero: folds
23b2e9ea: raises 40,572 to 46,572 and is all-in
88dfecf9: calls 9,320 and is all-in
58e0369d: folds
abc4c5b0: calls 24,080 and is all-in
Uncalled bet (16,492) returned to 23b2e9ea
23b2e9ea: shows [As Jh]
88dfecf9: shows [Kc Ah]
abc4c5b0: shows [Ts Ad]
*** FLOP *** [Ac 4h 3d]
*** TURN *** [Ac 4h 3d] [3h]
*** RIVER *** [Ac 4h 3d 3h] [2c]
*** SHOWDOWN ***
88dfecf9 collected 30,440 from pot
23b2e9ea collected 40,720 from pot
*** SUMMARY ***
Total pot 71,160 | Rake 0 | Jackpot 0 | Bingo 0 | Fortune 0 | Tax 0
Board [Ac 4h 3d 3h 2c]
Seat 1: 9d1bb745 folded before Flop
Seat 2: abc4c5b0 showed [Ts Ad] and lost with two pair, Aces and Threes
Seat 3: Hero (button) folded before Flop
Seat 4: 23b2e9ea (small blind) showed [As Jh] and won (40,720) with two pair, Aces and Threes
Seat 5: 88dfecf9 (big blind) showed [Kc Ah] and won (30,440) with two pair, Aces and Threes
Seat 6: 58e0369d folded before Flop
Seat 7: 59f49ded folded before Flop
Seat 8: 125d70cf folded before Flop


Poker Hand #TM5624740025: Tournament #265465424, Bounty Hunters Special $10.80 Hold'em No Limit - Level9(200/400(60)) - 2026/02/23 18:43:03
Table '82' 8-max Seat #2 is the button
Seat 2: abc4c5b0 (21,640 in chips)
Seat 3: Hero (8,158 in chips)
Seat 4: 23b2e9ea (68,272 in chips)
Seat 5: 88dfecf9 (9,840 in chips)
Seat 6: 58e0369d (4,000 in chips)
Seat 7: 59f49ded (8,382 in chips)
Seat 8: 125d70cf (6,570 in chips)
abc4c5b0: posts the ante 60
Hero: posts the ante 60
88dfecf9: posts the ante 60
23b2e9ea: posts the ante 60
125d70cf: posts the ante 60
59f49ded: posts the ante 60
58e0369d: posts the ante 60
Hero: posts small blind 200
23b2e9ea: posts big blind 400
*** HOLE CARDS ***
Dealt to abc4c5b0 
Dealt to Hero [Qh 8d]
Dealt to 23b2e9ea 
Dealt to 88dfecf9 
Dealt to 58e0369d 
Dealt to 59f49ded 
Dealt to 125d70cf 
88dfecf9: folds
58e0369d: raises 600 to 1,000
59f49ded: folds
125d70cf: raises 5,510 to 6,510 and is all-in
abc4c5b0: raises 15,040 to 21,550
Hero: folds
23b2e9ea: raises 15,040 to 36,590
58e0369d: folds
abc4c5b0: calls 30 and is all-in
Uncalled bet (15,010) returned to 23b2e9ea
23b2e9ea: shows [Qc Ad]
125d70cf: shows [4d Ac]
abc4c5b0: shows [As 7d]
*** FLOP *** [5s 2s 7h]
*** TURN *** [5s 2s 7h] [3h]
*** RIVER *** [5s 2s 7h 3h] [Ks]
*** SHOWDOWN ***
125d70cf collected 21,150 from pot
abc4c5b0 collected 30,140 from pot
*** SUMMARY ***
Total pot 51,290 | Rake 0 | Jackpot 0 | Bingo 0 | Fortune 0 | Tax 0
Board [5s 2s 7h 3h Ks]
Seat 2: abc4c5b0 (button) showed [As 7d] and won (30,140) with a pair of Sevens
Seat 3: Hero (small blind) folded before Flop
Seat 4: 23b2e9ea (big blind) showed [Qc Ad] and lost with Ace high
Seat 5: 88dfecf9 folded before Flop
Seat 6: 58e0369d folded before Flop
Seat 7: 59f49ded folded before Flop
Seat 8: 125d70cf showed [4d Ac] and won (21,150) with a straight, Ace to Five


Poker Hand #TM5624739993: Tournament #265465424, Bounty Hunters Special $10.80 Hold'em No Limit - Level9(200/400(60)) - 2026/02/23 18:41:28
Table '82' 8-max Seat #1 is the button
Seat 1: e6ccf4cc (13,670 in chips)
Seat 2: abc4c5b0 (8,400 in chips)
Seat 3: Hero (8,618 in chips)
Seat 4: 23b2e9ea (68,332 in chips)
Seat 5: 88dfecf9 (9,900 in chips)
Seat 6: 58e0369d (12,400 in chips)
Seat 7: 59f49ded (8,442 in chips)
Seat 8: 125d70cf (10,710 in chips)
abc4c5b0: posts the ante 60
Hero: posts the ante 60
88dfecf9: posts the ante 60
23b2e9ea: posts the ante 60
125d70cf: posts the ante 60
e6ccf4cc: posts the ante 60
59f49ded: posts the ante 60
58e0369d: posts the ante 60
abc4c5b0: posts small blind 200
Hero: posts big blind 400
*** HOLE CARDS ***
Dealt to e6ccf4cc 
Dealt to abc4c5b0 
Dealt to Hero [Ac 5c]
Dealt to 23b2e9ea 
Dealt to 88dfecf9 
Dealt to 58e0369d 
Dealt to 59f49ded 
Dealt to 125d70cf 
23b2e9ea: folds
88dfecf9: folds
58e0369d: raises 400 to 800
59f49ded: folds
125d70cf: calls 800
e6ccf4cc: folds
abc4c5b0: raises 3,280 to 4,080
Hero: folds
58e0369d: calls 3,280
125d70cf: calls 3,280
*** FLOP *** [7d 9h 8h]
abc4c5b0: bets 4,260 and is all-in
58e0369d: raises 4,000 to 8,260 and is all-in
125d70cf: folds
Uncalled bet (4,000) returned to 58e0369d
58e0369d: shows [7h 6s] (a pair of Sevens)
abc4c5b0: shows [Jc Qh] (Queen high)
*** TURN *** [7d 9h 8h] [Td]
*** RIVER *** [7d 9h 8h Td] [9d]
*** SHOWDOWN ***
abc4c5b0 collected 21,640 from pot
*** SUMMARY ***
Total pot 21,640 | Rake 0 | Jackpot 0 | Bingo 0 | Fortune 0 | Tax 0
Board [7d 9h 8h Td 9d]
Seat 1: e6ccf4cc (button) folded before Flop
Seat 2: abc4c5b0 (small blind) showed [Jc Qh] and won (21,640) with a straight, Queen to Eight
Seat 3: Hero (big blind) folded before Flop
Seat 4: 23b2e9ea folded before Flop
Seat 5: 88dfecf9 folded before Flop
Seat 6: 58e0369d showed [7h 6s] and lost with a straight, Ten to Six
Seat 7: 59f49ded folded before Flop
Seat 8: 125d70cf folded on the Flop


Poker Hand #TM5624739972: Tournament #265465424, Bounty Hunters Special $10.80 Hold'em No Limit - Level8(175/350(50)) - 2026/02/23 18:40:11
Table '82' 8-max Seat #8 is the button
Seat 1: e6ccf4cc (13,895 in chips)
Seat 2: abc4c5b0 (9,850 in chips)
Seat 3: Hero (10,068 in chips)
Seat 4: 23b2e9ea (68,382 in chips)
Seat 5: 88dfecf9 (9,950 in chips)
Seat 6: 58e0369d (9,075 in chips)
Seat 7: 59f49ded (8,492 in chips)
Seat 8: 125d70cf (10,760 in chips)
abc4c5b0: posts the ante 50
Hero: posts the ante 50
88dfecf9: posts the ante 50
23b2e9ea: posts the ante 50
125d70cf: posts the ante 50
59f49ded: posts the ante 50
e6ccf4cc: posts the ante 50
58e0369d: posts the ante 50
e6ccf4cc: posts small blind 175
abc4c5b0: posts big blind 350
*** HOLE CARDS ***
Dealt to e6ccf4cc 
Dealt to abc4c5b0 
Dealt to Hero [Tc Ah]
Dealt to 23b2e9ea 
Dealt to 88dfecf9 
Dealt to 58e0369d 
Dealt to 59f49ded 
Dealt to 125d70cf 
Hero: raises 350 to 700
23b2e9ea: folds
88dfecf9: folds
58e0369d: raises 700 to 1,400
59f49ded: folds
125d70cf: folds
e6ccf4cc: folds
abc4c5b0: calls 1,050
Hero: calls 700
*** FLOP *** [Jc 4c 5h]
abc4c5b0: checks
Hero: checks
58e0369d: bets 1,225
abc4c5b0: folds
Hero: folds
Uncalled bet (1,225) returned to 58e0369d
*** SHOWDOWN ***
58e0369d collected 4,775 from pot
*** SUMMARY ***
Total pot 4,775 | Rake 0 | Jackpot 0 | Bingo 0 | Fortune 0 | Tax 0
Board [Jc 4c 5h]
Seat 1: e6ccf4cc (small blind) folded before Flop
Seat 2: abc4c5b0 (big blind) folded on the Flop
Seat 3: Hero folded on the Flop
Seat 4: 23b2e9ea folded before Flop
Seat 5: 88dfecf9 folded before Flop
Seat 6: 58e0369d won (4,775)
Seat 7: 59f49ded folded before Flop
Seat 8: 125d70cf (button) folded before Flop


Poker Hand #TM5624739929: Tournament #265465424, Bounty Hunters Special $10.80 Hold'em No Limit - Level8(175/350(50)) - 2026/02/23 18:37:53
Table '82' 8-max Seat #7 is the button
Seat 1: e6ccf4cc (6,710 in chips)
Seat 2: abc4c5b0 (9,900 in chips)
Seat 3: Hero (10,118 in chips)
Seat 4: 23b2e9ea (68,432 in chips)
Seat 5: 88dfecf9 (10,000 in chips)
Seat 6: 58e0369d (15,785 in chips)
Seat 7: 59f49ded (8,542 in chips)
Seat 8: 125d70cf (10,985 in chips)
abc4c5b0: posts the ante 50
Hero: posts the ante 50
88dfecf9: posts the ante 50
23b2e9ea: posts the ante 50
125d70cf: posts the ante 50
59f49ded: posts the ante 50
e6ccf4cc: posts the ante 50
58e0369d: posts the ante 50
125d70cf: posts small blind 175
e6ccf4cc: posts big blind 350
*** HOLE CARDS ***
Dealt to e6ccf4cc 
Dealt to abc4c5b0 
Dealt to Hero [7s Td]
Dealt to 23b2e9ea 
Dealt to 88dfecf9 
Dealt to 58e0369d 
Dealt to 59f49ded 
Dealt to 125d70cf 
abc4c5b0: folds
Hero: folds
23b2e9ea: folds
88dfecf9: folds
58e0369d: raises 525 to 875
59f49ded: folds
125d70cf: folds
e6ccf4cc: calls 525
*** FLOP *** [2h Js 6h]
e6ccf4cc: checks
58e0369d: bets 700
e6ccf4cc: raises 1,230 to 1,930
58e0369d: calls 1,230
*** TURN *** [2h Js 6h] [9s]
e6ccf4cc: bets 3,855 and is all-in
58e0369d: calls 3,855
e6ccf4cc: shows [9h 8h] (a pair of Nines)
58e0369d: shows [5h 5s] (a pair of Fives)
*** RIVER *** [2h Js 6h 9s] [8c]
*** SHOWDOWN ***
e6ccf4cc collected 13,895 from pot
*** SUMMARY ***
Total pot 13,895 | Rake 0 | Jackpot 0 | Bingo 0 | Fortune 0 | Tax 0
Board [2h Js 6h 9s 8c]
Seat 1: e6ccf4cc (big blind) showed [9h 8h] and won (13,895) with two pair, Nines and Eights
Seat 2: abc4c5b0 folded before Flop
Seat 3: Hero folded before Flop
Seat 4: 23b2e9ea folded before Flop
Seat 5: 88dfecf9 folded before Flop
Seat 6: 58e0369d showed [5h 5s] and lost with a pair of Fives
Seat 7: 59f49ded (button) folded before Flop
Seat 8: 125d70cf (small blind) folded before Flop


Poker Hand #TM5624739909: Tournament #265465424, Bounty Hunters Special $10.80 Hold'em No Limit - Level8(175/350(50)) - 2026/02/23 18:37:01
Table '82' 8-max Seat #6 is the button
Seat 1: e6ccf4cc (6,760 in chips)
Seat 2: abc4c5b0 (9,950 in chips)
Seat 3: Hero (8,243 in chips)
Seat 4: 23b2e9ea (68,482 in chips)
Seat 6: 58e0369d (15,835 in chips)
Seat 7: 59f49ded (8,767 in chips)
Seat 8: 125d70cf (12,435 in chips)
abc4c5b0: posts the ante 50
Hero: posts the ante 50
23b2e9ea: posts the ante 50
125d70cf: posts the ante 50
e6ccf4cc: posts the ante 50
59f49ded: posts the ante 50
58e0369d: posts the ante 50
59f49ded: posts small blind 175
125d70cf: posts big blind 350
*** HOLE CARDS ***
Dealt to e6ccf4cc 
Dealt to abc4c5b0 
Dealt to Hero [7d Ad]
Dealt to 23b2e9ea 
Dealt to 58e0369d 
Dealt to 59f49ded 
Dealt to 125d70cf 
e6ccf4cc: folds
abc4c5b0: folds
Hero: raises 350 to 700
23b2e9ea: folds
58e0369d: folds
59f49ded: folds
125d70cf: calls 350
*** FLOP *** [3c 8d 6h]
125d70cf: checks
Hero: checks
*** TURN *** [3c 8d 6h] [6d]
125d70cf: checks
Hero: checks
*** RIVER *** [3c 8d 6h 6d] [5c]
125d70cf: bets 700
Hero: calls 700
125d70cf: shows [9d Js] (a pair of Sixes)
Hero: shows [7d Ad] (a pair of Sixes)
*** SHOWDOWN ***
Hero collected 3,325 from pot
*** SUMMARY ***
Total pot 3,325 | Rake 0 | Jackpot 0 | Bingo 0 | Fortune 0 | Tax 0
Board [3c 8d 6h 6d 5c]
Seat 1: e6ccf4cc folded before Flop
Seat 2: abc4c5b0 folded before Flop
Seat 3: Hero showed [7d Ad] and won (3,325) with a pair of Sixes
Seat 4: 23b2e9ea folded before Flop
Seat 6: 58e0369d (button) folded before Flop
Seat 7: 59f49ded (small blind) folded before Flop
Seat 8: 125d70cf (big blind) showed [9d Js] and lost with a pair of Sixes


Poker Hand #TM5624739889: Tournament #265465424, Bounty Hunters Special $10.80 Hold'em No Limit - Level8(175/350(50)) - 2026/02/23 18:35:59
Table '82' 8-max Seat #5 is the button
Seat 1: e6ccf4cc (6,810 in chips)
Seat 2: abc4c5b0 (10,000 in chips)
Seat 3: Hero (8,293 in chips)
Seat 4: 23b2e9ea (35,175 in chips)
Seat 5: 728f1458 (31,712 in chips)
Seat 6: 58e0369d (16,060 in chips)
Seat 7: 59f49ded (9,167 in chips)
Seat 8: 125d70cf (13,255 in chips)
abc4c5b0: posts the ante 50
Hero: posts the ante 50
23b2e9ea: posts the ante 50
125d70cf: posts the ante 50
e6ccf4cc: posts the ante 50
59f49ded: posts the ante 50
728f1458: posts the ante 50
58e0369d: posts the ante 50
58e0369d: posts small blind 175
59f49ded: posts big blind 350
*** HOLE CARDS ***
Dealt to e6ccf4cc 
Dealt to abc4c5b0 
Dealt to Hero [7d 4s]
Dealt to 23b2e9ea 
Dealt to 728f1458 
Dealt to 58e0369d 
Dealt to 59f49ded 
Dealt to 125d70cf 
125d70cf: raises 420 to 770
e6ccf4cc: folds
abc4c5b0: folds
Hero: folds
23b2e9ea: raises 2,030 to 2,800
728f1458: raises 28,862 to 31,662 and is all-in
58e0369d: folds
59f49ded: folds
125d70cf: folds
23b2e9ea: calls 28,862
728f1458: shows [Ts Td]
23b2e9ea: shows [Qd Qs]
*** FLOP *** [9d 3c 6s]
*** TURN *** [9d 3c 6s] [9s]
*** RIVER *** [9d 3c 6s 9s] [6c]
*** SHOWDOWN ***
23b2e9ea collected 65,019 from pot
*** SUMMARY ***
Total pot 65,019 | Rake 0 | Jackpot 0 | Bingo 0 | Fortune 0 | Tax 0
Board [9d 3c 6s 9s 6c]
Seat 1: e6ccf4cc folded before Flop
Seat 2: abc4c5b0 folded before Flop
Seat 3: Hero folded before Flop
Seat 4: 23b2e9ea showed [Qd Qs] and won (65,019) with two pair, Queens and Nines
Seat 5: 728f1458 (button) showed [Ts Td] and lost with two pair, Tens and Nines
Seat 6: 58e0369d (small blind) folded before Flop
Seat 7: 59f49ded (big blind) folded before Flop
Seat 8: 125d70cf folded before Flop


Poker Hand #TM5624739873: Tournament #265465424, Bounty Hunters Special $10.80 Hold'em No Limit - Level8(175/350(50)) - 2026/02/23 18:35:22
Table '82' 8-max Seat #4 is the button
Seat 1: e6ccf4cc (6,860 in chips)
Seat 3: Hero (12,489 in chips)
Seat 4: 23b2e9ea (35,225 in chips)
Seat 5: 728f1458 (31,937 in chips)
Seat 6: 58e0369d (16,460 in chips)
Seat 7: 59f49ded (4,196 in chips)
Seat 8: 125d70cf (13,305 in chips)
Hero: posts the ante 50
23b2e9ea: posts the ante 50
125d70cf: posts the ante 50
e6ccf4cc: posts the ante 50
59f49ded: posts the ante 50
728f1458: posts the ante 50
58e0369d: posts the ante 50
728f1458: posts small blind 175
58e0369d: posts big blind 350
*** HOLE CARDS ***
Dealt to e6ccf4cc 
Dealt to Hero [Ad Kc]
Dealt to 23b2e9ea 
Dealt to 728f1458 
Dealt to 58e0369d 
Dealt to 59f49ded 
Dealt to 125d70cf 
59f49ded: raises 3,796 to 4,146 and is all-in
125d70cf: folds
e6ccf4cc: folds
Hero: raises 8,293 to 12,439 and is all-in
23b2e9ea: folds
728f1458: folds
58e0369d: folds
Uncalled bet (8,293) returned to Hero
Hero: shows [Ad Kc]
59f49ded: shows [Td Kd]
*** FLOP *** [Ts 3c Th]
*** TURN *** [Ts 3c Th] [3d]
*** RIVER *** [Ts 3c Th 3d] [Kh]
*** SHOWDOWN ***
59f49ded collected 9,167 from pot
*** SUMMARY ***
Total pot 9,167 | Rake 0 | Jackpot 0 | Bingo 0 | Fortune 0 | Tax 0
Board [Ts 3c Th 3d Kh]
Seat 1: e6ccf4cc folded before Flop
Seat 3: Hero showed [Ad Kc] and lost with two pair, Kings and Tens
Seat 4: 23b2e9ea (button) folded before Flop
Seat 5: 728f1458 (small blind) folded before Flop
Seat 6: 58e0369d (big blind) folded before Flop
Seat 7: 59f49ded showed [Td Kd] and won (9,167) with a full house, Tens full of Kings
Seat 8: 125d70cf folded before Flop


Poker Hand #TM5624739863: Tournament #265465424, Bounty Hunters Special $10.80 Hold'em No Limit - Level8(175/350(50)) - 2026/02/23 18:34:49
Table '82' 8-max Seat #3 is the button
Seat 1: e6ccf4cc (7,610 in chips)
Seat 3: Hero (12,539 in chips)
Seat 4: 23b2e9ea (33,875 in chips)
Seat 5: 728f1458 (32,337 in chips)
Seat 6: 58e0369d (16,510 in chips)
Seat 7: 59f49ded (4,246 in chips)
Seat 8: 125d70cf (13,355 in chips)
Hero: posts the ante 50
23b2e9ea: posts the ante 50
125d70cf: posts the ante 50
e6ccf4cc: posts the ante 50
59f49ded: posts the ante 50
728f1458: posts the ante 50
58e0369d: posts the ante 50
23b2e9ea: posts small blind 175
728f1458: posts big blind 350
*** HOLE CARDS ***
Dealt to e6ccf4cc 
Dealt to Hero [5s 2c]
Dealt to 23b2e9ea 
Dealt to 728f1458 
Dealt to 58e0369d 
Dealt to 59f49ded 
Dealt to 125d70cf 
58e0369d: folds
59f49ded: folds
125d70cf: folds
e6ccf4cc: raises 350 to 700
Hero: folds
23b2e9ea: raises 2,100 to 2,800
728f1458: folds
e6ccf4cc: folds
Uncalled bet (2,100) returned to 23b2e9ea
*** SHOWDOWN ***
23b2e9ea collected 2,100 from pot
*** SUMMARY ***
Total pot 2,100 | Rake 0 | Jackpot 0 | Bingo 0 | Fortune 0 | Tax 0
Seat 1: e6ccf4cc folded before Flop
Seat 3: Hero (button) folded before Flop
Seat 4: 23b2e9ea (small blind) collected (2,100)
Seat 5: 728f1458 (big blind) folded before Flop
Seat 6: 58e0369d folded before Flop
Seat 7: 59f49ded folded before Flop
Seat 8: 125d70cf folded before Flop


Poker Hand #TM5624739852: Tournament #265465424, Bounty Hunters Special $10.80 Hold'em No Limit - Level8(175/350(50)) - 2026/02/23 18:34:22
Table '82' 8-max Seat #1 is the button
Seat 1: e6ccf4cc (7,660 in chips)
Seat 3: Hero (11,539 in chips)
Seat 4: 23b2e9ea (34,625 in chips)
Seat 5: 728f1458 (32,387 in chips)
Seat 6: 58e0369d (16,560 in chips)
Seat 7: 59f49ded (4,296 in chips)
Seat 8: 125d70cf (13,405 in chips)
Hero: posts the ante 50
23b2e9ea: posts the ante 50
125d70cf: posts the ante 50
e6ccf4cc: posts the ante 50
59f49ded: posts the ante 50
728f1458: posts the ante 50
58e0369d: posts the ante 50
Hero: posts small blind 175
23b2e9ea: posts big blind 350
*** HOLE CARDS ***
Dealt to e6ccf4cc 
Dealt to Hero [7s Ah]
Dealt to 23b2e9ea 
Dealt to 728f1458 
Dealt to 58e0369d 
Dealt to 59f49ded 
Dealt to 125d70cf 
728f1458: folds
58e0369d: folds
59f49ded: folds
125d70cf: folds
e6ccf4cc: folds
Hero: raises 350 to 700
23b2e9ea: calls 350
*** FLOP *** [Kh 2c 4s]
Hero: bets 578
23b2e9ea: folds
Uncalled bet (578) returned to Hero
*** SHOWDOWN ***
Hero collected 1,750 from pot
*** SUMMARY ***
Total pot 1,750 | Rake 0 | Jackpot 0 | Bingo 0 | Fortune 0 | Tax 0
Board [Kh 2c 4s]
Seat 1: e6ccf4cc (button) folded before Flop
Seat 3: Hero (small blind) won (1,750)
Seat 4: 23b2e9ea (big blind) folded on the Flop
Seat 5: 728f1458 folded before Flop
Seat 6: 58e0369d folded before Flop
Seat 7: 59f49ded folded before Flop
Seat 8: 125d70cf folded before Flop


Poker Hand #TM5624739837: Tournament #265465424, Bounty Hunters Special $10.80 Hold'em No Limit - Level8(175/350(50)) - 2026/02/23 18:33:27
Table '82' 8-max Seat #8 is the button
Seat 1: e6ccf4cc (7,885 in chips)
Seat 3: Hero (11,939 in chips)
Seat 4: 23b2e9ea (34,675 in chips)
Seat 5: 728f1458 (32,437 in chips)
Seat 6: 58e0369d (16,610 in chips)
Seat 7: 59f49ded (10,611 in chips)
Seat 8: 125d70cf (6,315 in chips)
Hero: posts the ante 50
23b2e9ea: posts the ante 50
125d70cf: posts the ante 50
59f49ded: posts the ante 50
e6ccf4cc: posts the ante 50
728f1458: posts the ante 50
58e0369d: posts the ante 50
e6ccf4cc: posts small blind 175
Hero: posts big blind 350
*** HOLE CARDS ***
Dealt to e6ccf4cc 
Dealt to Hero [Qd Jc]
Dealt to 23b2e9ea 
Dealt to 728f1458 
Dealt to 58e0369d 
Dealt to 59f49ded 
Dealt to 125d70cf 
23b2e9ea: folds
728f1458: folds
58e0369d: folds
59f49ded: raises 350 to 700
125d70cf: raises 5,565 to 6,265 and is all-in
e6ccf4cc: folds
Hero: folds
59f49ded: calls 5,565
125d70cf: shows [Ad Qc]
59f49ded: shows [Ac Jh]
*** FLOP *** [5s 7c 3d]
*** TURN *** [5s 7c 3d] [7d]
*** RIVER *** [5s 7c 3d 7d] [Ah]
*** SHOWDOWN ***
125d70cf collected 13,405 from pot
*** SUMMARY ***
Total pot 13,405 | Rake 0 | Jackpot 0 | Bingo 0 | Fortune 0 | Tax 0
Board [5s 7c 3d 7d Ah]
Seat 1: e6ccf4cc (small blind) folded before Flop
Seat 3: Hero (big blind) folded before Flop
Seat 4: 23b2e9ea folded before Flop
Seat 5: 728f1458 folded before Flop
Seat 6: 58e0369d folded before Flop
Seat 7: 59f49ded showed [Ac Jh] and lost with two pair, Aces and Sevens
Seat 8: 125d70cf (button) showed [Ad Qc] and won (13,405) with two pair, Aces and Sevens


Poker Hand #TM5624739819: Tournament #265465424, Bounty Hunters Special $10.80 Hold'em No Limit - Level7(150/300(45)) - 2026/02/23 18:32:28
Table '82' 8-max Seat #7 is the button
Seat 1: e6ccf4cc (8,530 in chips)
Seat 2: 8c295e0 (8,621 in chips)
Seat 3: Hero (11,984 in chips)
Seat 4: 23b2e9ea (34,720 in chips)
Seat 5: 728f1458 (32,482 in chips)
Seat 6: 58e0369d (16,655 in chips)
Seat 7: 59f49ded (9,546 in chips)
Seat 8: 125d70cf (6,510 in chips)
Hero: posts the ante 45
23b2e9ea: posts the ante 45
8c295e0: posts the ante 45
125d70cf: posts the ante 45
59f49ded: posts the ante 45
e6ccf4cc: posts the ante 45
728f1458: posts the ante 45
58e0369d: posts the ante 45
125d70cf: posts small blind 150
e6ccf4cc: posts big blind 300
*** HOLE CARDS ***
Dealt to e6ccf4cc 
Dealt to 8c295e0 
Dealt to Hero [6s Qd]
Dealt to 23b2e9ea 
Dealt to 728f1458 
Dealt to 58e0369d 
Dealt to 59f49ded 
Dealt to 125d70cf 
8c295e0: folds
Hero: folds
23b2e9ea: folds
728f1458: folds
58e0369d: folds
59f49ded: raises 300 to 600
125d70cf: folds
e6ccf4cc: calls 300
*** FLOP *** [Ts 7c 3h]
e6ccf4cc: checks
59f49ded: bets 1,283
e6ccf4cc: folds
Uncalled bet (1,283) returned to 59f49ded
*** SHOWDOWN ***
59f49ded collected 1,710 from pot
*** SUMMARY ***
Total pot 1,710 | Rake 0 | Jackpot 0 | Bingo 0 | Fortune 0 | Tax 0
Board [Ts 7c 3h]
Seat 1: e6ccf4cc (big blind) folded on the Flop
Seat 2: 8c295e0 folded before Flop
Seat 3: Hero folded before Flop
Seat 4: 23b2e9ea folded before Flop
Seat 5: 728f1458 folded before Flop
Seat 6: 58e0369d folded before Flop
Seat 7: 59f49ded (button) won (1,710)
Seat 8: 125d70cf (small blind) folded before Flop


Poker Hand #TM5624739803: Tournament #265465424, Bounty Hunters Special $10.80 Hold'em No Limit - Level7(150/300(45)) - 2026/02/23 18:31:37
Table '82' 8-max Seat #6 is the button
Seat 1: e6ccf4cc (8,575 in chips)
Seat 2: 8c295e0 (8,666 in chips)
Seat 3: Hero (12,029 in chips)
Seat 4: 23b2e9ea (34,765 in chips)
Seat 5: 728f1458 (32,527 in chips)
Seat 6: 58e0369d (16,700 in chips)
Seat 7: 59f49ded (10,341 in chips)
Seat 8: 125d70cf (5,445 in chips)
Hero: posts the ante 45
23b2e9ea: posts the ante 45
8c295e0: posts the ante 45
125d70cf: posts the ante 45
e6ccf4cc: posts the ante 45
59f49ded: posts the ante 45
728f1458: posts the ante 45
58e0369d: posts the ante 45
59f49ded: posts small blind 150
125d70cf: posts big blind 300
*** HOLE CARDS ***
Dealt to e6ccf4cc 
Dealt to 8c295e0 
Dealt to Hero [9s Ac]
Dealt to 23b2e9ea 
Dealt to 728f1458 
Dealt to 58e0369d 
Dealt to 59f49ded 
Dealt to 125d70cf 
e6ccf4cc: folds
8c295e0: folds
Hero: folds
23b2e9ea: folds
728f1458: folds
58e0369d: folds
59f49ded: raises 450 to 750
125d70cf: raises 4,650 to 5,400 and is all-in
59f49ded: folds
Uncalled bet (4,650) returned to 125d70cf
*** SHOWDOWN ***
125d70cf collected 1,860 from pot
*** SUMMARY ***
Total pot 1,860 | Rake 0 | Jackpot 0 | Bingo 0 | Fortune 0 | Tax 0
Seat 1: e6ccf4cc folded before Flop
Seat 2: 8c295e0 folded before Flop
Seat 3: Hero folded before Flop
Seat 4: 23b2e9ea folded before Flop
Seat 5: 728f1458 folded before Flop
Seat 6: 58e0369d (button) folded before Flop
Seat 7: 59f49ded (small blind) folded before Flop
Seat 8: 125d70cf (big blind) collected (1,860)


Poker Hand #TM5624739776: Tournament #265465424, Bounty Hunters Special $10.80 Hold'em No Limit - Level7(150/300(45)) - 2026/02/23 18:30:35
Table '82' 8-max Seat #5 is the button
Seat 1: e6ccf4cc (8,620 in chips)
Seat 2: 8c295e0 (8,711 in chips)
Seat 3: Hero (10,000 in chips)
Seat 4: 23b2e9ea (34,810 in chips)
Seat 5: 728f1458 (33,836 in chips)
Seat 6: 58e0369d (16,895 in chips)
Seat 7: 59f49ded (10,686 in chips)
Seat 8: 125d70cf (5,490 in chips)
Hero: posts the ante 45
23b2e9ea: posts the ante 45
8c295e0: posts the ante 45
125d70cf: posts the ante 45
e6ccf4cc: posts the ante 45
59f49ded: posts the ante 45
728f1458: posts the ante 45
58e0369d: posts the ante 45
58e0369d: posts small blind 150
59f49ded: posts big blind 300
*** HOLE CARDS ***
Dealt to e6ccf4cc 
Dealt to 8c295e0 
Dealt to Hero [9h Th]
Dealt to 23b2e9ea 
Dealt to 728f1458 
Dealt to 58e0369d 
Dealt to 59f49ded 
Dealt to 125d70cf 
125d70cf: folds
e6ccf4cc: folds
8c295e0: folds
Hero: raises 300 to 600
23b2e9ea: folds
728f1458: calls 600
58e0369d: folds
59f49ded: folds
*** FLOP *** [Kd Td 8s]
Hero: bets 664
728f1458: calls 664
*** TURN *** [Kd Td 8s] [6c]
Hero: checks
728f1458: checks
*** RIVER *** [Kd Td 8s 6c] [Qs]
Hero: checks
728f1458: checks
Hero: shows [9h Th] (a pair of Tens)
728f1458: shows [As 9d] (Ace high)
*** SHOWDOWN ***
Hero collected 3,338 from pot
*** SUMMARY ***
Total pot 3,338 | Rake 0 | Jackpot 0 | Bingo 0 | Fortune 0 | Tax 0
Board [Kd Td 8s 6c Qs]
Seat 1: e6ccf4cc folded before Flop
Seat 2: 8c295e0 folded before Flop
Seat 3: Hero showed [9h Th] and won (3,338) with a pair of Tens
Seat 4: 23b2e9ea folded before Flop
Seat 5: 728f1458 (button) showed [As 9d] and lost with Ace high
Seat 6: 58e0369d (small blind) folded before Flop
Seat 7: 59f49ded (big blind) folded before Flop
Seat 8: 125d70cf folded before Flop


