Poker Hand #TM5596476695: Tournament #264778918, APL Series: ¥33 Zodiac Bounty + Horse Hold'em No Limit - Level7(150/300(35)) - 2026/02/16 22:45:05
Table '106' 8-max Seat #5 is the button
Seat 1: b97066ad (15,999 in chips)
Seat 2: 9c28d818 (19,525 in chips)
Seat 3: Hero (8,810 in chips)
Seat 4: 32921854 (14,110 in chips)
Seat 5: 54681f2 (18,046 in chips)
Seat 6: eaab4632 (37,905 in chips)
Seat 7: 65be248c (9,825 in chips)
Seat 8: 76816be6 (7,102 in chips)
32921854: posts the ante 35
b97066ad: posts the ante 35
eaab4632: posts the ante 35
Hero: posts the ante 35
76816be6: posts the ante 35
65be248c: posts the ante 35
9c28d818: posts the ante 35
54681f2: posts the ante 35
eaab4632: posts small blind 150
65be248c: posts big blind 300
*** HOLE CARDS ***
Dealt to b97066ad 
Dealt to 9c28d818 
Dealt to Hero [Qd Qh]
Dealt to 32921854 
Dealt to 54681f2 
Dealt to eaab4632 
Dealt to 65be248c 
Dealt to 76816be6 
76816be6: raises 300 to 600
b97066ad: folds
9c28d818: calls 600
Hero: raises 8,175 to 8,775 and is all-in
32921854: folds
54681f2: folds
eaab4632: folds
65be248c: folds
76816be6: folds
9c28d818: calls 8,175
Hero: shows [Qd Qh]
9c28d818: shows [4h Ad]
*** FLOP *** [6c Td 7d]
*** TURN *** [6c Td 7d] [Kh]
*** RIVER *** [6c Td 7d Kh] [As]
*** SHOWDOWN ***
9c28d818 collected 18,880 from pot
*** SUMMARY ***
Total pot 18,880 | Rake 0 | Jackpot 0 | Bingo 0 | Fortune 0 | Tax 0
Board [6c Td 7d Kh As]
Seat 1: b97066ad folded before Flop
Seat 2: 9c28d818 showed [4h Ad] and won (18,880) with a pair of Aces
Seat 3: Hero showed [Qd Qh] and lost with a pair of Queens
Seat 4: 32921854 folded before Flop
Seat 5: 54681f2 (button) folded before Flop
Seat 6: eaab4632 (small blind) folded before Flop
Seat 7: 65be248c (big blind) folded before Flop
Seat 8: 76816be6 folded before Flop


Poker Hand #TM5596476669: Tournament #264778918, APL Series: ¥33 Zodiac Bounty + Horse Hold'em No Limit - Level7(150/300(35)) - 2026/02/16 22:44:20
Table '106' 8-max Seat #4 is the button
Seat 1: b97066ad (16,034 in chips)
Seat 2: 9c28d818 (19,560 in chips)
Seat 3: Hero (8,845 in chips)
Seat 4: 32921854 (13,115 in chips)
Seat 5: 54681f2 (18,231 in chips)
Seat 6: eaab4632 (38,540 in chips)
Seat 7: 65be248c (9,860 in chips)
Seat 8: 76816be6 (7,137 in chips)
32921854: posts the ante 35
b97066ad: posts the ante 35
eaab4632: posts the ante 35
Hero: posts the ante 35
76816be6: posts the ante 35
65be248c: posts the ante 35
9c28d818: posts the ante 35
54681f2: posts the ante 35
54681f2: posts small blind 150
eaab4632: posts big blind 300
*** HOLE CARDS ***
Dealt to b97066ad 
Dealt to 9c28d818 
Dealt to Hero [4h 7c]
Dealt to 32921854 
Dealt to 54681f2 
Dealt to eaab4632 
Dealt to 65be248c 
Dealt to 76816be6 
65be248c: folds
76816be6: folds
b97066ad: folds
9c28d818: folds
Hero: folds
32921854: raises 300 to 600
54681f2: folds
eaab4632: calls 300
*** FLOP *** [Ah 5d 8c]
eaab4632: checks
32921854: bets 815
eaab4632: folds
Uncalled bet (815) returned to 32921854
*** SHOWDOWN ***
32921854 collected 1,630 from pot
*** SUMMARY ***
Total pot 1,630 | Rake 0 | Jackpot 0 | Bingo 0 | Fortune 0 | Tax 0
Board [Ah 5d 8c]
Seat 1: b97066ad folded before Flop
Seat 2: 9c28d818 folded before Flop
Seat 3: Hero folded before Flop
Seat 4: 32921854 (button) won (1,630)
Seat 5: 54681f2 (small blind) folded before Flop
Seat 6: eaab4632 (big blind) folded on the Flop
Seat 7: 65be248c folded before Flop
Seat 8: 76816be6 folded before Flop


Poker Hand #TM5596476637: Tournament #264778918, APL Series: ¥33 Zodiac Bounty + Horse Hold'em No Limit - Level7(150/300(35)) - 2026/02/16 22:43:25
Table '106' 8-max Seat #3 is the button
Seat 1: b97066ad (16,069 in chips)
Seat 2: 9c28d818 (19,595 in chips)
Seat 3: Hero (8,880 in chips)
Seat 4: 32921854 (10,884 in chips)
Seat 5: 54681f2 (18,566 in chips)
Seat 6: eaab4632 (40,261 in chips)
Seat 7: 65be248c (9,895 in chips)
Seat 8: 76816be6 (7,172 in chips)
32921854: posts the ante 35
b97066ad: posts the ante 35
eaab4632: posts the ante 35
Hero: posts the ante 35
76816be6: posts the ante 35
65be248c: posts the ante 35
9c28d818: posts the ante 35
54681f2: posts the ante 35
32921854: posts small blind 150
54681f2: posts big blind 300
*** HOLE CARDS ***
Dealt to b97066ad 
Dealt to 9c28d818 
Dealt to Hero [Kc 8d]
Dealt to 32921854 
Dealt to 54681f2 
Dealt to eaab4632 
Dealt to 65be248c 
Dealt to 76816be6 
eaab4632: raises 600 to 900
65be248c: folds
76816be6: folds
b97066ad: folds
9c28d818: folds
Hero: folds
32921854: calls 750
54681f2: folds
*** FLOP *** [Kh 3h Ac]
32921854: checks
eaab4632: bets 786
32921854: calls 786
*** TURN *** [Kh 3h Ac] [Td]
32921854: checks
eaab4632: checks
*** RIVER *** [Kh 3h Ac Td] [5d]
32921854: checks
eaab4632: checks
32921854: shows [Jc Kd] (a pair of Kings)
eaab4632: shows [Ts Js] (a pair of Tens)
*** SHOWDOWN ***
32921854 collected 3,952 from pot
*** SUMMARY ***
Total pot 3,952 | Rake 0 | Jackpot 0 | Bingo 0 | Fortune 0 | Tax 0
Board [Kh 3h Ac Td 5d]
Seat 1: b97066ad folded before Flop
Seat 2: 9c28d818 folded before Flop
Seat 3: Hero (button) folded before Flop
Seat 4: 32921854 (small blind) showed [Jc Kd] and won (3,952) with a pair of Kings
Seat 5: 54681f2 (big blind) folded before Flop
Seat 6: eaab4632 showed [Ts Js] and lost with a pair of Tens
Seat 7: 65be248c folded before Flop
Seat 8: 76816be6 folded before Flop


Poker Hand #TM5596476600: Tournament #264778918, APL Series: ¥33 Zodiac Bounty + Horse Hold'em No Limit - Level7(150/300(35)) - 2026/02/16 22:42:20
Table '106' 8-max Seat #2 is the button
Seat 1: b97066ad (16,104 in chips)
Seat 2: 9c28d818 (19,630 in chips)
Seat 3: Hero (9,065 in chips)
Seat 4: 32921854 (11,219 in chips)
Seat 5: 54681f2 (17,936 in chips)
Seat 6: eaab4632 (40,896 in chips)
Seat 7: 65be248c (9,930 in chips)
Seat 8: 76816be6 (6,542 in chips)
32921854: posts the ante 35
b97066ad: posts the ante 35
eaab4632: posts the ante 35
Hero: posts the ante 35
76816be6: posts the ante 35
65be248c: posts the ante 35
9c28d818: posts the ante 35
54681f2: posts the ante 35
Hero: posts small blind 150
32921854: posts big blind 300
*** HOLE CARDS ***
Dealt to b97066ad 
Dealt to 9c28d818 
Dealt to Hero [9s 6s]
Dealt to 32921854 
Dealt to 54681f2 
Dealt to eaab4632 
Dealt to 65be248c 
Dealt to 76816be6 
54681f2: raises 300 to 600
eaab4632: calls 600
65be248c: folds
76816be6: raises 5,907 to 6,507 and is all-in
b97066ad: folds
9c28d818: folds
Hero: folds
32921854: folds
54681f2: raises 11,394 to 17,901 and is all-in
eaab4632: folds
Uncalled bet (11,394) returned to 54681f2
54681f2: shows [Tc Th]
76816be6: shows [Td Ts]
*** FLOP *** [2d 9h Js]
*** TURN *** [2d 9h Js] [5h]
*** RIVER *** [2d 9h Js 5h] [6d]
*** SHOWDOWN ***
76816be6 collected 7,172 from pot
54681f2 collected 7,172 from pot
*** SUMMARY ***
Total pot 14,344 | Rake 0 | Jackpot 0 | Bingo 0 | Fortune 0 | Tax 0
Board [2d 9h Js 5h 6d]
Seat 1: b97066ad folded before Flop
Seat 2: 9c28d818 (button) folded before Flop
Seat 3: Hero (small blind) folded before Flop
Seat 4: 32921854 (big blind) folded before Flop
Seat 5: 54681f2 showed [Tc Th] and won (7,172) with a pair of Tens
Seat 6: eaab4632 folded before Flop
Seat 7: 65be248c folded before Flop
Seat 8: 76816be6 showed [Td Ts] and won (7,172) with a pair of Tens


Poker Hand #TM5596476567: Tournament #264778918, APL Series: ¥33 Zodiac Bounty + Horse Hold'em No Limit - Level7(150/300(35)) - 2026/02/16 22:41:31
Table '106' 8-max Seat #1 is the button
Seat 1: b97066ad (16,139 in chips)
Seat 2: 9c28d818 (16,601 in chips)
Seat 3: Hero (10,000 in chips)
Seat 4: 32921854 (11,254 in chips)
Seat 5: 54681f2 (17,971 in chips)
Seat 6: eaab4632 (42,815 in chips)
Seat 7: 65be248c (9,965 in chips)
Seat 8: 76816be6 (6,577 in chips)
32921854: posts the ante 35
b97066ad: posts the ante 35
eaab4632: posts the ante 35
Hero: posts the ante 35
76816be6: posts the ante 35
65be248c: posts the ante 35
9c28d818: posts the ante 35
54681f2: posts the ante 35
9c28d818: posts small blind 150
Hero: posts big blind 300
*** HOLE CARDS ***
Dealt to b97066ad 
Dealt to 9c28d818 
Dealt to Hero [Ah 7d]
Dealt to 32921854 
Dealt to 54681f2 
Dealt to eaab4632 
Dealt to 65be248c 
Dealt to 76816be6 
32921854: folds
54681f2: folds
eaab4632: raises 600 to 900
65be248c: folds
76816be6: folds
b97066ad: folds
9c28d818: calls 750
Hero: calls 600
*** FLOP *** [2c Kh 8s]
9c28d818: checks
Hero: checks
eaab4632: bets 984
9c28d818: raises 2,474 to 3,458
Hero: folds
eaab4632: folds
Uncalled bet (2,474) returned to 9c28d818
*** SHOWDOWN ***
9c28d818 collected 4,948 from pot
*** SUMMARY ***
Total pot 4,948 | Rake 0 | Jackpot 0 | Bingo 0 | Fortune 0 | Tax 0
Board [2c Kh 8s]
Seat 1: b97066ad (button) folded before Flop
Seat 2: 9c28d818 (small blind) won (4,948)
Seat 3: Hero (big blind) folded on the Flop
Seat 4: 32921854 folded before Flop
Seat 5: 54681f2 folded before Flop
Seat 6: eaab4632 folded on the Flop
Seat 7: 65be248c folded before Flop
Seat 8: 76816be6 folded before Flop


