Poker Hand #TM5624952429: Tournament #265509372, Bounty Hunters Deepstack Turbo $10.80 Hold'em No Limit - Level5(125/250(35)) - 2026/02/23 22:48:37
Table '7' 8-max Seat #8 is the button
Seat 1: 7925d0f5 (44,613 in chips)
Seat 2: ec95577c (42,772 in chips)
Seat 3: 568ae666 (19,424 in chips)
Seat 4: Hero (2,159 in chips)
Seat 5: 3efa11ea (37,461 in chips)
Seat 6: 5f757724 (66,531 in chips)
Seat 7: 828b86a0 (19,255 in chips)
Seat 8: b4916be (27,965 in chips)
828b86a0: posts the ante 35
3efa11ea: posts the ante 35
568ae666: posts the ante 35
Hero: posts the ante 35
5f757724: posts the ante 35
b4916be: posts the ante 35
7925d0f5: posts the ante 35
ec95577c: posts the ante 35
7925d0f5: posts small blind 125
ec95577c: posts big blind 250
*** HOLE CARDS ***
Dealt to 7925d0f5 
Dealt to ec95577c 
Dealt to 568ae666 
Dealt to Hero [As Ks]
Dealt to 3efa11ea 
Dealt to 5f757724 
Dealt to 828b86a0 
Dealt to b4916be 
568ae666: raises 250 to 500
Hero: raises 1,624 to 2,124 and is all-in
3efa11ea: raises 35,302 to 37,426 and is all-in
5f757724: folds
828b86a0: folds
b4916be: folds
7925d0f5: folds
ec95577c: folds
568ae666: calls 18,889 and is all-in
Uncalled bet (18,037) returned to 3efa11ea
3efa11ea: shows [Ac 8h]
568ae666: shows [Qs Qc]
Hero: shows [As Ks]
*** FLOP *** [Qd 3h 4d]
*** TURN *** [Qd 3h 4d] [7s]
*** RIVER *** [Qd 3h 4d 7s] [5s]
*** SHOWDOWN ***
568ae666 collected 7,027 from pot
568ae666 collected 34,530 from pot
*** SUMMARY ***
Total pot 41,557 | Rake 0 | Jackpot 0 | Bingo 0 | Fortune 0 | Tax 0
Board [Qd 3h 4d 7s 5s]
Seat 1: 7925d0f5 (small blind) folded before Flop
Seat 2: ec95577c (big blind) folded before Flop
Seat 3: 568ae666 showed [Qs Qc] and won (41,557) with three of a kind, Queens
Seat 4: Hero showed [As Ks] and lost with Ace high
Seat 5: 3efa11ea showed [Ac 8h] and lost with Ace high
Seat 6: 5f757724 folded before Flop
Seat 7: 828b86a0 folded before Flop
Seat 8: b4916be (button) folded before Flop


Poker Hand #TM5624952349: Tournament #265509372, Bounty Hunters Deepstack Turbo $10.80 Hold'em No Limit - Level5(125/250(35)) - 2026/02/23 22:47:00
Table '7' 8-max Seat #7 is the button
Seat 1: 7925d0f5 (45,198 in chips)
Seat 2: ec95577c (42,807 in chips)
Seat 3: 568ae666 (20,009 in chips)
Seat 4: Hero (2,194 in chips)
Seat 5: 3efa11ea (37,496 in chips)
Seat 6: 5f757724 (64,636 in chips)
Seat 7: 828b86a0 (19,290 in chips)
Seat 8: b4916be (28,550 in chips)
828b86a0: posts the ante 35
3efa11ea: posts the ante 35
568ae666: posts the ante 35
Hero: posts the ante 35
5f757724: posts the ante 35
b4916be: posts the ante 35
7925d0f5: posts the ante 35
ec95577c: posts the ante 35
b4916be: posts small blind 125
7925d0f5: posts big blind 250
*** HOLE CARDS ***
Dealt to 7925d0f5 
Dealt to ec95577c 
Dealt to 568ae666 
Dealt to Hero [9h 7s]
Dealt to 3efa11ea 
Dealt to 5f757724 
Dealt to 828b86a0 
Dealt to b4916be 
ec95577c: folds
568ae666: raises 300 to 550
Hero: folds
3efa11ea: folds
5f757724: calls 550
828b86a0: folds
b4916be: calls 425
7925d0f5: calls 300
*** FLOP *** [4d Ad Ac]
b4916be: checks
7925d0f5: checks
568ae666: checks
5f757724: checks
*** TURN *** [4d Ad Ac] [Kc]
b4916be: checks
7925d0f5: checks
568ae666: checks
5f757724: checks
*** RIVER *** [4d Ad Ac Kc] [7c]
b4916be: checks
7925d0f5: checks
568ae666: checks
5f757724: bets 1,860
b4916be: folds
7925d0f5: folds
568ae666: folds
Uncalled bet (1,860) returned to 5f757724
*** SHOWDOWN ***
5f757724 collected 2,480 from pot
*** SUMMARY ***
Total pot 2,480 | Rake 0 | Jackpot 0 | Bingo 0 | Fortune 0 | Tax 0
Board [4d Ad Ac Kc 7c]
Seat 1: 7925d0f5 (big blind) folded on the River
Seat 2: ec95577c folded before Flop
Seat 3: 568ae666 folded on the River
Seat 4: Hero folded before Flop
Seat 5: 3efa11ea folded before Flop
Seat 6: 5f757724 won (2,480)
Seat 7: 828b86a0 (button) folded before Flop
Seat 8: b4916be (small blind) folded on the River


Poker Hand #TM5624952240: Tournament #265509372, Bounty Hunters Deepstack Turbo $10.80 Hold'em No Limit - Level4(100/200(30)) - 2026/02/23 22:44:39
Table '7' 8-max Seat #6 is the button
Seat 1: 7925d0f5 (21,724 in chips)
Seat 2: ec95577c (42,837 in chips)
Seat 3: 568ae666 (20,039 in chips)
Seat 4: Hero (23,918 in chips)
Seat 5: 3efa11ea (37,526 in chips)
Seat 6: 5f757724 (65,936 in chips)
Seat 7: 828b86a0 (19,420 in chips)
Seat 8: b4916be (28,780 in chips)
828b86a0: posts the ante 30
3efa11ea: posts the ante 30
568ae666: posts the ante 30
Hero: posts the ante 30
5f757724: posts the ante 30
b4916be: posts the ante 30
7925d0f5: posts the ante 30
ec95577c: posts the ante 30
828b86a0: posts small blind 100
b4916be: posts big blind 200
*** HOLE CARDS ***
Dealt to 7925d0f5 
Dealt to ec95577c 
Dealt to 568ae666 
Dealt to Hero [Jh Ac]
Dealt to 3efa11ea 
Dealt to 5f757724 
Dealt to 828b86a0 
Dealt to b4916be 
7925d0f5: raises 200 to 400
ec95577c: folds
568ae666: folds
Hero: raises 870 to 1,270
3efa11ea: folds
5f757724: calls 1,270
828b86a0: folds
b4916be: folds
7925d0f5: calls 870
*** FLOP *** [3s Th Qs]
7925d0f5: checks
Hero: bets 1,436
5f757724: folds
7925d0f5: calls 1,436
*** TURN *** [3s Th Qs] [5d]
7925d0f5: checks
Hero: bets 4,011
7925d0f5: calls 4,011
*** RIVER *** [3s Th Qs 5d] [8c]
7925d0f5: bets 14,977 and is all-in
Hero: calls 14,977
7925d0f5: shows [Kd Qd] (a pair of Queens)
Hero: shows [Jh Ac] (Ace high)
*** SHOWDOWN ***
7925d0f5 collected 45,198 from pot
*** SUMMARY ***
Total pot 45,198 | Rake 0 | Jackpot 0 | Bingo 0 | Fortune 0 | Tax 0
Board [3s Th Qs 5d 8c]
Seat 1: 7925d0f5 showed [Kd Qd] and won (45,198) with a pair of Queens
Seat 2: ec95577c folded before Flop
Seat 3: 568ae666 folded before Flop
Seat 4: Hero showed [Jh Ac] and lost with Ace high
Seat 5: 3efa11ea folded before Flop
Seat 6: 5f757724 (button) folded on the Flop
Seat 7: 828b86a0 (small blind) folded before Flop
Seat 8: b4916be (big blind) folded before Flop


Poker Hand #TM5624952214: Tournament #265509372, Bounty Hunters Deepstack Turbo $10.80 Hold'em No Limit - Level4(100/200(30)) - 2026/02/23 22:44:04
Table '7' 8-max Seat #5 is the button
Seat 1: 7925d0f5 (22,154 in chips)
Seat 2: ec95577c (42,867 in chips)
Seat 3: 568ae666 (20,069 in chips)
Seat 4: Hero (23,948 in chips)
Seat 5: 3efa11ea (37,956 in chips)
Seat 6: 5f757724 (64,526 in chips)
Seat 7: 828b86a0 (19,850 in chips)
Seat 8: b4916be (28,810 in chips)
828b86a0: posts the ante 30
3efa11ea: posts the ante 30
568ae666: posts the ante 30
Hero: posts the ante 30
5f757724: posts the ante 30
b4916be: posts the ante 30
7925d0f5: posts the ante 30
ec95577c: posts the ante 30
5f757724: posts small blind 100
828b86a0: posts big blind 200
*** HOLE CARDS ***
Dealt to 7925d0f5 
Dealt to ec95577c 
Dealt to 568ae666 
Dealt to Hero [Ad 8s]
Dealt to 3efa11ea 
Dealt to 5f757724 
Dealt to 828b86a0 
Dealt to b4916be 
b4916be: folds
7925d0f5: raises 200 to 400
ec95577c: folds
568ae666: folds
Hero: folds
3efa11ea: calls 400
5f757724: calls 300
828b86a0: calls 200
*** FLOP *** [6c 9c 8c]
5f757724: bets 920
828b86a0: folds
7925d0f5: folds
3efa11ea: folds
Uncalled bet (920) returned to 5f757724
*** SHOWDOWN ***
5f757724 collected 1,840 from pot
*** SUMMARY ***
Total pot 1,840 | Rake 0 | Jackpot 0 | Bingo 0 | Fortune 0 | Tax 0
Board [6c 9c 8c]
Seat 1: 7925d0f5 folded on the Flop
Seat 2: ec95577c folded before Flop
Seat 3: 568ae666 folded before Flop
Seat 4: Hero folded before Flop
Seat 5: 3efa11ea (button) folded on the Flop
Seat 6: 5f757724 (small blind) won (1,840)
Seat 7: 828b86a0 (big blind) folded on the Flop
Seat 8: b4916be folded before Flop


Poker Hand #TM5624952179: Tournament #265509372, Bounty Hunters Deepstack Turbo $10.80 Hold'em No Limit - Level4(100/200(30)) - 2026/02/23 22:43:26
Table '7' 8-max Seat #4 is the button
Seat 1: 7925d0f5 (22,184 in chips)
Seat 2: ec95577c (44,152 in chips)
Seat 3: 568ae666 (20,099 in chips)
Seat 4: Hero (23,978 in chips)
Seat 5: 3efa11ea (38,086 in chips)
Seat 6: 5f757724 (62,961 in chips)
Seat 7: 828b86a0 (19,880 in chips)
Seat 8: b4916be (28,840 in chips)
828b86a0: posts the ante 30
568ae666: posts the ante 30
3efa11ea: posts the ante 30
Hero: posts the ante 30
5f757724: posts the ante 30
b4916be: posts the ante 30
7925d0f5: posts the ante 30
ec95577c: posts the ante 30
3efa11ea: posts small blind 100
5f757724: posts big blind 200
*** HOLE CARDS ***
Dealt to 7925d0f5 
Dealt to ec95577c 
Dealt to 568ae666 
Dealt to Hero [Qh 8s]
Dealt to 3efa11ea 
Dealt to 5f757724 
Dealt to 828b86a0 
Dealt to b4916be 
828b86a0: folds
b4916be: folds
7925d0f5: folds
ec95577c: raises 200 to 400
568ae666: folds
Hero: folds
3efa11ea: folds
5f757724: calls 200
*** FLOP *** [Kd Jc Tc]
5f757724: checks
ec95577c: checks
*** TURN *** [Kd Jc Tc] [Qc]
5f757724: bets 855
ec95577c: calls 855
*** RIVER *** [Kd Jc Tc Qc] [2c]
5f757724: bets 2,138
ec95577c: folds
Uncalled bet (2,138) returned to 5f757724
*** SHOWDOWN ***
5f757724 collected 2,850 from pot
*** SUMMARY ***
Total pot 2,850 | Rake 0 | Jackpot 0 | Bingo 0 | Fortune 0 | Tax 0
Board [Kd Jc Tc Qc 2c]
Seat 1: 7925d0f5 folded before Flop
Seat 2: ec95577c folded on the River
Seat 3: 568ae666 folded before Flop
Seat 4: Hero (button) folded before Flop
Seat 5: 3efa11ea (small blind) folded before Flop
Seat 6: 5f757724 (big blind) won (2,850)
Seat 7: 828b86a0 folded before Flop
Seat 8: b4916be folded before Flop


Poker Hand #TM5624952146: Tournament #265509372, Bounty Hunters Deepstack Turbo $10.80 Hold'em No Limit - Level4(100/200(30)) - 2026/02/23 22:42:46
Table '7' 8-max Seat #3 is the button
Seat 1: 7925d0f5 (22,214 in chips)
Seat 2: ec95577c (41,686 in chips)
Seat 3: 568ae666 (20,129 in chips)
Seat 4: Hero (24,108 in chips)
Seat 5: 3efa11ea (38,316 in chips)
Seat 6: 5f757724 (64,947 in chips)
Seat 7: 828b86a0 (19,910 in chips)
Seat 8: b4916be (28,870 in chips)
828b86a0: posts the ante 30
568ae666: posts the ante 30
3efa11ea: posts the ante 30
Hero: posts the ante 30
5f757724: posts the ante 30
b4916be: posts the ante 30
7925d0f5: posts the ante 30
ec95577c: posts the ante 30
Hero: posts small blind 100
3efa11ea: posts big blind 200
*** HOLE CARDS ***
Dealt to 7925d0f5 
Dealt to ec95577c 
Dealt to 568ae666 
Dealt to Hero [2h Ks]
Dealt to 3efa11ea 
Dealt to 5f757724 
Dealt to 828b86a0 
Dealt to b4916be 
5f757724: calls 200
828b86a0: folds
b4916be: folds
7925d0f5: folds
ec95577c: raises 200 to 400
568ae666: folds
Hero: folds
3efa11ea: folds
5f757724: calls 200
*** FLOP *** [3c Js Ad]
5f757724: checks
ec95577c: bets 443
5f757724: raises 1,113 to 1,556
ec95577c: calls 1,113
*** TURN *** [3c Js Ad] [4d]
5f757724: checks
ec95577c: checks
*** RIVER *** [3c Js Ad 4d] [3h]
5f757724: checks
ec95577c: checks
5f757724: shows [8d 7h] (a pair of Threes)
ec95577c: shows [5d 5s] (two pair, Fives and Threes)
*** SHOWDOWN ***
ec95577c collected 4,452 from pot
*** SUMMARY ***
Total pot 4,452 | Rake 0 | Jackpot 0 | Bingo 0 | Fortune 0 | Tax 0
Board [3c Js Ad 4d 3h]
Seat 1: 7925d0f5 folded before Flop
Seat 2: ec95577c showed [5d 5s] and won (4,452) with two pair, Fives and Threes
Seat 3: 568ae666 (button) folded before Flop
Seat 4: Hero (small blind) folded before Flop
Seat 5: 3efa11ea (big blind) folded before Flop
Seat 6: 5f757724 showed [8d 7h] and lost with a pair of Threes
Seat 7: 828b86a0 folded before Flop
Seat 8: b4916be folded before Flop


Poker Hand #TM5624952131: Tournament #265509372, Bounty Hunters Deepstack Turbo $10.80 Hold'em No Limit - Level4(100/200(30)) - 2026/02/23 22:42:23
Table '7' 8-max Seat #2 is the button
Seat 1: 7925d0f5 (22,244 in chips)
Seat 2: ec95577c (41,716 in chips)
Seat 3: 568ae666 (20,259 in chips)
Seat 4: Hero (23,798 in chips)
Seat 5: 3efa11ea (38,346 in chips)
Seat 6: 5f757724 (64,977 in chips)
Seat 7: 828b86a0 (19,940 in chips)
Seat 8: b4916be (28,900 in chips)
828b86a0: posts the ante 30
3efa11ea: posts the ante 30
568ae666: posts the ante 30
Hero: posts the ante 30
5f757724: posts the ante 30
b4916be: posts the ante 30
7925d0f5: posts the ante 30
ec95577c: posts the ante 30
568ae666: posts small blind 100
Hero: posts big blind 200
*** HOLE CARDS ***
Dealt to 7925d0f5 
Dealt to ec95577c 
Dealt to 568ae666 
Dealt to Hero [7h 2c]
Dealt to 3efa11ea 
Dealt to 5f757724 
Dealt to 828b86a0 
Dealt to b4916be 
3efa11ea: folds
5f757724: folds
828b86a0: folds
b4916be: folds
7925d0f5: folds
ec95577c: folds
568ae666: folds
Uncalled bet (100) returned to Hero
*** SHOWDOWN ***
Hero collected 440 from pot
*** SUMMARY ***
Total pot 440 | Rake 0 | Jackpot 0 | Bingo 0 | Fortune 0 | Tax 0
Seat 1: 7925d0f5 folded before Flop
Seat 2: ec95577c (button) folded before Flop
Seat 3: 568ae666 (small blind) folded before Flop
Seat 4: Hero (big blind) collected (440)
Seat 5: 3efa11ea folded before Flop
Seat 6: 5f757724 folded before Flop
Seat 7: 828b86a0 folded before Flop
Seat 8: b4916be folded before Flop


Poker Hand #TM5624952079: Tournament #265509372, Bounty Hunters Deepstack Turbo $10.80 Hold'em No Limit - Level4(100/200(30)) - 2026/02/23 22:41:07
Table '7' 8-max Seat #1 is the button
Seat 1: 7925d0f5 (22,474 in chips)
Seat 2: ec95577c (41,846 in chips)
Seat 3: 568ae666 (19,349 in chips)
Seat 4: Hero (23,828 in chips)
Seat 5: 3efa11ea (38,376 in chips)
Seat 6: 5f757724 (65,207 in chips)
Seat 7: 828b86a0 (19,970 in chips)
Seat 8: b4916be (29,130 in chips)
828b86a0: posts the ante 30
3efa11ea: posts the ante 30
568ae666: posts the ante 30
Hero: posts the ante 30
5f757724: posts the ante 30
b4916be: posts the ante 30
7925d0f5: posts the ante 30
ec95577c: posts the ante 30
ec95577c: posts small blind 100
568ae666: posts big blind 200
*** HOLE CARDS ***
Dealt to 7925d0f5 
Dealt to ec95577c 
Dealt to 568ae666 
Dealt to Hero [8c 6h]
Dealt to 3efa11ea 
Dealt to 5f757724 
Dealt to 828b86a0 
Dealt to b4916be 
Hero: folds
3efa11ea: folds
5f757724: calls 200
828b86a0: folds
b4916be: calls 200
7925d0f5: calls 200
ec95577c: folds
568ae666: checks
*** FLOP *** [Ks Kh Jc]
568ae666: checks
5f757724: checks
b4916be: checks
7925d0f5: checks
*** TURN *** [Ks Kh Jc] [4h]
568ae666: bets 570
5f757724: folds
b4916be: folds
7925d0f5: folds
Uncalled bet (570) returned to 568ae666
*** SHOWDOWN ***
568ae666 collected 1,140 from pot
*** SUMMARY ***
Total pot 1,140 | Rake 0 | Jackpot 0 | Bingo 0 | Fortune 0 | Tax 0
Board [Ks Kh Jc 4h]
Seat 1: 7925d0f5 (button) folded on the Turn
Seat 2: ec95577c (small blind) folded before Flop
Seat 3: 568ae666 (big blind) won (1,140)
Seat 4: Hero folded before Flop
Seat 5: 3efa11ea folded before Flop
Seat 6: 5f757724 folded on the Turn
Seat 7: 828b86a0 folded before Flop
Seat 8: b4916be folded on the Turn


Poker Hand #TM5624952041: Tournament #265509372, Bounty Hunters Deepstack Turbo $10.80 Hold'em No Limit - Level4(100/200(30)) - 2026/02/23 22:40:19
Table '7' 8-max Seat #8 is the button
Seat 1: 7925d0f5 (20,225 in chips)
Seat 2: ec95577c (42,076 in chips)
Seat 3: 568ae666 (19,379 in chips)
Seat 4: Hero (25,697 in chips)
Seat 5: 3efa11ea (38,406 in chips)
Seat 6: 5f757724 (65,237 in chips)
Seat 7: 828b86a0 (20,000 in chips)
Seat 8: b4916be (29,160 in chips)
828b86a0: posts the ante 30
3efa11ea: posts the ante 30
568ae666: posts the ante 30
Hero: posts the ante 30
5f757724: posts the ante 30
b4916be: posts the ante 30
7925d0f5: posts the ante 30
ec95577c: posts the ante 30
7925d0f5: posts small blind 100
ec95577c: posts big blind 200
*** HOLE CARDS ***
Dealt to 7925d0f5 
Dealt to ec95577c 
Dealt to 568ae666 
Dealt to Hero [Ac 8c]
Dealt to 3efa11ea 
Dealt to 5f757724 
Dealt to 828b86a0 
Dealt to b4916be 
568ae666: folds
Hero: raises 200 to 400
3efa11ea: folds
5f757724: folds
828b86a0: folds
b4916be: folds
7925d0f5: calls 300
ec95577c: folds
*** FLOP *** [Td 8s 6h]
7925d0f5: checks
Hero: bets 620
7925d0f5: raises 819 to 1,439
Hero: calls 819
*** TURN *** [Td 8s 6h] [Jc]
7925d0f5: bets 3,000
Hero: folds
Uncalled bet (3,000) returned to 7925d0f5
*** SHOWDOWN ***
7925d0f5 collected 4,118 from pot
*** SUMMARY ***
Total pot 4,118 | Rake 0 | Jackpot 0 | Bingo 0 | Fortune 0 | Tax 0
Board [Td 8s 6h Jc]
Seat 1: 7925d0f5 (small blind) won (4,118)
Seat 2: ec95577c (big blind) folded before Flop
Seat 3: 568ae666 folded before Flop
Seat 4: Hero folded on the Turn
Seat 5: 3efa11ea folded before Flop
Seat 6: 5f757724 folded before Flop
Seat 7: 828b86a0 folded before Flop
Seat 8: b4916be (button) folded before Flop


Poker Hand #TM5624951986: Tournament #265509372, Bounty Hunters Deepstack Turbo $10.80 Hold'em No Limit - Level4(100/200(30)) - 2026/02/23 22:39:09
Table '7' 8-max Seat #7 is the button
Seat 1: 7925d0f5 (20,455 in chips)
Seat 2: ec95577c (42,106 in chips)
Seat 3: 568ae666 (19,409 in chips)
Seat 4: Hero (25,727 in chips)
Seat 5: 3efa11ea (38,836 in chips)
Seat 6: 5f757724 (43,817 in chips)
Seat 7: cbcd931b (20,540 in chips)
Seat 8: b4916be (29,290 in chips)
3efa11ea: posts the ante 30
568ae666: posts the ante 30
Hero: posts the ante 30
5f757724: posts the ante 30
b4916be: posts the ante 30
7925d0f5: posts the ante 30
cbcd931b: posts the ante 30
ec95577c: posts the ante 30
b4916be: posts small blind 100
7925d0f5: posts big blind 200
*** HOLE CARDS ***
Dealt to 7925d0f5 
Dealt to ec95577c 
Dealt to 568ae666 
Dealt to Hero [4d Th]
Dealt to 3efa11ea 
Dealt to 5f757724 
Dealt to cbcd931b 
Dealt to b4916be 
ec95577c: folds
568ae666: folds
Hero: folds
3efa11ea: raises 200 to 400
5f757724: raises 670 to 1,070
cbcd931b: raises 1,370 to 2,440
b4916be: folds
7925d0f5: folds
3efa11ea: folds
5f757724: calls 1,370
*** FLOP *** [7c Ad 5d]
5f757724: checks
cbcd931b: bets 1,455
5f757724: raises 1,455 to 2,910
cbcd931b: calls 1,455
*** TURN *** [7c Ad 5d] [Jh]
5f757724: bets 38,437 and is all-in
cbcd931b: calls 15,160 and is all-in
Uncalled bet (23,277) returned to 5f757724
5f757724: shows [5s 5c] (three of a kind, Fives)
cbcd931b: shows [Ah Qs] (a pair of Aces)
*** RIVER *** [7c Ad 5d Jh] [Kc]
*** SHOWDOWN ***
5f757724 collected 41,960 from pot
*** SUMMARY ***
Total pot 41,960 | Rake 0 | Jackpot 0 | Bingo 0 | Fortune 0 | Tax 0
Board [7c Ad 5d Jh Kc]
Seat 1: 7925d0f5 (big blind) folded before Flop
Seat 2: ec95577c folded before Flop
Seat 3: 568ae666 folded before Flop
Seat 4: Hero folded before Flop
Seat 5: 3efa11ea folded before Flop
Seat 6: 5f757724 showed [5s 5c] and won (41,960) with three of a kind, Fives
Seat 7: cbcd931b (button) showed [Ah Qs] and lost with a pair of Aces
Seat 8: b4916be (small blind) folded before Flop


Poker Hand #TM5624951969: Tournament #265509372, Bounty Hunters Deepstack Turbo $10.80 Hold'em No Limit - Level3(75/150(20)) - 2026/02/23 22:38:44
Table '7' 8-max Seat #6 is the button
Seat 1: 7925d0f5 (20,475 in chips)
Seat 2: ec95577c (42,126 in chips)
Seat 3: 568ae666 (19,429 in chips)
Seat 4: Hero (26,047 in chips)
Seat 5: 3efa11ea (38,171 in chips)
Seat 6: 5f757724 (43,837 in chips)
Seat 7: cbcd931b (20,635 in chips)
Seat 8: b4916be (29,460 in chips)
3efa11ea: posts the ante 20
568ae666: posts the ante 20
Hero: posts the ante 20
5f757724: posts the ante 20
b4916be: posts the ante 20
7925d0f5: posts the ante 20
cbcd931b: posts the ante 20
ec95577c: posts the ante 20
cbcd931b: posts small blind 75
b4916be: posts big blind 150
*** HOLE CARDS ***
Dealt to 7925d0f5 
Dealt to ec95577c 
Dealt to 568ae666 
Dealt to Hero [4h Ac]
Dealt to 3efa11ea 
Dealt to 5f757724 
Dealt to cbcd931b 
Dealt to b4916be 
7925d0f5: folds
ec95577c: folds
568ae666: folds
Hero: raises 150 to 300
3efa11ea: raises 814 to 1,114
5f757724: folds
cbcd931b: folds
b4916be: folds
Hero: folds
Uncalled bet (814) returned to 3efa11ea
*** SHOWDOWN ***
3efa11ea collected 985 from pot
*** SUMMARY ***
Total pot 985 | Rake 0 | Jackpot 0 | Bingo 0 | Fortune 0 | Tax 0
Seat 1: 7925d0f5 folded before Flop
Seat 2: ec95577c folded before Flop
Seat 3: 568ae666 folded before Flop
Seat 4: Hero folded before Flop
Seat 5: 3efa11ea collected (985)
Seat 6: 5f757724 (button) folded before Flop
Seat 7: cbcd931b (small blind) folded before Flop
Seat 8: b4916be (big blind) folded before Flop


Poker Hand #TM5624951938: Tournament #265509372, Bounty Hunters Deepstack Turbo $10.80 Hold'em No Limit - Level3(75/150(20)) - 2026/02/23 22:38:04
Table '7' 8-max Seat #5 is the button
Seat 1: 7925d0f5 (19,960 in chips)
Seat 2: ec95577c (42,146 in chips)
Seat 3: 568ae666 (19,449 in chips)
Seat 4: Hero (26,067 in chips)
Seat 5: 3efa11ea (38,191 in chips)
Seat 6: 5f757724 (43,932 in chips)
Seat 7: cbcd931b (20,955 in chips)
Seat 8: b4916be (29,480 in chips)
3efa11ea: posts the ante 20
568ae666: posts the ante 20
Hero: posts the ante 20
5f757724: posts the ante 20
b4916be: posts the ante 20
7925d0f5: posts the ante 20
cbcd931b: posts the ante 20
ec95577c: posts the ante 20
5f757724: posts small blind 75
cbcd931b: posts big blind 150
*** HOLE CARDS ***
Dealt to 7925d0f5 
Dealt to ec95577c 
Dealt to 568ae666 
Dealt to Hero [7c 3s]
Dealt to 3efa11ea 
Dealt to 5f757724 
Dealt to cbcd931b 
Dealt to b4916be 
b4916be: folds
7925d0f5: raises 150 to 300
ec95577c: folds
568ae666: folds
Hero: folds
3efa11ea: folds
5f757724: folds
cbcd931b: calls 150
*** FLOP *** [5d 5c Ah]
cbcd931b: checks
7925d0f5: bets 276
cbcd931b: folds
Uncalled bet (276) returned to 7925d0f5
*** SHOWDOWN ***
7925d0f5 collected 835 from pot
*** SUMMARY ***
Total pot 835 | Rake 0 | Jackpot 0 | Bingo 0 | Fortune 0 | Tax 0
Board [5d 5c Ah]
Seat 1: 7925d0f5 won (835)
Seat 2: ec95577c folded before Flop
Seat 3: 568ae666 folded before Flop
Seat 4: Hero folded before Flop
Seat 5: 3efa11ea (button) folded before Flop
Seat 6: 5f757724 (small blind) folded before Flop
Seat 7: cbcd931b (big blind) folded on the Flop
Seat 8: b4916be folded before Flop


Poker Hand #TM5624951900: Tournament #265509372, Bounty Hunters Deepstack Turbo $10.80 Hold'em No Limit - Level3(75/150(20)) - 2026/02/23 22:37:14
Table '7' 8-max Seat #4 is the button
Seat 1: 7925d0f5 (19,980 in chips)
Seat 2: ec95577c (42,496 in chips)
Seat 3: 568ae666 (19,469 in chips)
Seat 4: Hero (26,417 in chips)
Seat 5: 3efa11ea (36,911 in chips)
Seat 6: 5f757724 (44,102 in chips)
Seat 7: cbcd931b (20,975 in chips)
Seat 8: b4916be (29,830 in chips)
568ae666: posts the ante 20
3efa11ea: posts the ante 20
Hero: posts the ante 20
5f757724: posts the ante 20
b4916be: posts the ante 20
7925d0f5: posts the ante 20
cbcd931b: posts the ante 20
ec95577c: posts the ante 20
3efa11ea: posts small blind 75
5f757724: posts big blind 150
*** HOLE CARDS ***
Dealt to 7925d0f5 
Dealt to ec95577c 
Dealt to 568ae666 
Dealt to Hero [4c 4d]
Dealt to 3efa11ea 
Dealt to 5f757724 
Dealt to cbcd931b 
Dealt to b4916be 
cbcd931b: folds
b4916be: raises 180 to 330
7925d0f5: folds
ec95577c: calls 330
568ae666: folds
Hero: calls 330
3efa11ea: raises 2,670 to 3,000
5f757724: folds
b4916be: folds
ec95577c: folds
Hero: folds
Uncalled bet (2,670) returned to 3efa11ea
*** SHOWDOWN ***
3efa11ea collected 1,630 from pot
*** SUMMARY ***
Total pot 1,630 | Rake 0 | Jackpot 0 | Bingo 0 | Fortune 0 | Tax 0
Seat 1: 7925d0f5 folded before Flop
Seat 2: ec95577c folded before Flop
Seat 3: 568ae666 folded before Flop
Seat 4: Hero (button) folded before Flop
Seat 5: 3efa11ea (small blind) collected (1,630)
Seat 6: 5f757724 (big blind) folded before Flop
Seat 7: cbcd931b folded before Flop
Seat 8: b4916be folded before Flop


Poker Hand #TM5624951852: Tournament #265509372, Bounty Hunters Deepstack Turbo $10.80 Hold'em No Limit - Level3(75/150(20)) - 2026/02/23 22:36:14
Table '7' 8-max Seat #3 is the button
Seat 1: 7925d0f5 (20,000 in chips)
Seat 2: ec95577c (41,906 in chips)
Seat 3: 568ae666 (19,489 in chips)
Seat 4: Hero (26,512 in chips)
Seat 5: 3efa11ea (37,306 in chips)
Seat 6: 5f757724 (44,122 in chips)
Seat 7: cbcd931b (20,995 in chips)
Seat 8: b4916be (29,850 in chips)
568ae666: posts the ante 20
3efa11ea: posts the ante 20
Hero: posts the ante 20
5f757724: posts the ante 20
b4916be: posts the ante 20
7925d0f5: posts the ante 20
cbcd931b: posts the ante 20
ec95577c: posts the ante 20
Hero: posts small blind 75
3efa11ea: posts big blind 150
*** HOLE CARDS ***
Dealt to 7925d0f5 
Dealt to ec95577c 
Dealt to 568ae666 
Dealt to Hero [Ts 6h]
Dealt to 3efa11ea 
Dealt to 5f757724 
Dealt to cbcd931b 
Dealt to b4916be 
5f757724: folds
cbcd931b: folds
b4916be: folds
7925d0f5: folds
ec95577c: raises 225 to 375
568ae666: folds
Hero: folds
3efa11ea: calls 225
*** FLOP *** [Ks 2s 2d]
3efa11ea: checks
ec95577c: checks
*** TURN *** [Ks 2s 2d] [Ac]
3efa11ea: checks
ec95577c: bets 326
3efa11ea: folds
Uncalled bet (326) returned to ec95577c
*** SHOWDOWN ***
ec95577c collected 985 from pot
*** SUMMARY ***
Total pot 985 | Rake 0 | Jackpot 0 | Bingo 0 | Fortune 0 | Tax 0
Board [Ks 2s 2d Ac]
Seat 1: 7925d0f5 folded before Flop
Seat 2: ec95577c showed [Ad] and won (985)
Seat 3: 568ae666 (button) folded before Flop
Seat 4: Hero (small blind) folded before Flop
Seat 5: 3efa11ea (big blind) folded on the Turn
Seat 6: 5f757724 folded before Flop
Seat 7: cbcd931b folded before Flop
Seat 8: b4916be folded before Flop


Poker Hand #TM5624951811: Tournament #265509372, Bounty Hunters Deepstack Turbo $10.80 Hold'em No Limit - Level3(75/150(20)) - 2026/02/23 22:35:13
Table '7' 8-max Seat #2 is the button
Seat 1: 30030ab (2,750 in chips)
Seat 2: ec95577c (31,235 in chips)
Seat 3: 568ae666 (19,584 in chips)
Seat 4: Hero (26,682 in chips)
Seat 5: 3efa11ea (37,326 in chips)
Seat 6: 5f757724 (44,142 in chips)
Seat 7: c8c58a7f (7,596 in chips)
Seat 8: b4916be (29,870 in chips)
c8c58a7f: posts the ante 20
3efa11ea: posts the ante 20
568ae666: posts the ante 20
Hero: posts the ante 20
5f757724: posts the ante 20
b4916be: posts the ante 20
30030ab: posts the ante 20
ec95577c: posts the ante 20
568ae666: posts small blind 75
Hero: posts big blind 150
*** HOLE CARDS ***
Dealt to 30030ab 
Dealt to ec95577c 
Dealt to 568ae666 
Dealt to Hero [7c Ac]
Dealt to 3efa11ea 
Dealt to 5f757724 
Dealt to c8c58a7f 
Dealt to b4916be 
3efa11ea: folds
5f757724: folds
c8c58a7f: raises 150 to 300
b4916be: folds
30030ab: raises 2,430 to 2,730 and is all-in
ec95577c: raises 6,145 to 8,875
568ae666: folds
Hero: folds
c8c58a7f: calls 7,276 and is all-in
Uncalled bet (1,299) returned to ec95577c
ec95577c: shows [Qc Qd]
c8c58a7f: shows [Ah Jd]
30030ab: shows [As 5s]
*** FLOP *** [4c 9d Jh]
*** TURN *** [4c 9d Jh] [2d]
*** RIVER *** [4c 9d Jh 2d] [4d]
*** SHOWDOWN ***
ec95577c collected 8,575 from pot
ec95577c collected 9,692 from pot
*** SUMMARY ***
Total pot 18,267 | Rake 0 | Jackpot 0 | Bingo 0 | Fortune 0 | Tax 0
Board [4c 9d Jh 2d 4d]
Seat 1: 30030ab showed [As 5s] and lost with a pair of Fours
Seat 2: ec95577c (button) showed [Qc Qd] and won (18,267) with two pair, Queens and Fours
Seat 3: 568ae666 (small blind) folded before Flop
Seat 4: Hero (big blind) folded before Flop
Seat 5: 3efa11ea folded before Flop
Seat 6: 5f757724 folded before Flop
Seat 7: c8c58a7f showed [Ah Jd] and lost with two pair, Jacks and Fours
Seat 8: b4916be folded before Flop


Poker Hand #TM5624951776: Tournament #265509372, Bounty Hunters Deepstack Turbo $10.80 Hold'em No Limit - Level3(75/150(20)) - 2026/02/23 22:34:26
Table '7' 8-max Seat #1 is the button
Seat 1: 30030ab (2,770 in chips)
Seat 2: ec95577c (31,330 in chips)
Seat 3: 568ae666 (19,904 in chips)
Seat 4: Hero (27,854 in chips)
Seat 5: 3efa11ea (37,346 in chips)
Seat 6: 5f757724 (42,475 in chips)
Seat 7: c8c58a7f (7,616 in chips)
Seat 8: b4916be (29,890 in chips)
c8c58a7f: posts the ante 20
3efa11ea: posts the ante 20
568ae666: posts the ante 20
Hero: posts the ante 20
5f757724: posts the ante 20
b4916be: posts the ante 20
30030ab: posts the ante 20
ec95577c: posts the ante 20
ec95577c: posts small blind 75
568ae666: posts big blind 150
*** HOLE CARDS ***
Dealt to 30030ab 
Dealt to ec95577c 
Dealt to 568ae666 
Dealt to Hero [5d Jd]
Dealt to 3efa11ea 
Dealt to 5f757724 
Dealt to c8c58a7f 
Dealt to b4916be 
Hero: raises 150 to 300
3efa11ea: folds
5f757724: calls 300
c8c58a7f: folds
b4916be: folds
30030ab: folds
ec95577c: folds
568ae666: calls 150
*** FLOP *** [6h Jc 7s]
568ae666: checks
Hero: checks
5f757724: bets 852
568ae666: folds
Hero: calls 852
*** TURN *** [6h Jc 7s] [2d]
Hero: checks
5f757724: bets 2,839
Hero: folds
Uncalled bet (2,839) returned to 5f757724
*** SHOWDOWN ***
5f757724 collected 2,839 from pot
*** SUMMARY ***
Total pot 2,839 | Rake 0 | Jackpot 0 | Bingo 0 | Fortune 0 | Tax 0
Board [6h Jc 7s 2d]
Seat 1: 30030ab (button) folded before Flop
Seat 2: ec95577c (small blind) folded before Flop
Seat 3: 568ae666 (big blind) folded on the Flop
Seat 4: Hero folded on the Turn
Seat 5: 3efa11ea folded before Flop
Seat 6: 5f757724 won (2,839)
Seat 7: c8c58a7f folded before Flop
Seat 8: b4916be folded before Flop


Poker Hand #TM5624951735: Tournament #265509372, Bounty Hunters Deepstack Turbo $10.80 Hold'em No Limit - Level3(75/150(20)) - 2026/02/23 22:33:21
Table '7' 8-max Seat #8 is the button
Seat 1: 30030ab (2,865 in chips)
Seat 2: ec95577c (37,254 in chips)
Seat 3: 568ae666 (19,924 in chips)
Seat 4: Hero (28,174 in chips)
Seat 5: 3efa11ea (30,927 in chips)
Seat 6: 5f757724 (42,495 in chips)
Seat 7: c8c58a7f (7,636 in chips)
Seat 8: b4916be (29,910 in chips)
c8c58a7f: posts the ante 20
3efa11ea: posts the ante 20
568ae666: posts the ante 20
Hero: posts the ante 20
5f757724: posts the ante 20
b4916be: posts the ante 20
30030ab: posts the ante 20
ec95577c: posts the ante 20
30030ab: posts small blind 75
ec95577c: posts big blind 150
*** HOLE CARDS ***
Dealt to 30030ab 
Dealt to ec95577c 
Dealt to 568ae666 
Dealt to Hero [5c 3c]
Dealt to 3efa11ea 
Dealt to 5f757724 
Dealt to c8c58a7f 
Dealt to b4916be 
568ae666: folds
Hero: raises 150 to 300
3efa11ea: raises 975 to 1,275
5f757724: folds
c8c58a7f: folds
b4916be: folds
30030ab: folds
ec95577c: calls 1,125
Hero: folds
*** FLOP *** [4d Ks 6d]
ec95577c: checks
3efa11ea: bets 926
ec95577c: calls 926
*** TURN *** [4d Ks 6d] [Qc]
ec95577c: checks
3efa11ea: bets 3,703
ec95577c: calls 3,703
*** RIVER *** [4d Ks 6d Qc] [Jh]
ec95577c: checks
3efa11ea: checks
ec95577c: shows [As Qs] (a pair of Queens)
3efa11ea: shows [Ad Kd] (a pair of Kings)
*** SHOWDOWN ***
3efa11ea collected 12,343 from pot
*** SUMMARY ***
Total pot 12,343 | Rake 0 | Jackpot 0 | Bingo 0 | Fortune 0 | Tax 0
Board [4d Ks 6d Qc Jh]
Seat 1: 30030ab (small blind) folded before Flop
Seat 2: ec95577c (big blind) showed [As Qs] and lost with a pair of Queens
Seat 3: 568ae666 folded before Flop
Seat 4: Hero folded before Flop
Seat 5: 3efa11ea showed [Ad Kd] and won (12,343) with a pair of Kings
Seat 6: 5f757724 folded before Flop
Seat 7: c8c58a7f folded before Flop
Seat 8: b4916be (button) folded before Flop


Poker Hand #TM5624951696: Tournament #265509372, Bounty Hunters Deepstack Turbo $10.80 Hold'em No Limit - Level3(75/150(20)) - 2026/02/23 22:32:22
Table '7' 8-max Seat #7 is the button
Seat 1: 30030ab (3,335 in chips)
Seat 2: ec95577c (37,274 in chips)
Seat 3: 568ae666 (19,944 in chips)
Seat 4: Hero (30,733 in chips)
Seat 5: 3efa11ea (30,947 in chips)
Seat 6: 5f757724 (39,291 in chips)
Seat 7: c8c58a7f (7,656 in chips)
Seat 8: b4916be (30,005 in chips)
c8c58a7f: posts the ante 20
3efa11ea: posts the ante 20
568ae666: posts the ante 20
Hero: posts the ante 20
5f757724: posts the ante 20
b4916be: posts the ante 20
30030ab: posts the ante 20
ec95577c: posts the ante 20
b4916be: posts small blind 75
30030ab: posts big blind 150
*** HOLE CARDS ***
Dealt to 30030ab 
Dealt to ec95577c 
Dealt to 568ae666 
Dealt to Hero [3d Ad]
Dealt to 3efa11ea 
Dealt to 5f757724 
Dealt to c8c58a7f 
Dealt to b4916be 
ec95577c: folds
568ae666: folds
Hero: raises 150 to 300
3efa11ea: folds
5f757724: raises 150 to 450
c8c58a7f: folds
b4916be: folds
30030ab: calls 300
Hero: calls 150
*** FLOP *** [7c Ac Qs]
30030ab: checks
Hero: checks
5f757724: checks
*** TURN *** [7c Ac Qs] [8c]
30030ab: checks
Hero: checks
5f757724: checks
*** RIVER *** [7c Ac Qs 8c] [5d]
30030ab: checks
Hero: bets 943
5f757724: raises 1,146 to 2,089
30030ab: folds
Hero: calls 1,146
5f757724: shows [5h 5s] (three of a kind, Fives)
Hero: shows [3d Ad] (a pair of Aces)
*** SHOWDOWN ***
5f757724 collected 5,763 from pot
*** SUMMARY ***
Total pot 5,763 | Rake 0 | Jackpot 0 | Bingo 0 | Fortune 0 | Tax 0
Board [7c Ac Qs 8c 5d]
Seat 1: 30030ab (big blind) folded on the River
Seat 2: ec95577c folded before Flop
Seat 3: 568ae666 folded before Flop
Seat 4: Hero showed [3d Ad] and lost with a pair of Aces
Seat 5: 3efa11ea folded before Flop
Seat 6: 5f757724 showed [5h 5s] and won (5,763) with three of a kind, Fives
Seat 7: c8c58a7f (button) folded before Flop
Seat 8: b4916be (small blind) folded before Flop


Poker Hand #TM5624951652: Tournament #265509372, Bounty Hunters Deepstack Turbo $10.80 Hold'em No Limit - Level3(75/150(20)) - 2026/02/23 22:31:26
Table '7' 8-max Seat #6 is the button
Seat 1: 30030ab (4,918 in chips)
Seat 2: ec95577c (37,294 in chips)
Seat 3: 568ae666 (19,964 in chips)
Seat 4: Hero (28,805 in chips)
Seat 5: 3efa11ea (30,967 in chips)
Seat 6: 5f757724 (39,311 in chips)
Seat 7: c8c58a7f (7,751 in chips)
Seat 8: b4916be (30,175 in chips)
3efa11ea: posts the ante 20
568ae666: posts the ante 20
c8c58a7f: posts the ante 20
Hero: posts the ante 20
5f757724: posts the ante 20
b4916be: posts the ante 20
30030ab: posts the ante 20
ec95577c: posts the ante 20
c8c58a7f: posts small blind 75
b4916be: posts big blind 150
*** HOLE CARDS ***
Dealt to 30030ab 
Dealt to ec95577c 
Dealt to 568ae666 
Dealt to Hero [7h Qh]
Dealt to 3efa11ea 
Dealt to 5f757724 
Dealt to c8c58a7f 
Dealt to b4916be 
30030ab: raises 535 to 685
ec95577c: folds
568ae666: folds
Hero: calls 685
3efa11ea: folds
5f757724: folds
c8c58a7f: folds
b4916be: folds
*** FLOP *** [Jc Ah 8h]
30030ab: checks
Hero: checks
*** TURN *** [Jc Ah 8h] [8c]
30030ab: checks
Hero: bets 878
30030ab: calls 878
*** RIVER *** [Jc Ah 8h 8c] [4h]
30030ab: checks
Hero: bets 3,511
30030ab: folds
Uncalled bet (3,511) returned to Hero
*** SHOWDOWN ***
Hero collected 3,511 from pot
*** SUMMARY ***
Total pot 3,511 | Rake 0 | Jackpot 0 | Bingo 0 | Fortune 0 | Tax 0
Board [Jc Ah 8h 8c 4h]
Seat 1: 30030ab folded on the River
Seat 2: ec95577c folded before Flop
Seat 3: 568ae666 folded before Flop
Seat 4: Hero won (3,511)
Seat 5: 3efa11ea folded before Flop
Seat 6: 5f757724 (button) folded before Flop
Seat 7: c8c58a7f (small blind) folded before Flop
Seat 8: b4916be (big blind) folded before Flop


Poker Hand #TM5624951616: Tournament #265509372, Bounty Hunters Deepstack Turbo $10.80 Hold'em No Limit - Level2(60/120(18)) - 2026/02/23 22:30:25
Table '7' 8-max Seat #5 is the button
Seat 1: 30030ab (4,936 in chips)
Seat 2: ec95577c (37,312 in chips)
Seat 3: 568ae666 (19,982 in chips)
Seat 4: Hero (28,823 in chips)
Seat 5: 3efa11ea (30,985 in chips)
Seat 6: 5f757724 (39,593 in chips)
Seat 7: c8c58a7f (7,097 in chips)
Seat 8: b4916be (30,457 in chips)
3efa11ea: posts the ante 18
568ae666: posts the ante 18
c8c58a7f: posts the ante 18
Hero: posts the ante 18
5f757724: posts the ante 18
b4916be: posts the ante 18
30030ab: posts the ante 18
ec95577c: posts the ante 18
5f757724: posts small blind 60
c8c58a7f: posts big blind 120
*** HOLE CARDS ***
Dealt to 30030ab 
Dealt to ec95577c 
Dealt to 568ae666 
Dealt to Hero [5d 6s]
Dealt to 3efa11ea 
Dealt to 5f757724 
Dealt to c8c58a7f 
Dealt to b4916be 
b4916be: raises 144 to 264
30030ab: folds
ec95577c: folds
568ae666: folds
Hero: folds
3efa11ea: folds
5f757724: calls 204
c8c58a7f: calls 144
*** FLOP *** [6h 3d 5c]
5f757724: checks
c8c58a7f: checks
b4916be: checks
*** TURN *** [6h 3d 5c] [9h]
5f757724: checks
c8c58a7f: bets 309
b4916be: folds
5f757724: folds
Uncalled bet (309) returned to c8c58a7f
*** SHOWDOWN ***
c8c58a7f collected 936 from pot
*** SUMMARY ***
Total pot 936 | Rake 0 | Jackpot 0 | Bingo 0 | Fortune 0 | Tax 0
Board [6h 3d 5c 9h]
Seat 1: 30030ab folded before Flop
Seat 2: ec95577c folded before Flop
Seat 3: 568ae666 folded before Flop
Seat 4: Hero folded before Flop
Seat 5: 3efa11ea (button) folded before Flop
Seat 6: 5f757724 (small blind) folded on the Turn
Seat 7: c8c58a7f (big blind) won (936)
Seat 8: b4916be folded on the Turn


Poker Hand #TM5624951560: Tournament #265509372, Bounty Hunters Deepstack Turbo $10.80 Hold'em No Limit - Level2(60/120(18)) - 2026/02/23 22:28:56
Table '7' 8-max Seat #4 is the button
Seat 1: 30030ab (14,119 in chips)
Seat 2: ec95577c (39,865 in chips)
Seat 3: 568ae666 (20,000 in chips)
Seat 4: Hero (29,608 in chips)
Seat 5: 3efa11ea (31,063 in chips)
Seat 6: 5f757724 (39,875 in chips)
Seat 7: c8c58a7f (7,115 in chips)
Seat 8: b4916be (17,540 in chips)
568ae666: posts the ante 18
c8c58a7f: posts the ante 18
3efa11ea: posts the ante 18
Hero: posts the ante 18
5f757724: posts the ante 18
b4916be: posts the ante 18
30030ab: posts the ante 18
ec95577c: posts the ante 18
3efa11ea: posts small blind 60
5f757724: posts big blind 120
*** HOLE CARDS ***
Dealt to 30030ab 
Dealt to ec95577c 
Dealt to 568ae666 
Dealt to Hero [8s 2s]
Dealt to 3efa11ea 
Dealt to 5f757724 
Dealt to c8c58a7f 
Dealt to b4916be 
c8c58a7f: folds
b4916be: raises 144 to 264
30030ab: calls 264
ec95577c: calls 264
568ae666: folds
Hero: calls 264
3efa11ea: folds
5f757724: calls 144
*** FLOP *** [3s 2h Qd]
5f757724: checks
b4916be: bets 503
30030ab: calls 503
ec95577c: calls 503
Hero: calls 503
5f757724: folds
*** TURN *** [3s 2h Qd] [9h]
b4916be: checks
30030ab: bets 1,768
ec95577c: calls 1,768
Hero: folds
b4916be: calls 1,768
*** RIVER *** [3s 2h Qd 9h] [9d]
b4916be: checks
30030ab: bets 6,630
ec95577c: folds
b4916be: calls 6,630
30030ab: shows [Qs Td] (two pair, Queens and Nines)
b4916be: shows [Qc Kd] (two pair, Queens and Nines)
ec95577c: shows [Js Qh] (two pair, Queens and Nines)
30030ab: shows [Qs Td] (two pair, Queens and Nines)
b4916be: shows [Qc Kd] (two pair, Queens and Nines)
*** SHOWDOWN ***
b4916be collected 22,100 from pot
*** SUMMARY ***
Total pot 22,100 | Rake 0 | Jackpot 0 | Bingo 0 | Fortune 0 | Tax 0
Board [3s 2h Qd 9h 9d]
Seat 1: 30030ab showed [Qs Td] and lost with two pair, Queens and Nines
Seat 2: ec95577c folded on the River
Seat 3: 568ae666 folded before Flop
Seat 4: Hero (button) folded on the Turn
Seat 5: 3efa11ea (small blind) folded before Flop
Seat 6: 5f757724 (big blind) folded on the Flop
Seat 7: c8c58a7f folded before Flop
Seat 8: b4916be showed [Qc Kd] and won (22,100) with two pair, Queens and Nines


Poker Hand #TM5624951533: Tournament #265509372, Bounty Hunters Deepstack Turbo $10.80 Hold'em No Limit - Level2(60/120(18)) - 2026/02/23 22:27:57
Table '7' 8-max Seat #2 is the button
Seat 1: 30030ab (14,437 in chips)
Seat 2: ec95577c (40,183 in chips)
Seat 3: 92cac218 (11,322 in chips)
Seat 4: Hero (16,978 in chips)
Seat 5: 3efa11ea (31,381 in chips)
Seat 6: 5f757724 (40,193 in chips)
Seat 7: c8c58a7f (7,133 in chips)
Seat 8: b4916be (17,558 in chips)
c8c58a7f: posts the ante 18
3efa11ea: posts the ante 18
Hero: posts the ante 18
5f757724: posts the ante 18
92cac218: posts the ante 18
b4916be: posts the ante 18
30030ab: posts the ante 18
ec95577c: posts the ante 18
92cac218: posts small blind 60
Hero: posts big blind 120
*** HOLE CARDS ***
Dealt to 30030ab 
Dealt to ec95577c 
Dealt to 92cac218 
Dealt to Hero [Kd Ac]
Dealt to 3efa11ea 
Dealt to 5f757724 
Dealt to c8c58a7f 
Dealt to b4916be 
3efa11ea: raises 180 to 300
5f757724: calls 300
c8c58a7f: folds
b4916be: folds
30030ab: calls 300
ec95577c: calls 300
92cac218: calls 240
Hero: raises 16,660 to 16,960 and is all-in
3efa11ea: folds
5f757724: folds
30030ab: folds
ec95577c: folds
92cac218: calls 11,004 and is all-in
Uncalled bet (5,656) returned to Hero
Hero: shows [Kd Ac]
92cac218: shows [Jd Qd]
*** FLOP *** [8d 8h As]
*** TURN *** [8d 8h As] [Kh]
*** RIVER *** [8d 8h As Kh] [3c]
*** SHOWDOWN ***
Hero collected 23,952 from pot
*** SUMMARY ***
Total pot 23,952 | Rake 0 | Jackpot 0 | Bingo 0 | Fortune 0 | Tax 0
Board [8d 8h As Kh 3c]
Seat 1: 30030ab folded before Flop
Seat 2: ec95577c (button) folded before Flop
Seat 3: 92cac218 (small blind) showed [Jd Qd] and lost with a pair of Eights
Seat 4: Hero (big blind) showed [Kd Ac] and won (23,952) with two pair, Aces and Kings
Seat 5: 3efa11ea folded before Flop
Seat 6: 5f757724 folded before Flop
Seat 7: c8c58a7f folded before Flop
Seat 8: b4916be folded before Flop


Poker Hand #TM5624951490: Tournament #265509372, Bounty Hunters Deepstack Turbo $10.80 Hold'em No Limit - Level2(60/120(18)) - 2026/02/23 22:26:28
Table '7' 8-max Seat #1 is the button
Seat 1: 30030ab (14,455 in chips)
Seat 2: ec95577c (40,321 in chips)
Seat 3: 92cac218 (10,956 in chips)
Seat 4: Hero (16,996 in chips)
Seat 5: 3efa11ea (31,399 in chips)
Seat 6: 5f757724 (40,331 in chips)
Seat 7: c8c58a7f (7,151 in chips)
Seat 8: b4916be (17,576 in chips)
c8c58a7f: posts the ante 18
3efa11ea: posts the ante 18
Hero: posts the ante 18
5f757724: posts the ante 18
92cac218: posts the ante 18
b4916be: posts the ante 18
30030ab: posts the ante 18
ec95577c: posts the ante 18
ec95577c: posts small blind 60
92cac218: posts big blind 120
*** HOLE CARDS ***
Dealt to 30030ab 
Dealt to ec95577c 
Dealt to 92cac218 
Dealt to Hero [Ah 5c]
Dealt to 3efa11ea 
Dealt to 5f757724 
Dealt to c8c58a7f 
Dealt to b4916be 
Hero: folds
3efa11ea: folds
5f757724: calls 120
c8c58a7f: folds
b4916be: folds
30030ab: folds
ec95577c: calls 60
92cac218: checks
*** FLOP *** [2h 3c 4h]
ec95577c: checks
92cac218: checks
5f757724: checks
*** TURN *** [2h 3c 4h] [2d]
ec95577c: checks
92cac218: checks
5f757724: checks
*** RIVER *** [2h 3c 4h 2d] [Ac]
ec95577c: checks
92cac218: bets 478
5f757724: folds
ec95577c: folds
Uncalled bet (478) returned to 92cac218
*** SHOWDOWN ***
92cac218 collected 504 from pot
*** SUMMARY ***
Total pot 504 | Rake 0 | Jackpot 0 | Bingo 0 | Fortune 0 | Tax 0
Board [2h 3c 4h 2d Ac]
Seat 1: 30030ab (button) folded before Flop
Seat 2: ec95577c (small blind) folded on the River
Seat 3: 92cac218 (big blind) won (504)
Seat 4: Hero folded before Flop
Seat 5: 3efa11ea folded before Flop
Seat 6: 5f757724 folded on the River
Seat 7: c8c58a7f folded before Flop
Seat 8: b4916be folded before Flop


Poker Hand #TM5624951483: Tournament #265509372, Bounty Hunters Deepstack Turbo $10.80 Hold'em No Limit - Level2(60/120(18)) - 2026/02/23 22:26:12
Table '7' 8-max Seat #8 is the button
Seat 1: 30030ab (14,209 in chips)
Seat 2: ec95577c (40,459 in chips)
Seat 3: 92cac218 (10,974 in chips)
Seat 4: Hero (17,014 in chips)
Seat 5: 3efa11ea (31,417 in chips)
Seat 6: 5f757724 (40,349 in chips)
Seat 7: c8c58a7f (7,169 in chips)
Seat 8: b4916be (17,594 in chips)
c8c58a7f: posts the ante 18
3efa11ea: posts the ante 18
Hero: posts the ante 18
5f757724: posts the ante 18
92cac218: posts the ante 18
b4916be: posts the ante 18
30030ab: posts the ante 18
ec95577c: posts the ante 18
30030ab: posts small blind 60
ec95577c: posts big blind 120
*** HOLE CARDS ***
Dealt to 30030ab 
Dealt to ec95577c 
Dealt to 92cac218 
Dealt to Hero [5s Kh]
Dealt to 3efa11ea 
Dealt to 5f757724 
Dealt to c8c58a7f 
Dealt to b4916be 
92cac218: folds
Hero: folds
3efa11ea: folds
5f757724: folds
c8c58a7f: folds
b4916be: folds
30030ab: raises 120 to 240
ec95577c: folds
Uncalled bet (120) returned to 30030ab
*** SHOWDOWN ***
30030ab collected 384 from pot
*** SUMMARY ***
Total pot 384 | Rake 0 | Jackpot 0 | Bingo 0 | Fortune 0 | Tax 0
Seat 1: 30030ab (small blind) collected (384)
Seat 2: ec95577c (big blind) folded before Flop
Seat 3: 92cac218 folded before Flop
Seat 4: Hero folded before Flop
Seat 5: 3efa11ea folded before Flop
Seat 6: 5f757724 folded before Flop
Seat 7: c8c58a7f folded before Flop
Seat 8: b4916be (button) folded before Flop


Poker Hand #TM5624951425: Tournament #265509372, Bounty Hunters Deepstack Turbo $10.80 Hold'em No Limit - Level2(60/120(18)) - 2026/02/23 22:24:21
Table '7' 8-max Seat #7 is the button
Seat 1: 30030ab (14,347 in chips)
Seat 2: ec95577c (40,477 in chips)
Seat 3: 92cac218 (21,372 in chips)
Seat 4: Hero (17,032 in chips)
Seat 5: 3efa11ea (20,551 in chips)
Seat 6: 5f757724 (40,367 in chips)
Seat 7: c8c58a7f (7,187 in chips)
Seat 8: b4916be (17,852 in chips)
c8c58a7f: posts the ante 18
3efa11ea: posts the ante 18
Hero: posts the ante 18
5f757724: posts the ante 18
92cac218: posts the ante 18
b4916be: posts the ante 18
30030ab: posts the ante 18
ec95577c: posts the ante 18
b4916be: posts small blind 60
30030ab: posts big blind 120
*** HOLE CARDS ***
Dealt to 30030ab 
Dealt to ec95577c 
Dealt to 92cac218 
Dealt to Hero [2h 9h]
Dealt to 3efa11ea 
Dealt to 5f757724 
Dealt to c8c58a7f 
Dealt to b4916be 
ec95577c: folds
92cac218: raises 120 to 240
Hero: folds
3efa11ea: calls 240
5f757724: folds
c8c58a7f: folds
b4916be: calls 180
30030ab: folds
*** FLOP *** [Qc 8d 5d]
b4916be: checks
92cac218: bets 445
3efa11ea: raises 815 to 1,260
b4916be: folds
92cac218: calls 815
*** TURN *** [Qc 8d 5d] [5c]
92cac218: checks
3efa11ea: bets 2,220
92cac218: calls 2,220
*** RIVER *** [Qc 8d 5d 5c] [8c]
92cac218: checks
3efa11ea: bets 6,660
92cac218: calls 6,660
3efa11ea: shows [Ac As] (two pair, Aces and Eights)
92cac218: shows [Kc Qh] (two pair, Queens and Eights)
*** SHOWDOWN ***
3efa11ea collected 21,264 from pot
*** SUMMARY ***
Total pot 21,264 | Rake 0 | Jackpot 0 | Bingo 0 | Fortune 0 | Tax 0
Board [Qc 8d 5d 5c 8c]
Seat 1: 30030ab (big blind) folded before Flop
Seat 2: ec95577c folded before Flop
Seat 3: 92cac218 showed [Kc Qh] and lost with two pair, Queens and Eights
Seat 4: Hero folded before Flop
Seat 5: 3efa11ea showed [Ac As] and won (21,264) with two pair, Aces and Eights
Seat 6: 5f757724 folded before Flop
Seat 7: c8c58a7f (button) folded before Flop
Seat 8: b4916be (small blind) folded on the Flop


Poker Hand #TM5624951408: Tournament #265509372, Bounty Hunters Deepstack Turbo $10.80 Hold'em No Limit - Level2(60/120(18)) - 2026/02/23 22:23:42
Table '7' 8-max Seat #6 is the button
Seat 1: 30030ab (15,145 in chips)
Seat 2: ec95577c (40,495 in chips)
Seat 3: 92cac218 (21,390 in chips)
Seat 4: Hero (17,050 in chips)
Seat 5: 3efa11ea (19,465 in chips)
Seat 6: 5f757724 (40,385 in chips)
Seat 7: c8c58a7f (7,265 in chips)
Seat 8: b4916be (17,990 in chips)
3efa11ea: posts the ante 18
c8c58a7f: posts the ante 18
Hero: posts the ante 18
5f757724: posts the ante 18
92cac218: posts the ante 18
b4916be: posts the ante 18
30030ab: posts the ante 18
ec95577c: posts the ante 18
c8c58a7f: posts small blind 60
b4916be: posts big blind 120
*** HOLE CARDS ***
Dealt to 30030ab 
Dealt to ec95577c 
Dealt to 92cac218 
Dealt to Hero [Jh 2h]
Dealt to 3efa11ea 
Dealt to 5f757724 
Dealt to c8c58a7f 
Dealt to b4916be 
30030ab: raises 120 to 240
ec95577c: folds
92cac218: folds
Hero: folds
3efa11ea: raises 540 to 780
5f757724: folds
c8c58a7f: folds
b4916be: folds
30030ab: calls 540
*** FLOP *** [8c Js 4h]
30030ab: checks
3efa11ea: bets 540
30030ab: folds
Uncalled bet (540) returned to 3efa11ea
*** SHOWDOWN ***
3efa11ea collected 1,884 from pot
*** SUMMARY ***
Total pot 1,884 | Rake 0 | Jackpot 0 | Bingo 0 | Fortune 0 | Tax 0
Board [8c Js 4h]
Seat 1: 30030ab folded on the Flop
Seat 2: ec95577c folded before Flop
Seat 3: 92cac218 folded before Flop
Seat 4: Hero folded before Flop
Seat 5: 3efa11ea won (1,884)
Seat 6: 5f757724 (button) folded before Flop
Seat 7: c8c58a7f (small blind) folded before Flop
Seat 8: b4916be (big blind) folded before Flop


Poker Hand #TM5624951387: Tournament #265509372, Bounty Hunters Deepstack Turbo $10.80 Hold'em No Limit - Level1(50/100(15)) - 2026/02/23 22:22:52
Table '7' 8-max Seat #5 is the button
Seat 1: 30030ab (15,160 in chips)
Seat 2: ec95577c (41,110 in chips)
Seat 3: 92cac218 (19,985 in chips)
Seat 4: Hero (17,065 in chips)
Seat 5: 3efa11ea (19,480 in chips)
Seat 6: 5f757724 (41,000 in chips)
Seat 7: c8c58a7f (7,380 in chips)
Seat 8: b4916be (18,005 in chips)
3efa11ea: posts the ante 15
c8c58a7f: posts the ante 15
Hero: posts the ante 15
92cac218: posts the ante 15
5f757724: posts the ante 15
b4916be: posts the ante 15
30030ab: posts the ante 15
ec95577c: posts the ante 15
5f757724: posts small blind 50
c8c58a7f: posts big blind 100
*** HOLE CARDS ***
Dealt to 30030ab 
Dealt to ec95577c 
Dealt to 92cac218 
Dealt to Hero [Jc Ts]
Dealt to 3efa11ea 
Dealt to 5f757724 
Dealt to c8c58a7f 
Dealt to b4916be 
b4916be: folds
30030ab: folds
ec95577c: raises 100 to 200
92cac218: raises 400 to 600
Hero: folds
3efa11ea: folds
5f757724: calls 550
c8c58a7f: folds
ec95577c: calls 400
*** FLOP *** [6d 6h 8h]
5f757724: checks
ec95577c: checks
92cac218: bets 1,435
5f757724: folds
ec95577c: folds
Uncalled bet (1,435) returned to 92cac218
*** SHOWDOWN ***
92cac218 collected 2,020 from pot
*** SUMMARY ***
Total pot 2,020 | Rake 0 | Jackpot 0 | Bingo 0 | Fortune 0 | Tax 0
Board [6d 6h 8h]
Seat 1: 30030ab folded before Flop
Seat 2: ec95577c folded on the Flop
Seat 3: 92cac218 won (2,020)
Seat 4: Hero folded before Flop
Seat 5: 3efa11ea (button) folded before Flop
Seat 6: 5f757724 (small blind) folded on the Flop
Seat 7: c8c58a7f (big blind) folded before Flop
Seat 8: b4916be folded before Flop


Poker Hand #TM5624951360: Tournament #265509372, Bounty Hunters Deepstack Turbo $10.80 Hold'em No Limit - Level1(50/100(15)) - 2026/02/23 22:21:53
Table '7' 8-max Seat #4 is the button
Seat 1: 30030ab (15,175 in chips)
Seat 2: ec95577c (20,000 in chips)
Seat 3: 92cac218 (20,000 in chips)
Seat 4: Hero (17,950 in chips)
Seat 5: 3efa11ea (19,545 in chips)
Seat 6: 5f757724 (41,115 in chips)
Seat 7: c8c58a7f (27,380 in chips)
Seat 8: b4916be (18,020 in chips)
c8c58a7f: posts the ante 15
3efa11ea: posts the ante 15
Hero: posts the ante 15
92cac218: posts the ante 15
5f757724: posts the ante 15
b4916be: posts the ante 15
30030ab: posts the ante 15
ec95577c: posts the ante 15
3efa11ea: posts small blind 50
5f757724: posts big blind 100
*** HOLE CARDS ***
Dealt to 30030ab 
Dealt to ec95577c 
Dealt to 92cac218 
Dealt to Hero [7d 7h]
Dealt to 3efa11ea 
Dealt to 5f757724 
Dealt to c8c58a7f 
Dealt to b4916be 
c8c58a7f: raises 100 to 200
b4916be: folds
30030ab: folds
ec95577c: raises 670 to 870
92cac218: folds
Hero: calls 870
3efa11ea: folds
5f757724: folds
c8c58a7f: raises 2,160 to 3,030
ec95577c: raises 16,955 to 19,985 and is all-in
Hero: folds
c8c58a7f: calls 16,955
ec95577c: shows [Kh Ks]
c8c58a7f: shows [Js Jd]
*** FLOP *** [Td 4d 5s]
*** TURN *** [Td 4d 5s] [6s]
*** RIVER *** [Td 4d 5s 6s] [Th]
*** SHOWDOWN ***
ec95577c collected 41,110 from pot
*** SUMMARY ***
Total pot 41,110 | Rake 0 | Jackpot 0 | Bingo 0 | Fortune 0 | Tax 0
Board [Td 4d 5s 6s Th]
Seat 1: 30030ab folded before Flop
Seat 2: ec95577c showed [Kh Ks] and won (41,110) with two pair, Kings and Tens
Seat 3: 92cac218 folded before Flop
Seat 4: Hero (button) folded before Flop
Seat 5: 3efa11ea (small blind) folded before Flop
Seat 6: 5f757724 (big blind) folded before Flop
Seat 7: c8c58a7f showed [Js Jd] and lost with two pair, Jacks and Tens
Seat 8: b4916be folded before Flop


Poker Hand #TM5624951337: Tournament #265509372, Bounty Hunters Deepstack Turbo $10.80 Hold'em No Limit - Level1(50/100(15)) - 2026/02/23 22:21:14
Table '7' 8-max Seat #1 is the button
Seat 1: 30030ab (14,650 in chips)
Seat 3: 4b1bfc51 (150 in chips)
Seat 4: Hero (18,065 in chips)
Seat 5: 3efa11ea (19,560 in chips)
Seat 6: 5f757724 (41,330 in chips)
Seat 7: c8c58a7f (27,395 in chips)
Seat 8: b4916be (18,035 in chips)
c8c58a7f: posts the ante 15
3efa11ea: posts the ante 15
4b1bfc51: posts the ante 15
Hero: posts the ante 15
5f757724: posts the ante 15
b4916be: posts the ante 15
30030ab: posts the ante 15
4b1bfc51: posts small blind 50
Hero: posts big blind 100
*** HOLE CARDS ***
Dealt to 30030ab 
Dealt to 4b1bfc51 
Dealt to Hero [2h 7s]
Dealt to 3efa11ea 
Dealt to 5f757724 
Dealt to c8c58a7f 
Dealt to b4916be 
3efa11ea: folds
5f757724: raises 100 to 200
c8c58a7f: folds
b4916be: folds
30030ab: calls 200
4b1bfc51: calls 85 and is all-in
Hero: folds
*** FLOP *** [Th 6s 3h]
5f757724: checks
30030ab: bets 925
5f757724: folds
Uncalled bet (925) returned to 30030ab
30030ab: shows [Ks Ts] (a pair of Tens)
4b1bfc51: shows [5c Jh] (Jack high)
*** TURN *** [Th 6s 3h] [9c]
*** RIVER *** [Th 6s 3h 9c] [7h]
*** SHOWDOWN ***
30030ab collected 610 from pot
30030ab collected 130 from pot
*** SUMMARY ***
Total pot 740 | Rake 0 | Jackpot 0 | Bingo 0 | Fortune 0 | Tax 0
Board [Th 6s 3h 9c 7h]
Seat 1: 30030ab (button) showed [Ks Ts] and won (740) with a pair of Tens
Seat 3: 4b1bfc51 (small blind) showed [5c Jh] and lost with Jack high
Seat 4: Hero (big blind) folded before Flop
Seat 5: 3efa11ea folded before Flop
Seat 6: 5f757724 folded on the Flop
Seat 7: c8c58a7f folded before Flop
Seat 8: b4916be folded before Flop


Poker Hand #TM5624951278: Tournament #265509372, Bounty Hunters Deepstack Turbo $10.80 Hold'em No Limit - Level1(50/100(15)) - 2026/02/23 22:19:04
Table '7' 8-max Seat #8 is the button
Seat 1: 30030ab (14,865 in chips)
Seat 3: 4b1bfc51 (19,925 in chips)
Seat 4: Hero (18,080 in chips)
Seat 5: 3efa11ea (19,775 in chips)
Seat 6: 5f757724 (19,775 in chips)
Seat 7: c8c58a7f (27,410 in chips)
Seat 8: b4916be (19,355 in chips)
c8c58a7f: posts the ante 15
3efa11ea: posts the ante 15
4b1bfc51: posts the ante 15
Hero: posts the ante 15
5f757724: posts the ante 15
b4916be: posts the ante 15
30030ab: posts the ante 15
30030ab: posts small blind 50
4b1bfc51: posts big blind 100
*** HOLE CARDS ***
Dealt to 30030ab 
Dealt to 4b1bfc51 
Dealt to Hero [4d 6c]
Dealt to 3efa11ea 
Dealt to 5f757724 
Dealt to c8c58a7f 
Dealt to b4916be 
Hero: folds
3efa11ea: raises 100 to 200
5f757724: calls 200
c8c58a7f: folds
b4916be: calls 200
30030ab: calls 150
4b1bfc51: calls 100
*** FLOP *** [4s Jd Qd]
30030ab: checks
4b1bfc51: checks
3efa11ea: checks
5f757724: bets 1,105
b4916be: calls 1,105
30030ab: folds
4b1bfc51: calls 1,105
3efa11ea: folds
*** TURN *** [4s Jd Qd] [8s]
4b1bfc51: checks
5f757724: bets 3,315
b4916be: folds
4b1bfc51: raises 3,315 to 6,630
5f757724: calls 3,315
*** RIVER *** [4s Jd Qd 8s] [3d]
4b1bfc51: bets 11,975 and is all-in
5f757724: calls 11,825 and is all-in
Uncalled bet (150) returned to 4b1bfc51
4b1bfc51: shows [Td 9h] (a straight, Queen to Eight)
5f757724: shows [8d 5d] (a flush Queen high)
*** SHOWDOWN ***
5f757724 collected 41,330 from pot
*** SUMMARY ***
Total pot 41,330 | Rake 0 | Jackpot 0 | Bingo 0 | Fortune 0 | Tax 0
Board [4s Jd Qd 8s 3d]
Seat 1: 30030ab (small blind) folded on the Flop
Seat 3: 4b1bfc51 (big blind) showed [Td 9h] and lost with a straight, Queen to Eight
Seat 4: Hero folded before Flop
Seat 5: 3efa11ea folded on the Flop
Seat 6: 5f757724 showed [8d 5d] and won (41,330) with a flush Queen high
Seat 7: c8c58a7f folded before Flop
Seat 8: b4916be (button) folded on the Turn


Poker Hand #TM5624951259: Tournament #265509372, Bounty Hunters Deepstack Turbo $10.80 Hold'em No Limit - Level1(50/100(15)) - 2026/02/23 22:18:21
Table '7' 8-max Seat #7 is the button
Seat 1: 30030ab (15,130 in chips)
Seat 2: e4821db4 (20,210 in chips)
Seat 3: 4b1bfc51 (19,940 in chips)
Seat 4: Hero (18,095 in chips)
Seat 5: 3efa11ea (19,790 in chips)
Seat 6: 5f757724 (19,790 in chips)
Seat 7: c8c58a7f (27,425 in chips)
Seat 8: b4916be (19,620 in chips)
c8c58a7f: posts the ante 15
3efa11ea: posts the ante 15
4b1bfc51: posts the ante 15
Hero: posts the ante 15
5f757724: posts the ante 15
b4916be: posts the ante 15
30030ab: posts the ante 15
e4821db4: posts the ante 15
b4916be: posts small blind 50
30030ab: posts big blind 100
*** HOLE CARDS ***
Dealt to 30030ab 
Dealt to e4821db4 
Dealt to 4b1bfc51 
Dealt to Hero [4d 8h]
Dealt to 3efa11ea 
Dealt to 5f757724 
Dealt to c8c58a7f 
Dealt to b4916be 
e4821db4: raises 150 to 250
4b1bfc51: folds
Hero: folds
3efa11ea: folds
5f757724: folds
c8c58a7f: folds
b4916be: calls 200
30030ab: calls 150
*** FLOP *** [3d 3s Ks]
b4916be: checks
30030ab: checks
e4821db4: bets 261
b4916be: folds
30030ab: folds
Uncalled bet (261) returned to e4821db4
*** SHOWDOWN ***
e4821db4 collected 870 from pot
*** SUMMARY ***
Total pot 870 | Rake 0 | Jackpot 0 | Bingo 0 | Fortune 0 | Tax 0
Board [3d 3s Ks]
Seat 1: 30030ab (big blind) folded on the Flop
Seat 2: e4821db4 won (870)
Seat 3: 4b1bfc51 folded before Flop
Seat 4: Hero folded before Flop
Seat 5: 3efa11ea folded before Flop
Seat 6: 5f757724 folded before Flop
Seat 7: c8c58a7f (button) folded before Flop
Seat 8: b4916be (small blind) folded on the Flop


Poker Hand #TM5624951247: Tournament #265509372, Bounty Hunters Deepstack Turbo $10.80 Hold'em No Limit - Level1(50/100(15)) - 2026/02/23 22:17:55
Table '7' 8-max Seat #6 is the button
Seat 1: 30030ab (15,145 in chips)
Seat 2: e4821db4 (19,955 in chips)
Seat 3: 4b1bfc51 (19,955 in chips)
Seat 4: Hero (18,110 in chips)
Seat 5: 3efa11ea (19,805 in chips)
Seat 6: 5f757724 (19,805 in chips)
Seat 7: c8c58a7f (27,490 in chips)
Seat 8: b4916be (19,735 in chips)
3efa11ea: posts the ante 15
c8c58a7f: posts the ante 15
4b1bfc51: posts the ante 15
Hero: posts the ante 15
5f757724: posts the ante 15
b4916be: posts the ante 15
30030ab: posts the ante 15
e4821db4: posts the ante 15
c8c58a7f: posts small blind 50
b4916be: posts big blind 100
*** HOLE CARDS ***
Dealt to 30030ab 
Dealt to e4821db4 
Dealt to 4b1bfc51 
Dealt to Hero [As 9h]
Dealt to 3efa11ea 
Dealt to 5f757724 
Dealt to c8c58a7f 
Dealt to b4916be 
30030ab: folds
e4821db4: raises 150 to 250
4b1bfc51: folds
Hero: folds
3efa11ea: folds
5f757724: folds
c8c58a7f: folds
b4916be: folds
Uncalled bet (150) returned to e4821db4
*** SHOWDOWN ***
e4821db4 collected 370 from pot
*** SUMMARY ***
Total pot 370 | Rake 0 | Jackpot 0 | Bingo 0 | Fortune 0 | Tax 0
Seat 1: 30030ab folded before Flop
Seat 2: e4821db4 collected (370)
Seat 3: 4b1bfc51 folded before Flop
Seat 4: Hero folded before Flop
Seat 5: 3efa11ea folded before Flop
Seat 6: 5f757724 (button) folded before Flop
Seat 7: c8c58a7f (small blind) folded before Flop
Seat 8: b4916be (big blind) folded before Flop


Poker Hand #TM5624951214: Tournament #265509372, Bounty Hunters Deepstack Turbo $10.80 Hold'em No Limit - Level1(50/100(15)) - 2026/02/23 22:16:40
Table '7' 8-max Seat #5 is the button
Seat 1: 30030ab (12,755 in chips)
Seat 2: e4821db4 (19,970 in chips)
Seat 3: 4b1bfc51 (19,970 in chips)
Seat 4: Hero (19,920 in chips)
Seat 5: 3efa11ea (19,820 in chips)
Seat 6: 5f757724 (19,870 in chips)
Seat 7: c8c58a7f (27,725 in chips)
Seat 8: b4916be (19,970 in chips)
3efa11ea: posts the ante 15
c8c58a7f: posts the ante 15
4b1bfc51: posts the ante 15
Hero: posts the ante 15
5f757724: posts the ante 15
b4916be: posts the ante 15
30030ab: posts the ante 15
e4821db4: posts the ante 15
5f757724: posts small blind 50
c8c58a7f: posts big blind 100
*** HOLE CARDS ***
Dealt to 30030ab 
Dealt to e4821db4 
Dealt to 4b1bfc51 
Dealt to Hero [5c 6c]
Dealt to 3efa11ea 
Dealt to 5f757724 
Dealt to c8c58a7f 
Dealt to b4916be 
b4916be: raises 120 to 220
30030ab: calls 220
e4821db4: folds
4b1bfc51: folds
Hero: calls 220
3efa11ea: folds
5f757724: folds
c8c58a7f: calls 120
*** FLOP *** [4h 3h 3c]
c8c58a7f: checks
b4916be: checks
30030ab: bets 525
Hero: calls 525
c8c58a7f: folds
b4916be: folds
*** TURN *** [4h 3h 3c] [Ac]
30030ab: bets 1,050
Hero: calls 1,050
*** RIVER *** [4h 3h 3c Ac] [8h]
30030ab: bets 5,250
Hero: folds
Uncalled bet (5,250) returned to 30030ab
*** SHOWDOWN ***
30030ab collected 4,200 from pot
*** SUMMARY ***
Total pot 4,200 | Rake 0 | Jackpot 0 | Bingo 0 | Fortune 0 | Tax 0
Board [4h 3h 3c Ac 8h]
Seat 1: 30030ab won (4,200)
Seat 2: e4821db4 folded before Flop
Seat 3: 4b1bfc51 folded before Flop
Seat 4: Hero folded on the River
Seat 5: 3efa11ea (button) folded before Flop
Seat 6: 5f757724 (small blind) folded before Flop
Seat 7: c8c58a7f (big blind) folded on the Flop
Seat 8: b4916be folded on the Flop


Poker Hand #TM5624951200: Tournament #265509372, Bounty Hunters Deepstack Turbo $10.80 Hold'em No Limit - Level1(50/100(15)) - 2026/02/23 22:16:22
Table '7' 8-max Seat #4 is the button
Seat 1: 30030ab (12,770 in chips)
Seat 2: e4821db4 (19,985 in chips)
Seat 3: 4b1bfc51 (19,985 in chips)
Seat 4: Hero (19,935 in chips)
Seat 5: 3efa11ea (19,885 in chips)
Seat 6: 5f757724 (19,985 in chips)
Seat 7: c8c58a7f (27,470 in chips)
Seat 8: b4916be (19,985 in chips)
c8c58a7f: posts the ante 15
3efa11ea: posts the ante 15
4b1bfc51: posts the ante 15
Hero: posts the ante 15
5f757724: posts the ante 15
b4916be: posts the ante 15
30030ab: posts the ante 15
e4821db4: posts the ante 15
3efa11ea: posts small blind 50
5f757724: posts big blind 100
*** HOLE CARDS ***
Dealt to 30030ab 
Dealt to e4821db4 
Dealt to 4b1bfc51 
Dealt to Hero [Jd 4h]
Dealt to 3efa11ea 
Dealt to 5f757724 
Dealt to c8c58a7f 
Dealt to b4916be 
c8c58a7f: raises 100 to 200
b4916be: folds
30030ab: folds
e4821db4: folds
4b1bfc51: folds
Hero: folds
3efa11ea: folds
5f757724: folds
Uncalled bet (100) returned to c8c58a7f
*** SHOWDOWN ***
c8c58a7f collected 370 from pot
*** SUMMARY ***
Total pot 370 | Rake 0 | Jackpot 0 | Bingo 0 | Fortune 0 | Tax 0
Seat 1: 30030ab folded before Flop
Seat 2: e4821db4 folded before Flop
Seat 3: 4b1bfc51 folded before Flop
Seat 4: Hero (button) folded before Flop
Seat 5: 3efa11ea (small blind) folded before Flop
Seat 6: 5f757724 (big blind) folded before Flop
Seat 7: c8c58a7f collected (370)
Seat 8: b4916be folded before Flop


Poker Hand #TM5624951157: Tournament #265509372, Bounty Hunters Deepstack Turbo $10.80 Hold'em No Limit - Level1(50/100(15)) - 2026/02/23 22:15:02
Table '7' 8-max Seat #3 is the button
Seat 1: 30030ab (20,000 in chips)
Seat 2: e4821db4 (20,000 in chips)
Seat 3: 4b1bfc51 (20,000 in chips)
Seat 4: Hero (20,000 in chips)
Seat 5: 3efa11ea (20,000 in chips)
Seat 6: 5f757724 (20,000 in chips)
Seat 7: c8c58a7f (20,000 in chips)
Seat 8: b4916be (20,000 in chips)
c8c58a7f: posts the ante 15
3efa11ea: posts the ante 15
4b1bfc51: posts the ante 15
Hero: posts the ante 15
5f757724: posts the ante 15
b4916be: posts the ante 15
30030ab: posts the ante 15
e4821db4: posts the ante 15
Hero: posts small blind 50
3efa11ea: posts big blind 100
*** HOLE CARDS ***
Dealt to 30030ab 
Dealt to e4821db4 
Dealt to 4b1bfc51 
Dealt to Hero [7c 5h]
Dealt to 3efa11ea 
Dealt to 5f757724 
Dealt to c8c58a7f 
Dealt to b4916be 
5f757724: folds
c8c58a7f: raises 100 to 200
b4916be: folds
30030ab: raises 400 to 600
e4821db4: folds
4b1bfc51: folds
Hero: folds
3efa11ea: folds
c8c58a7f: calls 400
*** FLOP *** [Td Kc Ac]
c8c58a7f: checks
30030ab: bets 735
c8c58a7f: calls 735
*** TURN *** [Td Kc Ac] [8d]
c8c58a7f: checks
30030ab: bets 1,470
c8c58a7f: raises 4,410 to 5,880
30030ab: calls 4,410
*** RIVER *** [Td Kc Ac 8d] [9d]
c8c58a7f: bets 12,770 and is all-in
30030ab: folds
Uncalled bet (12,770) returned to c8c58a7f
*** SHOWDOWN ***
c8c58a7f collected 14,700 from pot
*** SUMMARY ***
Total pot 14,700 | Rake 0 | Jackpot 0 | Bingo 0 | Fortune 0 | Tax 0
Board [Td Kc Ac 8d 9d]
Seat 1: 30030ab folded on the River
Seat 2: e4821db4 folded before Flop
Seat 3: 4b1bfc51 (button) folded before Flop
Seat 4: Hero (small blind) folded before Flop
Seat 5: 3efa11ea (big blind) folded before Flop
Seat 6: 5f757724 folded before Flop
Seat 7: c8c58a7f won (14,700)
Seat 8: b4916be folded before Flop


