Poker Hand #TM5539959340: Tournament #260610223, Bounty Hunters Special $8.88 Hold'em No Limit - Level13(400/800(120)) - 2026/02/02 23:27:24
Table '112' 8-max Seat #6 is the button
Seat 1: 4ea6c31f (11,350 in chips)
Seat 2: ef146f32 (76,862 in chips)
Seat 3: 25d3e41e (34,717 in chips)
Seat 4: a6070c1d (28,100 in chips)
Seat 5: c955aaf7 (10,000 in chips)
Seat 6: 5215c740 (76,729 in chips)
Seat 7: Hero (17,308 in chips)
Seat 8: 6c4c4a3b (34,997 in chips)
ef146f32: posts the ante 120
Hero: posts the ante 120
6c4c4a3b: posts the ante 120
c955aaf7: posts the ante 120
5215c740: posts the ante 120
25d3e41e: posts the ante 120
a6070c1d: posts the ante 120
4ea6c31f: posts the ante 120
Hero: posts small blind 400
6c4c4a3b: posts big blind 800
*** HOLE CARDS ***
Dealt to 4ea6c31f 
Dealt to ef146f32 
Dealt to 25d3e41e 
Dealt to a6070c1d 
Dealt to c955aaf7 
Dealt to 5215c740 
Dealt to Hero [Ac Qh]
Dealt to 6c4c4a3b 
4ea6c31f: folds
ef146f32: folds
25d3e41e: raises 880 to 1,680
a6070c1d: folds
c955aaf7: calls 1,680
5215c740: folds
Hero: raises 15,508 to 17,188 and is all-in
6c4c4a3b: folds
25d3e41e: calls 15,508
c955aaf7: folds
Hero: shows [Ac Qh]
25d3e41e: shows [Ah Ad]
*** FLOP *** [Tc 6h 7c]
*** TURN *** [Tc 6h 7c] [3h]
*** RIVER *** [Tc 6h 7c 3h] [As]
*** SHOWDOWN ***
25d3e41e collected 37,816 from pot
*** SUMMARY ***
Total pot 37,816 | Rake 0 | Jackpot 0 | Bingo 0 | Fortune 0 | Tax 0
Board [Tc 6h 7c 3h As]
Seat 1: 4ea6c31f folded before Flop
Seat 2: ef146f32 folded before Flop
Seat 3: 25d3e41e showed [Ah Ad] and won (37,816) with three of a kind, Aces
Seat 4: a6070c1d folded before Flop
Seat 5: c955aaf7 folded before Flop
Seat 6: 5215c740 (button) folded before Flop
Seat 7: Hero (small blind) showed [Ac Qh] and lost with a pair of Aces
Seat 8: 6c4c4a3b (big blind) folded before Flop


Poker Hand #TM5539959322: Tournament #260610223, Bounty Hunters Special $8.88 Hold'em No Limit - Level13(400/800(120)) - 2026/02/02 23:26:46
Table '112' 8-max Seat #4 is the button
Seat 1: 4ea6c31f (9,430 in chips)
Seat 2: ef146f32 (76,982 in chips)
Seat 3: 25d3e41e (34,837 in chips)
Seat 4: a6070c1d (28,220 in chips)
Seat 6: 5215c740 (77,249 in chips)
Seat 7: Hero (18,228 in chips)
Seat 8: 6c4c4a3b (35,117 in chips)
ef146f32: posts the ante 120
Hero: posts the ante 120
6c4c4a3b: posts the ante 120
25d3e41e: posts the ante 120
5215c740: posts the ante 120
a6070c1d: posts the ante 120
4ea6c31f: posts the ante 120
5215c740: posts small blind 400
Hero: posts big blind 800
*** HOLE CARDS ***
Dealt to 4ea6c31f 
Dealt to ef146f32 
Dealt to 25d3e41e 
Dealt to a6070c1d 
Dealt to 5215c740 
Dealt to Hero [2h Qd]
Dealt to 6c4c4a3b 
6c4c4a3b: folds
4ea6c31f: raises 7,200 to 8,000
ef146f32: folds
25d3e41e: folds
a6070c1d: folds
5215c740: folds
Hero: folds
Uncalled bet (7,200) returned to 4ea6c31f
*** SHOWDOWN ***
4ea6c31f collected 2,840 from pot
*** SUMMARY ***
Total pot 2,840 | Rake 0 | Jackpot 0 | Bingo 0 | Fortune 0 | Tax 0
Seat 1: 4ea6c31f collected (2,840)
Seat 2: ef146f32 folded before Flop
Seat 3: 25d3e41e folded before Flop
Seat 4: a6070c1d (button) folded before Flop
Seat 6: 5215c740 (small blind) folded before Flop
Seat 7: Hero (big blind) folded before Flop
Seat 8: 6c4c4a3b folded before Flop


Poker Hand #TM5539959295: Tournament #260610223, Bounty Hunters Special $8.88 Hold'em No Limit - Level13(400/800(120)) - 2026/02/02 23:25:39
Table '112' 8-max Seat #3 is the button
Seat 1: 4ea6c31f (9,550 in chips)
Seat 2: ef146f32 (77,102 in chips)
Seat 3: 25d3e41e (34,957 in chips)
Seat 4: a6070c1d (28,740 in chips)
Seat 5: f3381478 (14,137 in chips)
Seat 6: 5215c740 (61,992 in chips)
Seat 7: Hero (18,348 in chips)
Seat 8: 6c4c4a3b (35,237 in chips)
ef146f32: posts the ante 120
Hero: posts the ante 120
6c4c4a3b: posts the ante 120
25d3e41e: posts the ante 120
5215c740: posts the ante 120
f3381478: posts the ante 120
a6070c1d: posts the ante 120
4ea6c31f: posts the ante 120
a6070c1d: posts small blind 400
f3381478: posts big blind 800
*** HOLE CARDS ***
Dealt to 4ea6c31f 
Dealt to ef146f32 
Dealt to 25d3e41e 
Dealt to a6070c1d 
Dealt to f3381478 
Dealt to 5215c740 
Dealt to Hero [7c 4s]
Dealt to 6c4c4a3b 
5215c740: raises 960 to 1,760
Hero: folds
6c4c4a3b: folds
4ea6c31f: folds
ef146f32: folds
25d3e41e: folds
a6070c1d: folds
f3381478: calls 960
*** FLOP *** [3h Kd Jh]
f3381478: checks
5215c740: bets 800
f3381478: calls 800
*** TURN *** [3h Kd Jh] [5c]
f3381478: checks
5215c740: checks
*** RIVER *** [3h Kd Jh 5c] [Kc]
f3381478: checks
5215c740: bets 59,312 and is all-in
f3381478: calls 11,457 and is all-in
Uncalled bet (47,855) returned to 5215c740
5215c740: shows [Kh Qc] (three of a kind, Kings)
f3381478: shows [3c Ah] (two pair, Kings and Threes)
*** SHOWDOWN ***
5215c740 collected 29,394 from pot
*** SUMMARY ***
Total pot 29,394 | Rake 0 | Jackpot 0 | Bingo 0 | Fortune 0 | Tax 0
Board [3h Kd Jh 5c Kc]
Seat 1: 4ea6c31f folded before Flop
Seat 2: ef146f32 folded before Flop
Seat 3: 25d3e41e (button) folded before Flop
Seat 4: a6070c1d (small blind) folded before Flop
Seat 5: f3381478 (big blind) showed [3c Ah] and lost with two pair, Kings and Threes
Seat 6: 5215c740 showed [Kh Qc] and won (29,394) with three of a kind, Kings
Seat 7: Hero folded before Flop
Seat 8: 6c4c4a3b folded before Flop


Poker Hand #TM5539959278: Tournament #260610223, Bounty Hunters Special $8.88 Hold'em No Limit - Level13(400/800(120)) - 2026/02/02 23:25:05
Table '112' 8-max Seat #2 is the button
Seat 1: 4ea6c31f (9,670 in chips)
Seat 2: ef146f32 (77,222 in chips)
Seat 3: 25d3e41e (35,477 in chips)
Seat 4: a6070c1d (29,660 in chips)
Seat 5: f3381478 (20,682 in chips)
Seat 6: 5215c740 (62,112 in chips)
Seat 7: Hero (18,468 in chips)
Seat 8: 6c4c4a3b (26,772 in chips)
ef146f32: posts the ante 120
Hero: posts the ante 120
6c4c4a3b: posts the ante 120
5215c740: posts the ante 120
25d3e41e: posts the ante 120
f3381478: posts the ante 120
a6070c1d: posts the ante 120
4ea6c31f: posts the ante 120
25d3e41e: posts small blind 400
a6070c1d: posts big blind 800
*** HOLE CARDS ***
Dealt to 4ea6c31f 
Dealt to ef146f32 
Dealt to 25d3e41e 
Dealt to a6070c1d 
Dealt to f3381478 
Dealt to 5215c740 
Dealt to Hero [Js 2h]
Dealt to 6c4c4a3b 
f3381478: calls 800
5215c740: folds
Hero: folds
6c4c4a3b: raises 2,400 to 3,200
4ea6c31f: folds
ef146f32: folds
25d3e41e: folds
a6070c1d: folds
f3381478: calls 2,400
*** FLOP *** [4c Qc As]
f3381478: checks
6c4c4a3b: bets 3,225
f3381478: calls 3,225
*** TURN *** [4c Qc As] [Jd]
f3381478: checks
6c4c4a3b: bets 20,227 and is all-in
f3381478: folds
Uncalled bet (20,227) returned to 6c4c4a3b
*** SHOWDOWN ***
6c4c4a3b collected 15,010 from pot
*** SUMMARY ***
Total pot 15,010 | Rake 0 | Jackpot 0 | Bingo 0 | Fortune 0 | Tax 0
Board [4c Qc As Jd]
Seat 1: 4ea6c31f folded before Flop
Seat 2: ef146f32 (button) folded before Flop
Seat 3: 25d3e41e (small blind) folded before Flop
Seat 4: a6070c1d (big blind) folded before Flop
Seat 5: f3381478 folded on the Turn
Seat 6: 5215c740 folded before Flop
Seat 7: Hero folded before Flop
Seat 8: 6c4c4a3b won (15,010)


Poker Hand #TM5539959268: Tournament #260610223, Bounty Hunters Special $8.88 Hold'em No Limit - Level13(400/800(120)) - 2026/02/02 23:24:41
Table '112' 8-max Seat #1 is the button
Seat 1: 4ea6c31f (9,790 in chips)
Seat 2: ef146f32 (77,742 in chips)
Seat 3: 25d3e41e (36,397 in chips)
Seat 4: a6070c1d (29,780 in chips)
Seat 5: f3381478 (18,642 in chips)
Seat 6: 5215c740 (62,232 in chips)
Seat 7: Hero (18,588 in chips)
Seat 8: 6c4c4a3b (26,892 in chips)
ef146f32: posts the ante 120
Hero: posts the ante 120
6c4c4a3b: posts the ante 120
5215c740: posts the ante 120
25d3e41e: posts the ante 120
f3381478: posts the ante 120
a6070c1d: posts the ante 120
4ea6c31f: posts the ante 120
ef146f32: posts small blind 400
25d3e41e: posts big blind 800
*** HOLE CARDS ***
Dealt to 4ea6c31f 
Dealt to ef146f32 
Dealt to 25d3e41e 
Dealt to a6070c1d 
Dealt to f3381478 
Dealt to 5215c740 
Dealt to Hero [2h 6c]
Dealt to 6c4c4a3b 
a6070c1d: folds
f3381478: raises 800 to 1,600
5215c740: folds
Hero: folds
6c4c4a3b: folds
4ea6c31f: folds
ef146f32: folds
25d3e41e: folds
Uncalled bet (800) returned to f3381478
*** SHOWDOWN ***
f3381478 collected 2,960 from pot
*** SUMMARY ***
Total pot 2,960 | Rake 0 | Jackpot 0 | Bingo 0 | Fortune 0 | Tax 0
Seat 1: 4ea6c31f (button) folded before Flop
Seat 2: ef146f32 (small blind) folded before Flop
Seat 3: 25d3e41e (big blind) folded before Flop
Seat 4: a6070c1d folded before Flop
Seat 5: f3381478 collected (2,960)
Seat 6: 5215c740 folded before Flop
Seat 7: Hero folded before Flop
Seat 8: 6c4c4a3b folded before Flop


Poker Hand #TM5539959244: Tournament #260610223, Bounty Hunters Special $8.88 Hold'em No Limit - Level13(400/800(120)) - 2026/02/02 23:23:45
Table '112' 8-max Seat #8 is the button
Seat 1: 4ea6c31f (10,310 in chips)
Seat 2: ef146f32 (78,662 in chips)
Seat 3: 25d3e41e (36,517 in chips)
Seat 4: a6070c1d (29,900 in chips)
Seat 5: f3381478 (22,762 in chips)
Seat 6: 5215c740 (56,192 in chips)
Seat 7: Hero (18,708 in chips)
Seat 8: 6c4c4a3b (27,012 in chips)
ef146f32: posts the ante 120
Hero: posts the ante 120
6c4c4a3b: posts the ante 120
5215c740: posts the ante 120
25d3e41e: posts the ante 120
f3381478: posts the ante 120
a6070c1d: posts the ante 120
4ea6c31f: posts the ante 120
4ea6c31f: posts small blind 400
ef146f32: posts big blind 800
*** HOLE CARDS ***
Dealt to 4ea6c31f 
Dealt to ef146f32 
Dealt to 25d3e41e 
Dealt to a6070c1d 
Dealt to f3381478 
Dealt to 5215c740 
Dealt to Hero [5c Qs]
Dealt to 6c4c4a3b 
25d3e41e: folds
a6070c1d: folds
f3381478: calls 800
5215c740: calls 800
Hero: folds
6c4c4a3b: folds
4ea6c31f: folds
ef146f32: checks
*** FLOP *** [As Jd 2d]
ef146f32: checks
f3381478: bets 1,600
5215c740: calls 1,600
ef146f32: folds
*** TURN *** [As Jd 2d] [Kc]
f3381478: bets 1,600
5215c740: calls 1,600
*** RIVER *** [As Jd 2d Kc] [Td]
f3381478: checks
5215c740: bets 52,072 and is all-in
f3381478: folds
Uncalled bet (52,072) returned to 5215c740
*** SHOWDOWN ***
5215c740 collected 10,160 from pot
*** SUMMARY ***
Total pot 10,160 | Rake 0 | Jackpot 0 | Bingo 0 | Fortune 0 | Tax 0
Board [As Jd 2d Kc Td]
Seat 1: 4ea6c31f (small blind) folded before Flop
Seat 2: ef146f32 (big blind) folded on the Flop
Seat 3: 25d3e41e folded before Flop
Seat 4: a6070c1d folded before Flop
Seat 5: f3381478 folded on the River
Seat 6: 5215c740 won (10,160)
Seat 7: Hero folded before Flop
Seat 8: 6c4c4a3b (button) folded before Flop


Poker Hand #TM5539959220: Tournament #260610223, Bounty Hunters Special $8.88 Hold'em No Limit - Level13(400/800(120)) - 2026/02/02 23:22:56
Table '112' 8-max Seat #7 is the button
Seat 1: 4ea6c31f (11,230 in chips)
Seat 2: ef146f32 (90,608 in chips)
Seat 3: 25d3e41e (36,637 in chips)
Seat 4: a6070c1d (30,020 in chips)
Seat 5: f3381478 (22,882 in chips)
Seat 6: 5215c740 (56,312 in chips)
Seat 7: Hero (20,428 in chips)
Seat 8: 6c4c4a3b (11,946 in chips)
ef146f32: posts the ante 120
Hero: posts the ante 120
6c4c4a3b: posts the ante 120
5215c740: posts the ante 120
25d3e41e: posts the ante 120
f3381478: posts the ante 120
a6070c1d: posts the ante 120
4ea6c31f: posts the ante 120
6c4c4a3b: posts small blind 400
4ea6c31f: posts big blind 800
*** HOLE CARDS ***
Dealt to 4ea6c31f 
Dealt to ef146f32 
Dealt to 25d3e41e 
Dealt to a6070c1d 
Dealt to f3381478 
Dealt to 5215c740 
Dealt to Hero [Ac 9c]
Dealt to 6c4c4a3b 
ef146f32: raises 800 to 1,600
25d3e41e: folds
a6070c1d: folds
f3381478: folds
5215c740: folds
Hero: calls 1,600
6c4c4a3b: raises 10,226 to 11,826 and is all-in
4ea6c31f: folds
ef146f32: raises 78,662 to 90,488 and is all-in
Hero: folds
Uncalled bet (78,662) returned to ef146f32
ef146f32: shows [Th Ts]
6c4c4a3b: shows [Ks Qd]
*** FLOP *** [7d 4h 2d]
*** TURN *** [7d 4h 2d] [Kc]
*** RIVER *** [7d 4h 2d Kc] [Ad]
*** SHOWDOWN ***
6c4c4a3b collected 27,012 from pot
*** SUMMARY ***
Total pot 27,012 | Rake 0 | Jackpot 0 | Bingo 0 | Fortune 0 | Tax 0
Board [7d 4h 2d Kc Ad]
Seat 1: 4ea6c31f (big blind) folded before Flop
Seat 2: ef146f32 showed [Th Ts] and lost with a pair of Tens
Seat 3: 25d3e41e folded before Flop
Seat 4: a6070c1d folded before Flop
Seat 5: f3381478 folded before Flop
Seat 6: 5215c740 folded before Flop
Seat 7: Hero (button) folded before Flop
Seat 8: 6c4c4a3b (small blind) showed [Ks Qd] and won (27,012) with a pair of Kings


Poker Hand #TM5539959197: Tournament #260610223, Bounty Hunters Special $8.88 Hold'em No Limit - Level13(400/800(120)) - 2026/02/02 23:21:53
Table '112' 8-max Seat #6 is the button
Seat 1: 4ea6c31f (11,350 in chips)
Seat 2: 5a48535b (10,000 in chips)
Seat 3: 25d3e41e (36,757 in chips)
Seat 4: a6070c1d (18,100 in chips)
Seat 5: f3381478 (23,002 in chips)
Seat 6: 5215c740 (56,432 in chips)
Seat 7: Hero (20,948 in chips)
Seat 8: 6c4c4a3b (12,866 in chips)
5a48535b: posts the ante 120
Hero: posts the ante 120
6c4c4a3b: posts the ante 120
5215c740: posts the ante 120
25d3e41e: posts the ante 120
f3381478: posts the ante 120
a6070c1d: posts the ante 120
4ea6c31f: posts the ante 120
Hero: posts small blind 400
6c4c4a3b: posts big blind 800
*** HOLE CARDS ***
Dealt to 4ea6c31f 
Dealt to 5a48535b 
Dealt to 25d3e41e 
Dealt to a6070c1d 
Dealt to f3381478 
Dealt to 5215c740 
Dealt to Hero [Jc 4s]
Dealt to 6c4c4a3b 
4ea6c31f: folds
5a48535b: raises 9,080 to 9,880 and is all-in
25d3e41e: folds
a6070c1d: raises 8,100 to 17,980 and is all-in
f3381478: folds
5215c740: folds
Hero: folds
6c4c4a3b: folds
Uncalled bet (8,100) returned to a6070c1d
a6070c1d: shows [Jh Th]
5a48535b: shows [9d 8h]
*** FLOP *** [2s 8s Js]
*** TURN *** [2s 8s Js] [3c]
*** RIVER *** [2s 8s Js 3c] [Kc]
*** SHOWDOWN ***
a6070c1d collected 21,920 from pot
*** SUMMARY ***
Total pot 21,920 | Rake 0 | Jackpot 0 | Bingo 0 | Fortune 0 | Tax 0
Board [2s 8s Js 3c Kc]
Seat 1: 4ea6c31f folded before Flop
Seat 2: 5a48535b showed [9d 8h] and lost with a pair of Eights
Seat 3: 25d3e41e folded before Flop
Seat 4: a6070c1d showed [Jh Th] and won (21,920) with a pair of Jacks
Seat 5: f3381478 folded before Flop
Seat 6: 5215c740 (button) folded before Flop
Seat 7: Hero (small blind) folded before Flop
Seat 8: 6c4c4a3b (big blind) folded before Flop


Poker Hand #TM5539959179: Tournament #260610223, Bounty Hunters Special $8.88 Hold'em No Limit - Level13(400/800(120)) - 2026/02/02 23:21:10
Table '112' 8-max Seat #5 is the button
Seat 1: 4ea6c31f (11,470 in chips)
Seat 3: 25d3e41e (36,877 in chips)
Seat 4: a6070c1d (18,220 in chips)
Seat 5: f3381478 (19,082 in chips)
Seat 6: 5215c740 (58,152 in chips)
Seat 7: Hero (22,668 in chips)
Seat 8: 6c4c4a3b (12,986 in chips)
Hero: posts the ante 120
6c4c4a3b: posts the ante 120
25d3e41e: posts the ante 120
5215c740: posts the ante 120
f3381478: posts the ante 120
a6070c1d: posts the ante 120
4ea6c31f: posts the ante 120
5215c740: posts small blind 400
Hero: posts big blind 800
*** HOLE CARDS ***
Dealt to 4ea6c31f 
Dealt to 25d3e41e 
Dealt to a6070c1d 
Dealt to f3381478 
Dealt to 5215c740 
Dealt to Hero [Kd 3h]
Dealt to 6c4c4a3b 
6c4c4a3b: folds
4ea6c31f: folds
25d3e41e: folds
a6070c1d: folds
f3381478: raises 800 to 1,600
5215c740: calls 1,200
Hero: calls 800
*** FLOP *** [9d 8d Ah]
5215c740: checks
Hero: checks
f3381478: bets 2,400
5215c740: folds
Hero: folds
Uncalled bet (2,400) returned to f3381478
*** SHOWDOWN ***
f3381478 collected 5,640 from pot
*** SUMMARY ***
Total pot 5,640 | Rake 0 | Jackpot 0 | Bingo 0 | Fortune 0 | Tax 0
Board [9d 8d Ah]
Seat 1: 4ea6c31f folded before Flop
Seat 3: 25d3e41e folded before Flop
Seat 4: a6070c1d folded before Flop
Seat 5: f3381478 (button) won (5,640)
Seat 6: 5215c740 (small blind) folded on the Flop
Seat 7: Hero (big blind) folded on the Flop
Seat 8: 6c4c4a3b folded before Flop


Poker Hand #TM5539959151: Tournament #260610223, Bounty Hunters Special $8.88 Hold'em No Limit - Level12(350/700(100)) - 2026/02/02 23:20:00
Table '112' 8-max Seat #4 is the button
Seat 1: 4ea6c31f (11,570 in chips)
Seat 2: 2c65a835 (6,827 in chips)
Seat 3: 25d3e41e (14,600 in chips)
Seat 4: a6070c1d (18,320 in chips)
Seat 5: f3381478 (19,532 in chips)
Seat 6: 5215c740 (72,752 in chips)
Seat 7: Hero (22,768 in chips)
Seat 8: 6c4c4a3b (13,086 in chips)
Hero: posts the ante 100
6c4c4a3b: posts the ante 100
25d3e41e: posts the ante 100
5215c740: posts the ante 100
f3381478: posts the ante 100
2c65a835: posts the ante 100
a6070c1d: posts the ante 100
4ea6c31f: posts the ante 100
f3381478: posts small blind 350
5215c740: posts big blind 700
*** HOLE CARDS ***
Dealt to 4ea6c31f 
Dealt to 2c65a835 
Dealt to 25d3e41e 
Dealt to a6070c1d 
Dealt to f3381478 
Dealt to 5215c740 
Dealt to Hero [3d Ac]
Dealt to 6c4c4a3b 
Hero: folds
6c4c4a3b: folds
4ea6c31f: folds
2c65a835: raises 6,027 to 6,727 and is all-in
25d3e41e: raises 7,773 to 14,500 and is all-in
a6070c1d: folds
f3381478: folds
5215c740: calls 13,800
25d3e41e: shows [7c 7s]
5215c740: shows [Ah Td]
2c65a835: shows [4h 4s]
*** FLOP *** [8s 5c 6d]
*** TURN *** [8s 5c 6d] [4c]
*** RIVER *** [8s 5c 6d 4c] [Kh]
*** SHOWDOWN ***
25d3e41e collected 21,331 from pot
25d3e41e collected 15,546 from pot
*** SUMMARY ***
Total pot 36,877 | Rake 0 | Jackpot 0 | Bingo 0 | Fortune 0 | Tax 0
Board [8s 5c 6d 4c Kh]
Seat 1: 4ea6c31f folded before Flop
Seat 2: 2c65a835 showed [4h 4s] and lost with three of a kind, Fours
Seat 3: 25d3e41e showed [7c 7s] and won (36,877) with a straight, Eight to Four
Seat 4: a6070c1d (button) folded before Flop
Seat 5: f3381478 (small blind) folded before Flop
Seat 6: 5215c740 (big blind) showed [Ah Td] and lost with Ace high
Seat 7: Hero folded before Flop
Seat 8: 6c4c4a3b folded before Flop


Poker Hand #TM5539959133: Tournament #260610223, Bounty Hunters Special $8.88 Hold'em No Limit - Level12(350/700(100)) - 2026/02/02 23:19:27
Table '112' 8-max Seat #3 is the button
Seat 1: 4ea6c31f (11,670 in chips)
Seat 2: 2c65a835 (6,927 in chips)
Seat 3: 25d3e41e (14,700 in chips)
Seat 4: a6070c1d (18,770 in chips)
Seat 5: f3381478 (20,332 in chips)
Seat 6: 5215c740 (72,852 in chips)
Seat 7: Hero (22,868 in chips)
Seat 8: 6c4c4a3b (11,336 in chips)
Hero: posts the ante 100
6c4c4a3b: posts the ante 100
25d3e41e: posts the ante 100
5215c740: posts the ante 100
f3381478: posts the ante 100
2c65a835: posts the ante 100
a6070c1d: posts the ante 100
4ea6c31f: posts the ante 100
a6070c1d: posts small blind 350
f3381478: posts big blind 700
*** HOLE CARDS ***
Dealt to 4ea6c31f 
Dealt to 2c65a835 
Dealt to 25d3e41e 
Dealt to a6070c1d 
Dealt to f3381478 
Dealt to 5215c740 
Dealt to Hero [3h Jh]
Dealt to 6c4c4a3b 
5215c740: folds
Hero: folds
6c4c4a3b: raises 10,536 to 11,236 and is all-in
4ea6c31f: folds
2c65a835: folds
25d3e41e: folds
a6070c1d: folds
f3381478: folds
Uncalled bet (10,536) returned to 6c4c4a3b
*** SHOWDOWN ***
6c4c4a3b collected 2,550 from pot
*** SUMMARY ***
Total pot 2,550 | Rake 0 | Jackpot 0 | Bingo 0 | Fortune 0 | Tax 0
Seat 1: 4ea6c31f folded before Flop
Seat 2: 2c65a835 folded before Flop
Seat 3: 25d3e41e (button) folded before Flop
Seat 4: a6070c1d (small blind) folded before Flop
Seat 5: f3381478 (big blind) folded before Flop
Seat 6: 5215c740 folded before Flop
Seat 7: Hero folded before Flop
Seat 8: 6c4c4a3b collected (2,550)


Poker Hand #TM5539959093: Tournament #260610223, Bounty Hunters Special $8.88 Hold'em No Limit - Level12(350/700(100)) - 2026/02/02 23:18:07
Table '112' 8-max Seat #2 is the button
Seat 1: 4ea6c31f (11,770 in chips)
Seat 2: 2c65a835 (13,627 in chips)
Seat 3: 25d3e41e (6,700 in chips)
Seat 4: a6070c1d (19,570 in chips)
Seat 5: f3381478 (20,432 in chips)
Seat 6: 5215c740 (72,952 in chips)
Seat 7: Hero (22,968 in chips)
Seat 8: 6c4c4a3b (11,436 in chips)
Hero: posts the ante 100
6c4c4a3b: posts the ante 100
5215c740: posts the ante 100
25d3e41e: posts the ante 100
f3381478: posts the ante 100
2c65a835: posts the ante 100
a6070c1d: posts the ante 100
4ea6c31f: posts the ante 100
25d3e41e: posts small blind 350
a6070c1d: posts big blind 700
*** HOLE CARDS ***
Dealt to 4ea6c31f 
Dealt to 2c65a835 
Dealt to 25d3e41e 
Dealt to a6070c1d 
Dealt to f3381478 
Dealt to 5215c740 
Dealt to Hero [3d 5d]
Dealt to 6c4c4a3b 
f3381478: folds
5215c740: folds
Hero: folds
6c4c4a3b: folds
4ea6c31f: folds
2c65a835: calls 700
25d3e41e: calls 350
a6070c1d: checks
*** FLOP *** [4d Kh 5c]
25d3e41e: checks
a6070c1d: checks
2c65a835: bets 957
25d3e41e: raises 4,814 to 5,771
a6070c1d: folds
2c65a835: raises 7,056 to 12,827 and is all-in
25d3e41e: calls 129 and is all-in
Uncalled bet (6,927) returned to 2c65a835
2c65a835: shows [Kc Ad] (a pair of Kings)
25d3e41e: shows [Ks 8s] (a pair of Kings)
*** TURN *** [4d Kh 5c] [2d]
*** RIVER *** [4d Kh 5c 2d] [8d]
*** SHOWDOWN ***
25d3e41e collected 14,700 from pot
*** SUMMARY ***
Total pot 14,700 | Rake 0 | Jackpot 0 | Bingo 0 | Fortune 0 | Tax 0
Board [4d Kh 5c 2d 8d]
Seat 1: 4ea6c31f folded before Flop
Seat 2: 2c65a835 (button) showed [Kc Ad] and lost with a pair of Kings
Seat 3: 25d3e41e (small blind) showed [Ks 8s] and won (14,700) with two pair, Kings and Eights
Seat 4: a6070c1d (big blind) folded on the Flop
Seat 5: f3381478 folded before Flop
Seat 6: 5215c740 folded before Flop
Seat 7: Hero folded before Flop
Seat 8: 6c4c4a3b folded before Flop


Poker Hand #TM5539039068: Tournament #260610223, Bounty Hunters Special $8.88 Hold'em No Limit - Level12(350/700(100)) - 2026/02/02 23:17:10
Table '112' 8-max Seat #1 is the button
Seat 1: 4ea6c31f (7,920 in chips)
Seat 2: 2c65a835 (14,077 in chips)
Seat 3: 25d3e41e (8,200 in chips)
Seat 4: a6070c1d (19,670 in chips)
Seat 5: f3381478 (20,532 in chips)
Seat 6: 5215c740 (73,052 in chips)
Seat 7: Hero (24,468 in chips)
Seat 8: 6c4c4a3b (11,536 in chips)
Hero: posts the ante 100
6c4c4a3b: posts the ante 100
5215c740: posts the ante 100
25d3e41e: posts the ante 100
f3381478: posts the ante 100
2c65a835: posts the ante 100
a6070c1d: posts the ante 100
4ea6c31f: posts the ante 100
2c65a835: posts small blind 350
25d3e41e: posts big blind 700
*** HOLE CARDS ***
Dealt to 4ea6c31f 
Dealt to 2c65a835 
Dealt to 25d3e41e 
Dealt to a6070c1d 
Dealt to f3381478 
Dealt to 5215c740 
Dealt to Hero [7d Jh]
Dealt to 6c4c4a3b 
a6070c1d: folds
f3381478: folds
5215c740: folds
Hero: raises 700 to 1,400
6c4c4a3b: folds
4ea6c31f: calls 1,400
2c65a835: folds
25d3e41e: calls 700
*** FLOP *** [9d Kc Kd]
25d3e41e: checks
Hero: checks
4ea6c31f: bets 1,766
25d3e41e: folds
Hero: folds
Uncalled bet (1,766) returned to 4ea6c31f
*** SHOWDOWN ***
4ea6c31f collected 5,350 from pot
*** SUMMARY ***
Total pot 5,350 | Rake 0 | Jackpot 0 | Bingo 0 | Fortune 0 | Tax 0
Board [9d Kc Kd]
Seat 1: 4ea6c31f (button) won (5,350)
Seat 2: 2c65a835 (small blind) folded before Flop
Seat 3: 25d3e41e (big blind) folded on the Flop
Seat 4: a6070c1d folded before Flop
Seat 5: f3381478 folded before Flop
Seat 6: 5215c740 folded before Flop
Seat 7: Hero folded on the Flop
Seat 8: 6c4c4a3b folded before Flop


Poker Hand #TM5539039001: Tournament #260610223, Bounty Hunters Special $8.88 Hold'em No Limit - Level12(350/700(100)) - 2026/02/02 23:14:36
Table '112' 8-max Seat #8 is the button
Seat 1: 4ea6c31f (8,370 in chips)
Seat 2: 2c65a835 (16,881 in chips)
Seat 3: 25d3e41e (8,300 in chips)
Seat 4: a6070c1d (19,770 in chips)
Seat 5: f3381478 (20,632 in chips)
Seat 6: 5215c740 (73,152 in chips)
Seat 7: Hero (20,714 in chips)
Seat 8: 6c4c4a3b (11,636 in chips)
Hero: posts the ante 100
6c4c4a3b: posts the ante 100
5215c740: posts the ante 100
25d3e41e: posts the ante 100
f3381478: posts the ante 100
2c65a835: posts the ante 100
a6070c1d: posts the ante 100
4ea6c31f: posts the ante 100
4ea6c31f: posts small blind 350
2c65a835: posts big blind 700
*** HOLE CARDS ***
Dealt to 4ea6c31f 
Dealt to 2c65a835 
Dealt to 25d3e41e 
Dealt to a6070c1d 
Dealt to f3381478 
Dealt to 5215c740 
Dealt to Hero [9d Ad]
Dealt to 6c4c4a3b 
25d3e41e: folds
a6070c1d: folds
f3381478: folds
5215c740: folds
Hero: raises 700 to 1,400
6c4c4a3b: folds
4ea6c31f: folds
2c65a835: calls 700
*** FLOP *** [4s 6h Ac]
2c65a835: checks
Hero: bets 1,304
2c65a835: calls 1,304
*** TURN *** [4s 6h Ac] [Kh]
2c65a835: checks
Hero: bets 3,979
2c65a835: folds
Uncalled bet (3,979) returned to Hero
*** SHOWDOWN ***
Hero collected 6,558 from pot
*** SUMMARY ***
Total pot 6,558 | Rake 0 | Jackpot 0 | Bingo 0 | Fortune 0 | Tax 0
Board [4s 6h Ac Kh]
Seat 1: 4ea6c31f (small blind) folded before Flop
Seat 2: 2c65a835 (big blind) folded on the Turn
Seat 3: 25d3e41e folded before Flop
Seat 4: a6070c1d folded before Flop
Seat 5: f3381478 folded before Flop
Seat 6: 5215c740 folded before Flop
Seat 7: Hero won (6,558)
Seat 8: 6c4c4a3b (button) folded before Flop


Poker Hand #TM5539038984: Tournament #260610223, Bounty Hunters Special $8.88 Hold'em No Limit - Level12(350/700(100)) - 2026/02/02 23:13:59
Table '112' 8-max Seat #7 is the button
Seat 1: 4ea6c31f (9,170 in chips)
Seat 2: 2c65a835 (16,981 in chips)
Seat 3: 25d3e41e (6,550 in chips)
Seat 4: a6070c1d (19,870 in chips)
Seat 5: f3381478 (20,732 in chips)
Seat 6: 5215c740 (73,252 in chips)
Seat 7: Hero (20,814 in chips)
Seat 8: 6c4c4a3b (12,086 in chips)
Hero: posts the ante 100
6c4c4a3b: posts the ante 100
5215c740: posts the ante 100
25d3e41e: posts the ante 100
f3381478: posts the ante 100
2c65a835: posts the ante 100
a6070c1d: posts the ante 100
4ea6c31f: posts the ante 100
6c4c4a3b: posts small blind 350
4ea6c31f: posts big blind 700
*** HOLE CARDS ***
Dealt to 4ea6c31f 
Dealt to 2c65a835 
Dealt to 25d3e41e 
Dealt to a6070c1d 
Dealt to f3381478 
Dealt to 5215c740 
Dealt to Hero [8c Qc]
Dealt to 6c4c4a3b 
2c65a835: folds
25d3e41e: raises 5,750 to 6,450 and is all-in
a6070c1d: folds
f3381478: folds
5215c740: folds
Hero: folds
6c4c4a3b: folds
4ea6c31f: folds
Uncalled bet (5,750) returned to 25d3e41e
*** SHOWDOWN ***
25d3e41e collected 2,550 from pot
*** SUMMARY ***
Total pot 2,550 | Rake 0 | Jackpot 0 | Bingo 0 | Fortune 0 | Tax 0
Seat 1: 4ea6c31f (big blind) folded before Flop
Seat 2: 2c65a835 folded before Flop
Seat 3: 25d3e41e collected (2,550)
Seat 4: a6070c1d folded before Flop
Seat 5: f3381478 folded before Flop
Seat 6: 5215c740 folded before Flop
Seat 7: Hero (button) folded before Flop
Seat 8: 6c4c4a3b (small blind) folded before Flop


Poker Hand #TM5539038959: Tournament #260610223, Bounty Hunters Special $8.88 Hold'em No Limit - Level12(350/700(100)) - 2026/02/02 23:13:12
Table '112' 8-max Seat #6 is the button
Seat 1: 4ea6c31f (9,270 in chips)
Seat 2: 2c65a835 (17,081 in chips)
Seat 3: 25d3e41e (6,650 in chips)
Seat 4: a6070c1d (19,970 in chips)
Seat 5: f3381478 (22,932 in chips)
Seat 6: 5215c740 (73,352 in chips)
Seat 7: Hero (17,314 in chips)
Seat 8: 6c4c4a3b (12,886 in chips)
Hero: posts the ante 100
6c4c4a3b: posts the ante 100
5215c740: posts the ante 100
25d3e41e: posts the ante 100
f3381478: posts the ante 100
2c65a835: posts the ante 100
a6070c1d: posts the ante 100
4ea6c31f: posts the ante 100
Hero: posts small blind 350
6c4c4a3b: posts big blind 700
*** HOLE CARDS ***
Dealt to 4ea6c31f 
Dealt to 2c65a835 
Dealt to 25d3e41e 
Dealt to a6070c1d 
Dealt to f3381478 
Dealt to 5215c740 
Dealt to Hero [Tc 8c]
Dealt to 6c4c4a3b 
4ea6c31f: folds
2c65a835: folds
25d3e41e: folds
a6070c1d: folds
f3381478: calls 700
5215c740: folds
Hero: raises 1,400 to 2,100
6c4c4a3b: folds
f3381478: calls 1,400
*** FLOP *** [Qd Ks 4s]
Hero: bets 1,881
f3381478: folds
Uncalled bet (1,881) returned to Hero
*** SHOWDOWN ***
Hero collected 5,700 from pot
*** SUMMARY ***
Total pot 5,700 | Rake 0 | Jackpot 0 | Bingo 0 | Fortune 0 | Tax 0
Board [Qd Ks 4s]
Seat 1: 4ea6c31f folded before Flop
Seat 2: 2c65a835 folded before Flop
Seat 3: 25d3e41e folded before Flop
Seat 4: a6070c1d folded before Flop
Seat 5: f3381478 folded on the Flop
Seat 6: 5215c740 (button) folded before Flop
Seat 7: Hero (small blind) won (5,700)
Seat 8: 6c4c4a3b (big blind) folded before Flop


Poker Hand #TM5539038945: Tournament #260610223, Bounty Hunters Special $8.88 Hold'em No Limit - Level11(300/600(90)) - 2026/02/02 23:12:39
Table '112' 8-max Seat #5 is the button
Seat 1: 4ea6c31f (7,740 in chips)
Seat 2: 2c65a835 (17,171 in chips)
Seat 3: 25d3e41e (6,740 in chips)
Seat 4: a6070c1d (20,060 in chips)
Seat 5: f3381478 (23,022 in chips)
Seat 6: 5215c740 (73,742 in chips)
Seat 7: Hero (18,004 in chips)
Seat 8: 6c4c4a3b (12,976 in chips)
Hero: posts the ante 90
6c4c4a3b: posts the ante 90
25d3e41e: posts the ante 90
5215c740: posts the ante 90
f3381478: posts the ante 90
2c65a835: posts the ante 90
a6070c1d: posts the ante 90
4ea6c31f: posts the ante 90
5215c740: posts small blind 300
Hero: posts big blind 600
*** HOLE CARDS ***
Dealt to 4ea6c31f 
Dealt to 2c65a835 
Dealt to 25d3e41e 
Dealt to a6070c1d 
Dealt to f3381478 
Dealt to 5215c740 
Dealt to Hero [2d 4c]
Dealt to 6c4c4a3b 
6c4c4a3b: folds
4ea6c31f: raises 7,050 to 7,650 and is all-in
2c65a835: folds
25d3e41e: folds
a6070c1d: folds
f3381478: folds
5215c740: folds
Hero: folds
Uncalled bet (7,050) returned to 4ea6c31f
*** SHOWDOWN ***
4ea6c31f collected 2,220 from pot
*** SUMMARY ***
Total pot 2,220 | Rake 0 | Jackpot 0 | Bingo 0 | Fortune 0 | Tax 0
Seat 1: 4ea6c31f collected (2,220)
Seat 2: 2c65a835 folded before Flop
Seat 3: 25d3e41e folded before Flop
Seat 4: a6070c1d folded before Flop
Seat 5: f3381478 (button) folded before Flop
Seat 6: 5215c740 (small blind) folded before Flop
Seat 7: Hero (big blind) folded before Flop
Seat 8: 6c4c4a3b folded before Flop


Poker Hand #TM5539038918: Tournament #260610223, Bounty Hunters Special $8.88 Hold'em No Limit - Level11(300/600(90)) - 2026/02/02 23:11:42
Table '112' 8-max Seat #4 is the button
Seat 1: 4ea6c31f (7,830 in chips)
Seat 2: 2c65a835 (17,261 in chips)
Seat 3: 25d3e41e (6,830 in chips)
Seat 4: a6070c1d (20,150 in chips)
Seat 5: f3381478 (23,412 in chips)
Seat 6: 5215c740 (70,412 in chips)
Seat 7: Hero (19,294 in chips)
Seat 8: 6c4c4a3b (14,266 in chips)
Hero: posts the ante 90
6c4c4a3b: posts the ante 90
25d3e41e: posts the ante 90
5215c740: posts the ante 90
f3381478: posts the ante 90
2c65a835: posts the ante 90
a6070c1d: posts the ante 90
4ea6c31f: posts the ante 90
f3381478: posts small blind 300
5215c740: posts big blind 600
*** HOLE CARDS ***
Dealt to 4ea6c31f 
Dealt to 2c65a835 
Dealt to 25d3e41e 
Dealt to a6070c1d 
Dealt to f3381478 
Dealt to 5215c740 
Dealt to Hero [4s 4c]
Dealt to 6c4c4a3b 
Hero: raises 600 to 1,200
6c4c4a3b: calls 1,200
4ea6c31f: folds
2c65a835: folds
25d3e41e: folds
a6070c1d: folds
f3381478: folds
5215c740: raises 4,665 to 5,865
Hero: folds
6c4c4a3b: folds
Uncalled bet (4,665) returned to 5215c740
*** SHOWDOWN ***
5215c740 collected 4,620 from pot
*** SUMMARY ***
Total pot 4,620 | Rake 0 | Jackpot 0 | Bingo 0 | Fortune 0 | Tax 0
Seat 1: 4ea6c31f folded before Flop
Seat 2: 2c65a835 folded before Flop
Seat 3: 25d3e41e folded before Flop
Seat 4: a6070c1d (button) folded before Flop
Seat 5: f3381478 (small blind) folded before Flop
Seat 6: 5215c740 (big blind) collected (4,620)
Seat 7: Hero folded before Flop
Seat 8: 6c4c4a3b folded before Flop


Poker Hand #TM5539038884: Tournament #260610223, Bounty Hunters Special $8.88 Hold'em No Limit - Level11(300/600(90)) - 2026/02/02 23:10:31
Table '112' 8-max Seat #3 is the button
Seat 1: 4ea6c31f (7,920 in chips)
Seat 2: 2c65a835 (17,351 in chips)
Seat 3: 25d3e41e (6,920 in chips)
Seat 4: a6070c1d (20,540 in chips)
Seat 5: f3381478 (24,102 in chips)
Seat 6: 5215c740 (56,155 in chips)
Seat 7: Hero (32,111 in chips)
Seat 8: 6c4c4a3b (14,356 in chips)
Hero: posts the ante 90
6c4c4a3b: posts the ante 90
25d3e41e: posts the ante 90
5215c740: posts the ante 90
f3381478: posts the ante 90
2c65a835: posts the ante 90
a6070c1d: posts the ante 90
4ea6c31f: posts the ante 90
a6070c1d: posts small blind 300
f3381478: posts big blind 600
*** HOLE CARDS ***
Dealt to 4ea6c31f 
Dealt to 2c65a835 
Dealt to 25d3e41e 
Dealt to a6070c1d 
Dealt to f3381478 
Dealt to 5215c740 
Dealt to Hero [Kh Td]
Dealt to 6c4c4a3b 
5215c740: raises 720 to 1,320
Hero: calls 1,320
6c4c4a3b: folds
4ea6c31f: folds
2c65a835: folds
25d3e41e: folds
a6070c1d: folds
f3381478: folds
*** FLOP *** [Qh Kc 6h]
5215c740: checks
Hero: bets 1,406
5215c740: raises 3,534 to 4,940
Hero: calls 3,534
*** TURN *** [Qh Kc 6h] [8h]
5215c740: checks
Hero: checks
*** RIVER *** [Qh Kc 6h 8h] [5c]
5215c740: bets 6,467
Hero: calls 6,467
5215c740: shows [Qs Qd] (three of a kind, Queens)
Hero: shows [Kh Td] (a pair of Kings)
*** SHOWDOWN ***
5215c740 collected 27,074 from pot
*** SUMMARY ***
Total pot 27,074 | Rake 0 | Jackpot 0 | Bingo 0 | Fortune 0 | Tax 0
Board [Qh Kc 6h 8h 5c]
Seat 1: 4ea6c31f folded before Flop
Seat 2: 2c65a835 folded before Flop
Seat 3: 25d3e41e (button) folded before Flop
Seat 4: a6070c1d (small blind) folded before Flop
Seat 5: f3381478 (big blind) folded before Flop
Seat 6: 5215c740 showed [Qs Qd] and won (27,074) with three of a kind, Queens
Seat 7: Hero showed [Kh Td] and lost with a pair of Kings
Seat 8: 6c4c4a3b folded before Flop


Poker Hand #TM5539038864: Tournament #260610223, Bounty Hunters Special $8.88 Hold'em No Limit - Level11(300/600(90)) - 2026/02/02 23:09:36
Table '112' 8-max Seat #2 is the button
Seat 1: 4ea6c31f (8,010 in chips)
Seat 2: 2c65a835 (17,441 in chips)
Seat 3: 25d3e41e (7,310 in chips)
Seat 4: a6070c1d (18,410 in chips)
Seat 5: f3381478 (24,192 in chips)
Seat 6: 5215c740 (56,245 in chips)
Seat 7: Hero (32,201 in chips)
Seat 8: 6c4c4a3b (15,646 in chips)
Hero: posts the ante 90
6c4c4a3b: posts the ante 90
5215c740: posts the ante 90
25d3e41e: posts the ante 90
f3381478: posts the ante 90
2c65a835: posts the ante 90
a6070c1d: posts the ante 90
4ea6c31f: posts the ante 90
25d3e41e: posts small blind 300
a6070c1d: posts big blind 600
*** HOLE CARDS ***
Dealt to 4ea6c31f 
Dealt to 2c65a835 
Dealt to 25d3e41e 
Dealt to a6070c1d 
Dealt to f3381478 
Dealt to 5215c740 
Dealt to Hero [Qc 2s]
Dealt to 6c4c4a3b 
f3381478: folds
5215c740: folds
Hero: folds
6c4c4a3b: raises 600 to 1,200
4ea6c31f: folds
2c65a835: folds
25d3e41e: folds
a6070c1d: calls 600
*** FLOP *** [8c 7d 7h]
a6070c1d: checks
6c4c4a3b: checks
*** TURN *** [8c 7d 7h] [8s]
a6070c1d: bets 2,805
6c4c4a3b: folds
Uncalled bet (2,805) returned to a6070c1d
*** SHOWDOWN ***
a6070c1d collected 3,420 from pot
*** SUMMARY ***
Total pot 3,420 | Rake 0 | Jackpot 0 | Bingo 0 | Fortune 0 | Tax 0
Board [8c 7d 7h 8s]
Seat 1: 4ea6c31f folded before Flop
Seat 2: 2c65a835 (button) folded before Flop
Seat 3: 25d3e41e (small blind) folded before Flop
Seat 4: a6070c1d (big blind) won (3,420)
Seat 5: f3381478 folded before Flop
Seat 6: 5215c740 folded before Flop
Seat 7: Hero folded before Flop
Seat 8: 6c4c4a3b folded on the Turn


Poker Hand #TM5539038828: Tournament #260610223, Bounty Hunters Special $8.88 Hold'em No Limit - Level11(300/600(90)) - 2026/02/02 23:08:17
Table '112' 8-max Seat #1 is the button
Seat 1: 4ea6c31f (8,100 in chips)
Seat 2: 2c65a835 (16,871 in chips)
Seat 3: 25d3e41e (8,000 in chips)
Seat 4: a6070c1d (18,500 in chips)
Seat 5: f3381478 (24,282 in chips)
Seat 6: 5215c740 (56,335 in chips)
Seat 7: Hero (31,631 in chips)
Seat 8: 6c4c4a3b (15,736 in chips)
Hero: posts the ante 90
6c4c4a3b: posts the ante 90
5215c740: posts the ante 90
25d3e41e: posts the ante 90
f3381478: posts the ante 90
2c65a835: posts the ante 90
a6070c1d: posts the ante 90
4ea6c31f: posts the ante 90
2c65a835: posts small blind 300
25d3e41e: posts big blind 600
*** HOLE CARDS ***
Dealt to 4ea6c31f 
Dealt to 2c65a835 
Dealt to 25d3e41e 
Dealt to a6070c1d 
Dealt to f3381478 
Dealt to 5215c740 
Dealt to Hero [2c Ac]
Dealt to 6c4c4a3b 
a6070c1d: folds
f3381478: folds
5215c740: folds
Hero: raises 600 to 1,200
6c4c4a3b: folds
4ea6c31f: folds
2c65a835: calls 900
25d3e41e: folds
*** FLOP *** [8h Ah Qc]
2c65a835: checks
Hero: bets 1,228
2c65a835: calls 1,228
*** TURN *** [8h Ah Qc] [Th]
2c65a835: checks
Hero: checks
*** RIVER *** [8h Ah Qc Th] [9s]
2c65a835: bets 2,039
Hero: calls 2,039
2c65a835: shows [5c Ad] (a pair of Aces)
Hero: shows [2c Ac] (a pair of Aces)
*** SHOWDOWN ***
Hero collected 5,127 from pot
2c65a835 collected 5,127 from pot
*** SUMMARY ***
Total pot 10,254 | Rake 0 | Jackpot 0 | Bingo 0 | Fortune 0 | Tax 0
Board [8h Ah Qc Th 9s]
Seat 1: 4ea6c31f (button) folded before Flop
Seat 2: 2c65a835 (small blind) showed [5c Ad] and won (5,127) with a pair of Aces
Seat 3: 25d3e41e (big blind) folded before Flop
Seat 4: a6070c1d folded before Flop
Seat 5: f3381478 folded before Flop
Seat 6: 5215c740 folded before Flop
Seat 7: Hero showed [2c Ac] and won (5,127) with a pair of Aces
Seat 8: 6c4c4a3b folded before Flop


Poker Hand #TM5539038812: Tournament #260610223, Bounty Hunters Special $8.88 Hold'em No Limit - Level11(300/600(90)) - 2026/02/02 23:07:46
Table '112' 8-max Seat #8 is the button
Seat 1: 4ea6c31f (8,490 in chips)
Seat 2: 2c65a835 (17,561 in chips)
Seat 3: 25d3e41e (8,090 in chips)
Seat 4: a6070c1d (18,590 in chips)
Seat 5: f3381478 (24,972 in chips)
Seat 6: 5215c740 (54,205 in chips)
Seat 7: Hero (31,721 in chips)
Seat 8: 6c4c4a3b (15,826 in chips)
Hero: posts the ante 90
6c4c4a3b: posts the ante 90
5215c740: posts the ante 90
25d3e41e: posts the ante 90
f3381478: posts the ante 90
2c65a835: posts the ante 90
a6070c1d: posts the ante 90
4ea6c31f: posts the ante 90
4ea6c31f: posts small blind 300
2c65a835: posts big blind 600
*** HOLE CARDS ***
Dealt to 4ea6c31f 
Dealt to 2c65a835 
Dealt to 25d3e41e 
Dealt to a6070c1d 
Dealt to f3381478 
Dealt to 5215c740 
Dealt to Hero [Js 2s]
Dealt to 6c4c4a3b 
25d3e41e: folds
a6070c1d: folds
f3381478: calls 600
5215c740: raises 1,800 to 2,400
Hero: folds
6c4c4a3b: folds
4ea6c31f: folds
2c65a835: folds
f3381478: folds
Uncalled bet (1,800) returned to 5215c740
*** SHOWDOWN ***
5215c740 collected 2,820 from pot
*** SUMMARY ***
Total pot 2,820 | Rake 0 | Jackpot 0 | Bingo 0 | Fortune 0 | Tax 0
Seat 1: 4ea6c31f (small blind) folded before Flop
Seat 2: 2c65a835 (big blind) folded before Flop
Seat 3: 25d3e41e folded before Flop
Seat 4: a6070c1d folded before Flop
Seat 5: f3381478 folded before Flop
Seat 6: 5215c740 collected (2,820)
Seat 7: Hero folded before Flop
Seat 8: 6c4c4a3b (button) folded before Flop


Poker Hand #TM5539038801: Tournament #260610223, Bounty Hunters Special $8.88 Hold'em No Limit - Level11(300/600(90)) - 2026/02/02 23:07:25
Table '112' 8-max Seat #7 is the button
Seat 1: 4ea6c31f (9,180 in chips)
Seat 2: 2c65a835 (17,651 in chips)
Seat 3: 25d3e41e (8,180 in chips)
Seat 4: a6070c1d (18,680 in chips)
Seat 5: f3381478 (25,062 in chips)
Seat 6: 5215c740 (54,295 in chips)
Seat 7: Hero (31,811 in chips)
Seat 8: 6c4c4a3b (14,596 in chips)
Hero: posts the ante 90
6c4c4a3b: posts the ante 90
5215c740: posts the ante 90
25d3e41e: posts the ante 90
f3381478: posts the ante 90
2c65a835: posts the ante 90
a6070c1d: posts the ante 90
4ea6c31f: posts the ante 90
6c4c4a3b: posts small blind 300
4ea6c31f: posts big blind 600
*** HOLE CARDS ***
Dealt to 4ea6c31f 
Dealt to 2c65a835 
Dealt to 25d3e41e 
Dealt to a6070c1d 
Dealt to f3381478 
Dealt to 5215c740 
Dealt to Hero [6h 3s]
Dealt to 6c4c4a3b 
2c65a835: folds
25d3e41e: folds
a6070c1d: folds
f3381478: folds
5215c740: folds
Hero: folds
6c4c4a3b: raises 13,906 to 14,506 and is all-in
4ea6c31f: folds
Uncalled bet (13,906) returned to 6c4c4a3b
*** SHOWDOWN ***
6c4c4a3b collected 1,920 from pot
*** SUMMARY ***
Total pot 1,920 | Rake 0 | Jackpot 0 | Bingo 0 | Fortune 0 | Tax 0
Seat 1: 4ea6c31f (big blind) folded before Flop
Seat 2: 2c65a835 folded before Flop
Seat 3: 25d3e41e folded before Flop
Seat 4: a6070c1d folded before Flop
Seat 5: f3381478 folded before Flop
Seat 6: 5215c740 folded before Flop
Seat 7: Hero (button) folded before Flop
Seat 8: 6c4c4a3b (small blind) collected (1,920)


Poker Hand #TM5539038777: Tournament #260610223, Bounty Hunters Special $8.88 Hold'em No Limit - Level11(300/600(90)) - 2026/02/02 23:06:44
Table '112' 8-max Seat #6 is the button
Seat 1: 4ea6c31f (9,270 in chips)
Seat 2: 2c65a835 (17,741 in chips)
Seat 3: 25d3e41e (8,270 in chips)
Seat 4: a6070c1d (8,770 in chips)
Seat 5: f3381478 (25,152 in chips)
Seat 6: 5215c740 (54,385 in chips)
Seat 7: Hero (40,581 in chips)
Seat 8: 6c4c4a3b (15,286 in chips)
Hero: posts the ante 90
6c4c4a3b: posts the ante 90
5215c740: posts the ante 90
25d3e41e: posts the ante 90
f3381478: posts the ante 90
2c65a835: posts the ante 90
a6070c1d: posts the ante 90
4ea6c31f: posts the ante 90
Hero: posts small blind 300
6c4c4a3b: posts big blind 600
*** HOLE CARDS ***
Dealt to 4ea6c31f 
Dealt to 2c65a835 
Dealt to 25d3e41e 
Dealt to a6070c1d 
Dealt to f3381478 
Dealt to 5215c740 
Dealt to Hero [Tc Ks]
Dealt to 6c4c4a3b 
4ea6c31f: folds
2c65a835: folds
25d3e41e: folds
a6070c1d: raises 8,080 to 8,680 and is all-in
f3381478: folds
5215c740: folds
Hero: raises 31,811 to 40,491 and is all-in
6c4c4a3b: folds
Uncalled bet (31,811) returned to Hero
Hero: shows [Tc Ks]
a6070c1d: shows [Ac Jc]
*** FLOP *** [6c 2c 6h]
*** TURN *** [6c 2c 6h] [Jd]
*** RIVER *** [6c 2c 6h Jd] [4s]
*** SHOWDOWN ***
a6070c1d collected 18,680 from pot
*** SUMMARY ***
Total pot 18,680 | Rake 0 | Jackpot 0 | Bingo 0 | Fortune 0 | Tax 0
Board [6c 2c 6h Jd 4s]
Seat 1: 4ea6c31f folded before Flop
Seat 2: 2c65a835 folded before Flop
Seat 3: 25d3e41e folded before Flop
Seat 4: a6070c1d showed [Ac Jc] and won (18,680) with two pair, Jacks and Sixes
Seat 5: f3381478 folded before Flop
Seat 6: 5215c740 (button) folded before Flop
Seat 7: Hero (small blind) showed [Tc Ks] and lost with a pair of Sixes
Seat 8: 6c4c4a3b (big blind) folded before Flop


Poker Hand #TM5539038744: Tournament #260610223, Bounty Hunters Special $8.88 Hold'em No Limit - Level11(300/600(90)) - 2026/02/02 23:05:48
Table '112' 8-max Seat #5 is the button
Seat 1: 4ea6c31f (9,360 in chips)
Seat 2: 2c65a835 (17,831 in chips)
Seat 3: 25d3e41e (8,360 in chips)
Seat 4: a6070c1d (8,860 in chips)
Seat 5: f3381478 (30,559 in chips)
Seat 6: 5215c740 (54,775 in chips)
Seat 7: Hero (34,334 in chips)
Seat 8: 6c4c4a3b (15,376 in chips)
Hero: posts the ante 90
6c4c4a3b: posts the ante 90
25d3e41e: posts the ante 90
5215c740: posts the ante 90
f3381478: posts the ante 90
2c65a835: posts the ante 90
a6070c1d: posts the ante 90
4ea6c31f: posts the ante 90
5215c740: posts small blind 300
Hero: posts big blind 600
*** HOLE CARDS ***
Dealt to 4ea6c31f 
Dealt to 2c65a835 
Dealt to 25d3e41e 
Dealt to a6070c1d 
Dealt to f3381478 
Dealt to 5215c740 
Dealt to Hero [Qd 8s]
Dealt to 6c4c4a3b 
6c4c4a3b: folds
4ea6c31f: folds
2c65a835: folds
25d3e41e: folds
a6070c1d: folds
f3381478: raises 600 to 1,200
5215c740: folds
Hero: calls 600
*** FLOP *** [6c Qc 6s]
Hero: checks
f3381478: bets 1,800
Hero: calls 1,800
*** TURN *** [6c Qc 6s] [5d]
Hero: checks
f3381478: checks
*** RIVER *** [6c Qc 6s 5d] [Td]
Hero: bets 2,317
f3381478: calls 2,317
Hero: shows [Qd 8s] (two pair, Queens and Sixes)
f3381478: shows [Ad Kh] (a pair of Sixes)
*** SHOWDOWN ***
Hero collected 11,654 from pot
*** SUMMARY ***
Total pot 11,654 | Rake 0 | Jackpot 0 | Bingo 0 | Fortune 0 | Tax 0
Board [6c Qc 6s 5d Td]
Seat 1: 4ea6c31f folded before Flop
Seat 2: 2c65a835 folded before Flop
Seat 3: 25d3e41e folded before Flop
Seat 4: a6070c1d folded before Flop
Seat 5: f3381478 (button) showed [Ad Kh] and lost with a pair of Sixes
Seat 6: 5215c740 (small blind) folded before Flop
Seat 7: Hero (big blind) showed [Qd 8s] and won (11,654) with two pair, Queens and Sixes
Seat 8: 6c4c4a3b folded before Flop


Poker Hand #TM5539038732: Tournament #260610223, Bounty Hunters Special $8.88 Hold'em No Limit - Level11(300/600(90)) - 2026/02/02 23:05:24
Table '112' 8-max Seat #4 is the button
Seat 1: 4ea6c31f (9,450 in chips)
Seat 2: 2c65a835 (17,921 in chips)
Seat 3: 25d3e41e (8,450 in chips)
Seat 4: a6070c1d (8,950 in chips)
Seat 5: f3381478 (30,949 in chips)
Seat 6: 5215c740 (53,845 in chips)
Seat 7: Hero (34,424 in chips)
Seat 8: 6c4c4a3b (15,466 in chips)
Hero: posts the ante 90
6c4c4a3b: posts the ante 90
25d3e41e: posts the ante 90
5215c740: posts the ante 90
f3381478: posts the ante 90
2c65a835: posts the ante 90
a6070c1d: posts the ante 90
4ea6c31f: posts the ante 90
f3381478: posts small blind 300
5215c740: posts big blind 600
*** HOLE CARDS ***
Dealt to 4ea6c31f 
Dealt to 2c65a835 
Dealt to 25d3e41e 
Dealt to a6070c1d 
Dealt to f3381478 
Dealt to 5215c740 
Dealt to Hero [Ks 5s]
Dealt to 6c4c4a3b 
Hero: folds
6c4c4a3b: folds
4ea6c31f: folds
2c65a835: folds
25d3e41e: folds
a6070c1d: folds
f3381478: folds
Uncalled bet (300) returned to 5215c740
*** SHOWDOWN ***
5215c740 collected 1,320 from pot
*** SUMMARY ***
Total pot 1,320 | Rake 0 | Jackpot 0 | Bingo 0 | Fortune 0 | Tax 0
Seat 1: 4ea6c31f folded before Flop
Seat 2: 2c65a835 folded before Flop
Seat 3: 25d3e41e folded before Flop
Seat 4: a6070c1d (button) folded before Flop
Seat 5: f3381478 (small blind) folded before Flop
Seat 6: 5215c740 (big blind) collected (1,320)
Seat 7: Hero folded before Flop
Seat 8: 6c4c4a3b folded before Flop


Poker Hand #TM5539038716: Tournament #260610223, Bounty Hunters Special $8.88 Hold'em No Limit - Level10(250/500(75)) - 2026/02/02 23:04:59
Table '112' 8-max Seat #3 is the button
Seat 1: 4ea6c31f (9,525 in chips)
Seat 2: 2c65a835 (17,996 in chips)
Seat 3: 25d3e41e (8,525 in chips)
Seat 4: a6070c1d (9,275 in chips)
Seat 5: f3381478 (31,524 in chips)
Seat 6: 5215c740 (53,920 in chips)
Seat 7: Hero (33,149 in chips)
Seat 8: 6c4c4a3b (15,541 in chips)
Hero: posts the ante 75
6c4c4a3b: posts the ante 75
25d3e41e: posts the ante 75
5215c740: posts the ante 75
f3381478: posts the ante 75
2c65a835: posts the ante 75
a6070c1d: posts the ante 75
4ea6c31f: posts the ante 75
a6070c1d: posts small blind 250
f3381478: posts big blind 500
*** HOLE CARDS ***
Dealt to 4ea6c31f 
Dealt to 2c65a835 
Dealt to 25d3e41e 
Dealt to a6070c1d 
Dealt to f3381478 
Dealt to 5215c740 
Dealt to Hero [5s 7s]
Dealt to 6c4c4a3b 
5215c740: folds
Hero: raises 500 to 1,000
6c4c4a3b: folds
4ea6c31f: folds
2c65a835: folds
25d3e41e: folds
a6070c1d: folds
f3381478: folds
Uncalled bet (500) returned to Hero
*** SHOWDOWN ***
Hero collected 1,850 from pot
*** SUMMARY ***
Total pot 1,850 | Rake 0 | Jackpot 0 | Bingo 0 | Fortune 0 | Tax 0
Seat 1: 4ea6c31f folded before Flop
Seat 2: 2c65a835 folded before Flop
Seat 3: 25d3e41e (button) folded before Flop
Seat 4: a6070c1d (small blind) folded before Flop
Seat 5: f3381478 (big blind) folded before Flop
Seat 6: 5215c740 folded before Flop
Seat 7: Hero collected (1,850)
Seat 8: 6c4c4a3b folded before Flop


Poker Hand #TM5539038677: Tournament #260610223, Bounty Hunters Special $8.88 Hold'em No Limit - Level10(250/500(75)) - 2026/02/02 23:03:39
Table '112' 8-max Seat #2 is the button
Seat 1: 4ea6c31f (9,600 in chips)
Seat 2: 2c65a835 (13,721 in chips)
Seat 3: 25d3e41e (8,850 in chips)
Seat 4: a6070c1d (9,850 in chips)
Seat 5: f3381478 (33,099 in chips)
Seat 6: 5215c740 (55,495 in chips)
Seat 7: Hero (33,224 in chips)
Seat 8: 6c4c4a3b (15,616 in chips)
Hero: posts the ante 75
6c4c4a3b: posts the ante 75
5215c740: posts the ante 75
25d3e41e: posts the ante 75
f3381478: posts the ante 75
2c65a835: posts the ante 75
a6070c1d: posts the ante 75
4ea6c31f: posts the ante 75
25d3e41e: posts small blind 250
a6070c1d: posts big blind 500
*** HOLE CARDS ***
Dealt to 4ea6c31f 
Dealt to 2c65a835 
Dealt to 25d3e41e 
Dealt to a6070c1d 
Dealt to f3381478 
Dealt to 5215c740 
Dealt to Hero [Ts 5s]
Dealt to 6c4c4a3b 
f3381478: calls 500
5215c740: raises 1,000 to 1,500
Hero: folds
6c4c4a3b: folds
4ea6c31f: folds
2c65a835: calls 1,500
25d3e41e: folds
a6070c1d: folds
f3381478: calls 1,000
*** FLOP *** [Qs 3d Tc]
f3381478: checks
5215c740: checks
2c65a835: checks
*** TURN *** [Qs 3d Tc] [3c]
f3381478: checks
5215c740: checks
2c65a835: bets 850
f3381478: folds
5215c740: folds
Uncalled bet (850) returned to 2c65a835
*** SHOWDOWN ***
2c65a835 collected 5,850 from pot
*** SUMMARY ***
Total pot 5,850 | Rake 0 | Jackpot 0 | Bingo 0 | Fortune 0 | Tax 0
Board [Qs 3d Tc 3c]
Seat 1: 4ea6c31f folded before Flop
Seat 2: 2c65a835 (button) won (5,850)
Seat 3: 25d3e41e (small blind) folded before Flop
Seat 4: a6070c1d (big blind) folded before Flop
Seat 5: f3381478 folded on the Turn
Seat 6: 5215c740 folded on the Turn
Seat 7: Hero folded before Flop
Seat 8: 6c4c4a3b folded before Flop


Poker Hand #TM5539038653: Tournament #260610223, Bounty Hunters Special $8.88 Hold'em No Limit - Level10(250/500(75)) - 2026/02/02 23:03:03
Table '112' 8-max Seat #1 is the button
Seat 1: 4ea6c31f (9,675 in chips)
Seat 2: 2c65a835 (14,046 in chips)
Seat 3: 25d3e41e (9,925 in chips)
Seat 4: a6070c1d (9,925 in chips)
Seat 5: f3381478 (33,174 in chips)
Seat 6: 5215c740 (55,570 in chips)
Seat 7: Hero (33,299 in chips)
Seat 8: 6c4c4a3b (13,841 in chips)
Hero: posts the ante 75
6c4c4a3b: posts the ante 75
5215c740: posts the ante 75
25d3e41e: posts the ante 75
f3381478: posts the ante 75
2c65a835: posts the ante 75
a6070c1d: posts the ante 75
4ea6c31f: posts the ante 75
2c65a835: posts small blind 250
25d3e41e: posts big blind 500
*** HOLE CARDS ***
Dealt to 4ea6c31f 
Dealt to 2c65a835 
Dealt to 25d3e41e 
Dealt to a6070c1d 
Dealt to f3381478 
Dealt to 5215c740 
Dealt to Hero [6c 9s]
Dealt to 6c4c4a3b 
a6070c1d: folds
f3381478: folds
5215c740: folds
Hero: folds
6c4c4a3b: raises 500 to 1,000
4ea6c31f: folds
2c65a835: folds
25d3e41e: calls 500
*** FLOP *** [3h 5d Ac]
25d3e41e: checks
6c4c4a3b: bets 941
25d3e41e: folds
Uncalled bet (941) returned to 6c4c4a3b
*** SHOWDOWN ***
6c4c4a3b collected 2,850 from pot
*** SUMMARY ***
Total pot 2,850 | Rake 0 | Jackpot 0 | Bingo 0 | Fortune 0 | Tax 0
Board [3h 5d Ac]
Seat 1: 4ea6c31f (button) folded before Flop
Seat 2: 2c65a835 (small blind) folded before Flop
Seat 3: 25d3e41e (big blind) folded on the Flop
Seat 4: a6070c1d folded before Flop
Seat 5: f3381478 folded before Flop
Seat 6: 5215c740 folded before Flop
Seat 7: Hero folded before Flop
Seat 8: 6c4c4a3b won (2,850)


Poker Hand #TM5539038620: Tournament #260610223, Bounty Hunters Special $8.88 Hold'em No Limit - Level10(250/500(75)) - 2026/02/02 23:02:02
Table '112' 8-max Seat #8 is the button
Seat 1: 4ea6c31f (10,000 in chips)
Seat 2: 2c65a835 (10,000 in chips)
Seat 3: 25d3e41e (10,000 in chips)
Seat 4: a6070c1d (10,000 in chips)
Seat 5: f3381478 (33,249 in chips)
Seat 6: 5215c740 (56,645 in chips)
Seat 7: Hero (35,645 in chips)
Seat 8: 6c4c4a3b (13,916 in chips)
Hero: posts the ante 75
6c4c4a3b: posts the ante 75
5215c740: posts the ante 75
25d3e41e: posts the ante 75
f3381478: posts the ante 75
2c65a835: posts the ante 75
a6070c1d: posts the ante 75
4ea6c31f: posts the ante 75
4ea6c31f: posts small blind 250
2c65a835: posts big blind 500
*** HOLE CARDS ***
Dealt to 4ea6c31f 
Dealt to 2c65a835 
Dealt to 25d3e41e 
Dealt to a6070c1d 
Dealt to f3381478 
Dealt to 5215c740 
Dealt to Hero [Td As]
Dealt to 6c4c4a3b 
25d3e41e: folds
a6070c1d: folds
f3381478: folds
5215c740: raises 500 to 1,000
Hero: calls 1,000
6c4c4a3b: folds
4ea6c31f: folds
2c65a835: calls 500
*** FLOP *** [4d Ks 7c]
2c65a835: checks
5215c740: checks
Hero: bets 1,271
2c65a835: calls 1,271
5215c740: folds
*** TURN *** [4d Ks 7c] [7h]
2c65a835: checks
Hero: checks
*** RIVER *** [4d Ks 7c 7h] [2s]
2c65a835: bets 4,219
Hero: folds
Uncalled bet (4,219) returned to 2c65a835
*** SHOWDOWN ***
2c65a835 collected 6,392 from pot
*** SUMMARY ***
Total pot 6,392 | Rake 0 | Jackpot 0 | Bingo 0 | Fortune 0 | Tax 0
Board [4d Ks 7c 7h 2s]
Seat 1: 4ea6c31f (small blind) folded before Flop
Seat 2: 2c65a835 (big blind) won (6,392)
Seat 3: 25d3e41e folded before Flop
Seat 4: a6070c1d folded before Flop
Seat 5: f3381478 folded before Flop
Seat 6: 5215c740 folded on the Flop
Seat 7: Hero folded on the River
Seat 8: 6c4c4a3b (button) folded before Flop


Poker Hand #TM5539504534: Tournament #260610223, Bounty Hunters Special $8.88 Hold'em No Limit - Level10(250/500(75)) - 2026/02/02 22:53:57
Table '1' 8-max Seat #8 is the button
Seat 1: a2ab703 (12,994 in chips)
Seat 2: d6d9ceb8 (475 in chips)
Seat 4: 6dc0bdda (6,405 in chips)
Seat 5: 77b64116 (31,770 in chips)
Seat 6: d5bd4ac7 (14,679 in chips)
Seat 7: dffb574a (6,785 in chips)
Seat 8: Hero (34,420 in chips)
a2ab703: posts the ante 75
Hero: posts the ante 75
dffb574a: posts the ante 75
d5bd4ac7: posts the ante 75
6dc0bdda: posts the ante 75
77b64116: posts the ante 75
d6d9ceb8: posts the ante 75
a2ab703: posts small blind 250
d6d9ceb8: posts big blind 400
*** HOLE CARDS ***
Dealt to a2ab703 
Dealt to d6d9ceb8 
Dealt to 6dc0bdda 
Dealt to 77b64116 
Dealt to d5bd4ac7 
Dealt to dffb574a 
Dealt to Hero [Qc Ah]
6dc0bdda: folds
77b64116: folds
d5bd4ac7: raises 750 to 1,250
dffb574a: calls 1,250
Hero: raises 33,095 to 34,345 and is all-in
a2ab703: folds
d5bd4ac7: folds
dffb574a: folds
Uncalled bet (33,095) returned to Hero
Hero: shows [Qc Ah]
d6d9ceb8: shows [8h 3d]
*** FLOP *** [4s 8s 5h]
*** TURN *** [4s 8s 5h] [Kc]
*** RIVER *** [4s 8s 5h Kc] [4h]
*** SHOWDOWN ***
d6d9ceb8 collected 2,375 from pot
Hero collected 2,550 from pot
*** SUMMARY ***
Total pot 4,925 | Rake 0 | Jackpot 0 | Bingo 0 | Fortune 0 | Tax 0
Board [4s 8s 5h Kc 4h]
Seat 1: a2ab703 (small blind) folded before Flop
Seat 2: d6d9ceb8 (big blind) showed [8h 3d] and won (2,375) with two pair, Eights and Fours
Seat 4: 6dc0bdda folded before Flop
Seat 5: 77b64116 folded before Flop
Seat 6: d5bd4ac7 folded before Flop
Seat 7: dffb574a folded before Flop
Seat 8: Hero (button) showed [Qc Ah] and won (2,550) with a pair of Fours


Poker Hand #TM5539504507: Tournament #260610223, Bounty Hunters Special $8.88 Hold'em No Limit - Level10(250/500(75)) - 2026/02/02 22:53:00
Table '1' 8-max Seat #7 is the button
Seat 1: a2ab703 (13,569 in chips)
Seat 2: d6d9ceb8 (12,700 in chips)
Seat 3: 2c5b1b03 (6,195 in chips)
Seat 4: 6dc0bdda (6,480 in chips)
Seat 5: 77b64116 (12,225 in chips)
Seat 6: d5bd4ac7 (14,754 in chips)
Seat 7: dffb574a (6,860 in chips)
Seat 8: Hero (34,745 in chips)
a2ab703: posts the ante 75
Hero: posts the ante 75
dffb574a: posts the ante 75
2c5b1b03: posts the ante 75
d5bd4ac7: posts the ante 75
6dc0bdda: posts the ante 75
77b64116: posts the ante 75
d6d9ceb8: posts the ante 75
Hero: posts small blind 250
a2ab703: posts big blind 500
*** HOLE CARDS ***
Dealt to a2ab703 
Dealt to d6d9ceb8 
Dealt to 2c5b1b03 
Dealt to 6dc0bdda 
Dealt to 77b64116 
Dealt to d5bd4ac7 
Dealt to dffb574a 
Dealt to Hero [8c 2c]
d6d9ceb8: raises 500 to 1,000
2c5b1b03: raises 5,120 to 6,120 and is all-in
6dc0bdda: folds
77b64116: raises 5,120 to 11,240
d5bd4ac7: folds
dffb574a: folds
Hero: folds
a2ab703: folds
d6d9ceb8: raises 1,385 to 12,625 and is all-in
77b64116: calls 910 and is all-in
Uncalled bet (475) returned to d6d9ceb8
d6d9ceb8: shows [2d Ad]
2c5b1b03: shows [Js Jd]
77b64116: shows [Qc As]
*** FLOP *** [Jc Ac 9c]
*** TURN *** [Jc Ac 9c] [8s]
*** RIVER *** [Jc Ac 9c 8s] [5c]
*** SHOWDOWN ***
77b64116 collected 19,710 from pot
77b64116 collected 12,060 from pot
*** SUMMARY ***
Total pot 31,770 | Rake 0 | Jackpot 0 | Bingo 0 | Fortune 0 | Tax 0
Board [Jc Ac 9c 8s 5c]
Seat 1: a2ab703 (big blind) folded before Flop
Seat 2: d6d9ceb8 showed [2d Ad] and lost with a pair of Aces
Seat 3: 2c5b1b03 showed [Js Jd] and lost with three of a kind, Jacks
Seat 4: 6dc0bdda folded before Flop
Seat 5: 77b64116 showed [Qc As] and won (31,770) with a flush Ace high
Seat 6: d5bd4ac7 folded before Flop
Seat 7: dffb574a (button) folded before Flop
Seat 8: Hero (small blind) folded before Flop


Poker Hand #TM5539504477: Tournament #260610223, Bounty Hunters Special $8.88 Hold'em No Limit - Level10(250/500(75)) - 2026/02/02 22:52:11
Table '1' 8-max Seat #6 is the button
Seat 1: a2ab703 (13,644 in chips)
Seat 2: d6d9ceb8 (12,775 in chips)
Seat 3: 2c5b1b03 (6,270 in chips)
Seat 4: 6dc0bdda (6,555 in chips)
Seat 5: 77b64116 (12,300 in chips)
Seat 6: 7b90c303 (12,897 in chips)
Seat 7: dffb574a (7,185 in chips)
Seat 8: Hero (21,148 in chips)
a2ab703: posts the ante 75
7b90c303: posts the ante 75
Hero: posts the ante 75
dffb574a: posts the ante 75
2c5b1b03: posts the ante 75
6dc0bdda: posts the ante 75
77b64116: posts the ante 75
d6d9ceb8: posts the ante 75
dffb574a: posts small blind 250
Hero: posts big blind 500
*** HOLE CARDS ***
Dealt to a2ab703 
Dealt to d6d9ceb8 
Dealt to 2c5b1b03 
Dealt to 6dc0bdda 
Dealt to 77b64116 
Dealt to 7b90c303 
Dealt to dffb574a 
Dealt to Hero [9s 9h]
a2ab703: folds
d6d9ceb8: folds
2c5b1b03: folds
6dc0bdda: folds
77b64116: folds
7b90c303: raises 500 to 1,000
dffb574a: folds
Hero: raises 20,073 to 21,073 and is all-in
7b90c303: calls 11,822 and is all-in
Uncalled bet (8,251) returned to Hero
Hero: shows [9s 9h]
7b90c303: shows [Kd Qh]
*** FLOP *** [9c 7s Ah]
*** TURN *** [9c 7s Ah] [Ad]
*** RIVER *** [9c 7s Ah Ad] [5c]
*** SHOWDOWN ***
Hero collected 26,494 from pot
*** SUMMARY ***
Total pot 26,494 | Rake 0 | Jackpot 0 | Bingo 0 | Fortune 0 | Tax 0
Board [9c 7s Ah Ad 5c]
Seat 1: a2ab703 folded before Flop
Seat 2: d6d9ceb8 folded before Flop
Seat 3: 2c5b1b03 folded before Flop
Seat 4: 6dc0bdda folded before Flop
Seat 5: 77b64116 folded before Flop
Seat 6: 7b90c303 (button) showed [Kd Qh] and lost with a pair of Aces
Seat 7: dffb574a (small blind) folded before Flop
Seat 8: Hero (big blind) showed [9s 9h] and won (26,494) with a full house, Nines full of Aces


Poker Hand #TM5539504451: Tournament #260610223, Bounty Hunters Special $8.88 Hold'em No Limit - Level10(250/500(75)) - 2026/02/02 22:51:20
Table '1' 8-max Seat #5 is the button
Seat 1: a2ab703 (13,719 in chips)
Seat 2: d6d9ceb8 (12,850 in chips)
Seat 3: 2c5b1b03 (6,345 in chips)
Seat 4: 6dc0bdda (7,630 in chips)
Seat 5: 77b64116 (10,025 in chips)
Seat 6: 7b90c303 (13,222 in chips)
Seat 7: dffb574a (7,760 in chips)
Seat 8: Hero (21,223 in chips)
a2ab703: posts the ante 75
7b90c303: posts the ante 75
Hero: posts the ante 75
dffb574a: posts the ante 75
2c5b1b03: posts the ante 75
6dc0bdda: posts the ante 75
77b64116: posts the ante 75
d6d9ceb8: posts the ante 75
7b90c303: posts small blind 250
dffb574a: posts big blind 500
*** HOLE CARDS ***
Dealt to a2ab703 
Dealt to d6d9ceb8 
Dealt to 2c5b1b03 
Dealt to 6dc0bdda 
Dealt to 77b64116 
Dealt to 7b90c303 
Dealt to dffb574a 
Dealt to Hero [2d Jc]
Hero: folds
a2ab703: folds
d6d9ceb8: folds
2c5b1b03: folds
6dc0bdda: raises 500 to 1,000
77b64116: raises 8,950 to 9,950 and is all-in
7b90c303: folds
dffb574a: folds
6dc0bdda: folds
Uncalled bet (8,950) returned to 77b64116
*** SHOWDOWN ***
77b64116 collected 3,350 from pot
*** SUMMARY ***
Total pot 3,350 | Rake 0 | Jackpot 0 | Bingo 0 | Fortune 0 | Tax 0
Seat 1: a2ab703 folded before Flop
Seat 2: d6d9ceb8 folded before Flop
Seat 3: 2c5b1b03 folded before Flop
Seat 4: 6dc0bdda folded before Flop
Seat 5: 77b64116 (button) collected (3,350)
Seat 6: 7b90c303 (small blind) folded before Flop
Seat 7: dffb574a (big blind) folded before Flop
Seat 8: Hero folded before Flop


Poker Hand #TM5539504432: Tournament #260610223, Bounty Hunters Special $8.88 Hold'em No Limit - Level10(250/500(75)) - 2026/02/02 22:50:43
Table '1' 8-max Seat #4 is the button
Seat 1: a2ab703 (13,794 in chips)
Seat 2: d6d9ceb8 (13,925 in chips)
Seat 3: 2c5b1b03 (6,420 in chips)
Seat 4: 6dc0bdda (7,705 in chips)
Seat 5: 77b64116 (10,350 in chips)
Seat 6: 7b90c303 (13,797 in chips)
Seat 7: dffb574a (7,835 in chips)
Seat 8: Hero (18,948 in chips)
a2ab703: posts the ante 75
7b90c303: posts the ante 75
Hero: posts the ante 75
dffb574a: posts the ante 75
2c5b1b03: posts the ante 75
6dc0bdda: posts the ante 75
77b64116: posts the ante 75
d6d9ceb8: posts the ante 75
77b64116: posts small blind 250
7b90c303: posts big blind 500
*** HOLE CARDS ***
Dealt to a2ab703 
Dealt to d6d9ceb8 
Dealt to 2c5b1b03 
Dealt to 6dc0bdda 
Dealt to 77b64116 
Dealt to 7b90c303 
Dealt to dffb574a 
Dealt to Hero [Ad 8c]
dffb574a: folds
Hero: raises 500 to 1,000
a2ab703: folds
d6d9ceb8: calls 1,000
2c5b1b03: folds
6dc0bdda: folds
77b64116: folds
7b90c303: folds
*** FLOP *** [9d Qd 4c]
Hero: bets 1,106
d6d9ceb8: folds
Uncalled bet (1,106) returned to Hero
*** SHOWDOWN ***
Hero collected 3,350 from pot
*** SUMMARY ***
Total pot 3,350 | Rake 0 | Jackpot 0 | Bingo 0 | Fortune 0 | Tax 0
Board [9d Qd 4c]
Seat 1: a2ab703 folded before Flop
Seat 2: d6d9ceb8 folded on the Flop
Seat 3: 2c5b1b03 folded before Flop
Seat 4: 6dc0bdda (button) folded before Flop
Seat 5: 77b64116 (small blind) folded before Flop
Seat 6: 7b90c303 (big blind) folded before Flop
Seat 7: dffb574a folded before Flop
Seat 8: Hero won (3,350)


Poker Hand #TM5539504403: Tournament #260610223, Bounty Hunters Special $8.88 Hold'em No Limit - Level9(200/400(60)) - 2026/02/02 22:49:46
Table '1' 8-max Seat #3 is the button
Seat 1: a2ab703 (6,417 in chips)
Seat 2: d6d9ceb8 (13,985 in chips)
Seat 3: 2c5b1b03 (6,480 in chips)
Seat 4: 6dc0bdda (7,965 in chips)
Seat 5: 77b64116 (10,810 in chips)
Seat 6: 7b90c303 (20,214 in chips)
Seat 7: dffb574a (7,895 in chips)
Seat 8: Hero (19,008 in chips)
a2ab703: posts the ante 60
7b90c303: posts the ante 60
Hero: posts the ante 60
dffb574a: posts the ante 60
2c5b1b03: posts the ante 60
6dc0bdda: posts the ante 60
77b64116: posts the ante 60
d6d9ceb8: posts the ante 60
6dc0bdda: posts small blind 200
77b64116: posts big blind 400
*** HOLE CARDS ***
Dealt to a2ab703 
Dealt to d6d9ceb8 
Dealt to 2c5b1b03 
Dealt to 6dc0bdda 
Dealt to 77b64116 
Dealt to 7b90c303 
Dealt to dffb574a 
Dealt to Hero [9d Js]
7b90c303: raises 440 to 840
dffb574a: folds
Hero: folds
a2ab703: raises 5,517 to 6,357 and is all-in
d6d9ceb8: folds
2c5b1b03: folds
6dc0bdda: folds
77b64116: folds
7b90c303: calls 5,517
a2ab703: shows [As Ks]
7b90c303: shows [Td Ad]
*** FLOP *** [7h 6s Kc]
*** TURN *** [7h 6s Kc] [Ah]
*** RIVER *** [7h 6s Kc Ah] [8h]
*** SHOWDOWN ***
a2ab703 collected 13,794 from pot
*** SUMMARY ***
Total pot 13,794 | Rake 0 | Jackpot 0 | Bingo 0 | Fortune 0 | Tax 0
Board [7h 6s Kc Ah 8h]
Seat 1: a2ab703 showed [As Ks] and won (13,794) with two pair, Aces and Kings
Seat 2: d6d9ceb8 folded before Flop
Seat 3: 2c5b1b03 (button) folded before Flop
Seat 4: 6dc0bdda (small blind) folded before Flop
Seat 5: 77b64116 (big blind) folded before Flop
Seat 6: 7b90c303 showed [Td Ad] and lost with a pair of Aces
Seat 7: dffb574a folded before Flop
Seat 8: Hero folded before Flop


Poker Hand #TM5539504363: Tournament #260610223, Bounty Hunters Special $8.88 Hold'em No Limit - Level9(200/400(60)) - 2026/02/02 22:48:43
Table '1' 8-max Seat #2 is the button
Seat 1: a2ab703 (6,477 in chips)
Seat 2: d6d9ceb8 (14,045 in chips)
Seat 3: 2c5b1b03 (6,740 in chips)
Seat 4: 6dc0bdda (7,685 in chips)
Seat 5: 77b64116 (10,870 in chips)
Seat 6: 7b90c303 (20,274 in chips)
Seat 7: dffb574a (7,955 in chips)
Seat 8: Hero (18,728 in chips)
a2ab703: posts the ante 60
7b90c303: posts the ante 60
Hero: posts the ante 60
dffb574a: posts the ante 60
2c5b1b03: posts the ante 60
6dc0bdda: posts the ante 60
77b64116: posts the ante 60
d6d9ceb8: posts the ante 60
2c5b1b03: posts small blind 200
6dc0bdda: posts big blind 400
*** HOLE CARDS ***
Dealt to a2ab703 
Dealt to d6d9ceb8 
Dealt to 2c5b1b03 
Dealt to 6dc0bdda 
Dealt to 77b64116 
Dealt to 7b90c303 
Dealt to dffb574a 
Dealt to Hero [9c Qs]
77b64116: folds
7b90c303: folds
dffb574a: folds
Hero: raises 400 to 800
a2ab703: folds
d6d9ceb8: folds
2c5b1b03: folds
6dc0bdda: calls 400
*** FLOP *** [9h As 3s]
6dc0bdda: checks
Hero: bets 753
6dc0bdda: calls 753
*** TURN *** [9h As 3s] [7s]
6dc0bdda: checks
Hero: checks
*** RIVER *** [9h As 3s 7s] [7d]
6dc0bdda: bets 400
Hero: calls 400
6dc0bdda: shows [8h 9d] (two pair, Nines and Sevens)
Hero: shows [9c Qs] (two pair, Nines and Sevens)
*** SHOWDOWN ***
Hero collected 2,293 from pot
6dc0bdda collected 2,293 from pot
*** SUMMARY ***
Total pot 4,586 | Rake 0 | Jackpot 0 | Bingo 0 | Fortune 0 | Tax 0
Board [9h As 3s 7s 7d]
Seat 1: a2ab703 folded before Flop
Seat 2: d6d9ceb8 (button) folded before Flop
Seat 3: 2c5b1b03 (small blind) folded before Flop
Seat 4: 6dc0bdda (big blind) showed [8h 9d] and won (2,293) with two pair, Nines and Sevens
Seat 5: 77b64116 folded before Flop
Seat 6: 7b90c303 folded before Flop
Seat 7: dffb574a folded before Flop
Seat 8: Hero showed [9c Qs] and won (2,293) with two pair, Nines and Sevens


Poker Hand #TM5539504331: Tournament #260610223, Bounty Hunters Special $8.88 Hold'em No Limit - Level9(200/400(60)) - 2026/02/02 22:47:38
Table '1' 8-max Seat #1 is the button
Seat 1: a2ab703 (6,537 in chips)
Seat 2: d6d9ceb8 (16,145 in chips)
Seat 3: 2c5b1b03 (7,200 in chips)
Seat 4: 6dc0bdda (7,745 in chips)
Seat 5: 77b64116 (10,930 in chips)
Seat 6: 7b90c303 (20,334 in chips)
Seat 7: dffb574a (8,015 in chips)
Seat 8: Hero (15,868 in chips)
a2ab703: posts the ante 60
7b90c303: posts the ante 60
Hero: posts the ante 60
dffb574a: posts the ante 60
2c5b1b03: posts the ante 60
6dc0bdda: posts the ante 60
77b64116: posts the ante 60
d6d9ceb8: posts the ante 60
d6d9ceb8: posts small blind 200
2c5b1b03: posts big blind 400
*** HOLE CARDS ***
Dealt to a2ab703 
Dealt to d6d9ceb8 
Dealt to 2c5b1b03 
Dealt to 6dc0bdda 
Dealt to 77b64116 
Dealt to 7b90c303 
Dealt to dffb574a 
Dealt to Hero [9s Qd]
6dc0bdda: folds
77b64116: folds
7b90c303: folds
dffb574a: folds
Hero: raises 400 to 800
a2ab703: folds
d6d9ceb8: calls 600
2c5b1b03: folds
*** FLOP *** [8s 9d 6d]
d6d9ceb8: checks
Hero: bets 1,240
d6d9ceb8: calls 1,240
*** TURN *** [8s 9d 6d] [5d]
d6d9ceb8: checks
Hero: checks
*** RIVER *** [8s 9d 6d 5d] [Jd]
d6d9ceb8: checks
Hero: bets 2,480
d6d9ceb8: folds
Uncalled bet (2,480) returned to Hero
*** SHOWDOWN ***
Hero collected 4,960 from pot
*** SUMMARY ***
Total pot 4,960 | Rake 0 | Jackpot 0 | Bingo 0 | Fortune 0 | Tax 0
Board [8s 9d 6d 5d Jd]
Seat 1: a2ab703 (button) folded before Flop
Seat 2: d6d9ceb8 (small blind) folded on the River
Seat 3: 2c5b1b03 (big blind) folded before Flop
Seat 4: 6dc0bdda folded before Flop
Seat 5: 77b64116 folded before Flop
Seat 6: 7b90c303 folded before Flop
Seat 7: dffb574a folded before Flop
Seat 8: Hero won (4,960)


Poker Hand #TM5539504316: Tournament #260610223, Bounty Hunters Special $8.88 Hold'em No Limit - Level9(200/400(60)) - 2026/02/02 22:47:08
Table '1' 8-max Seat #8 is the button
Seat 1: a2ab703 (6,797 in chips)
Seat 2: d6d9ceb8 (17,005 in chips)
Seat 3: 2c5b1b03 (7,260 in chips)
Seat 4: 6dc0bdda (7,805 in chips)
Seat 5: 77b64116 (9,510 in chips)
Seat 6: 7b90c303 (20,394 in chips)
Seat 7: dffb574a (8,075 in chips)
Seat 8: Hero (15,928 in chips)
a2ab703: posts the ante 60
7b90c303: posts the ante 60
Hero: posts the ante 60
dffb574a: posts the ante 60
2c5b1b03: posts the ante 60
6dc0bdda: posts the ante 60
77b64116: posts the ante 60
d6d9ceb8: posts the ante 60
a2ab703: posts small blind 200
d6d9ceb8: posts big blind 400
*** HOLE CARDS ***
Dealt to a2ab703 
Dealt to d6d9ceb8 
Dealt to 2c5b1b03 
Dealt to 6dc0bdda 
Dealt to 77b64116 
Dealt to 7b90c303 
Dealt to dffb574a 
Dealt to Hero [7d 9h]
2c5b1b03: folds
6dc0bdda: folds
77b64116: raises 400 to 800
7b90c303: folds
dffb574a: folds
Hero: folds
a2ab703: folds
d6d9ceb8: calls 400
*** FLOP *** [5h Qc Tc]
d6d9ceb8: checks
77b64116: bets 1,200
d6d9ceb8: folds
Uncalled bet (1,200) returned to 77b64116
*** SHOWDOWN ***
77b64116 collected 2,280 from pot
*** SUMMARY ***
Total pot 2,280 | Rake 0 | Jackpot 0 | Bingo 0 | Fortune 0 | Tax 0
Board [5h Qc Tc]
Seat 1: a2ab703 (small blind) folded before Flop
Seat 2: d6d9ceb8 (big blind) folded on the Flop
Seat 3: 2c5b1b03 folded before Flop
Seat 4: 6dc0bdda folded before Flop
Seat 5: 77b64116 won (2,280)
Seat 6: 7b90c303 folded before Flop
Seat 7: dffb574a folded before Flop
Seat 8: Hero (button) folded before Flop


Poker Hand #TM5539504286: Tournament #260610223, Bounty Hunters Special $8.88 Hold'em No Limit - Level9(200/400(60)) - 2026/02/02 22:46:08
Table '1' 8-max Seat #7 is the button
Seat 1: a2ab703 (7,257 in chips)
Seat 2: d6d9ceb8 (17,465 in chips)
Seat 3: 2c5b1b03 (11,335 in chips)
Seat 4: 6dc0bdda (7,865 in chips)
Seat 5: 77b64116 (4,075 in chips)
Seat 6: 7b90c303 (20,454 in chips)
Seat 7: dffb574a (8,135 in chips)
Seat 8: Hero (16,188 in chips)
a2ab703: posts the ante 60
7b90c303: posts the ante 60
Hero: posts the ante 60
dffb574a: posts the ante 60
2c5b1b03: posts the ante 60
6dc0bdda: posts the ante 60
77b64116: posts the ante 60
d6d9ceb8: posts the ante 60
Hero: posts small blind 200
a2ab703: posts big blind 400
*** HOLE CARDS ***
Dealt to a2ab703 
Dealt to d6d9ceb8 
Dealt to 2c5b1b03 
Dealt to 6dc0bdda 
Dealt to 77b64116 
Dealt to 7b90c303 
Dealt to dffb574a 
Dealt to Hero [9d 3s]
d6d9ceb8: calls 400
2c5b1b03: raises 1,241 to 1,641
6dc0bdda: folds
77b64116: raises 2,374 to 4,015 and is all-in
7b90c303: folds
dffb574a: folds
Hero: folds
a2ab703: folds
d6d9ceb8: folds
2c5b1b03: calls 2,374
77b64116: shows [Qc Ah]
2c5b1b03: shows [Ts Tc]
*** FLOP *** [7c Qd 4s]
*** TURN *** [7c Qd 4s] [Kh]
*** RIVER *** [7c Qd 4s Kh] [Js]
*** SHOWDOWN ***
77b64116 collected 9,510 from pot
*** SUMMARY ***
Total pot 9,510 | Rake 0 | Jackpot 0 | Bingo 0 | Fortune 0 | Tax 0
Board [7c Qd 4s Kh Js]
Seat 1: a2ab703 (big blind) folded before Flop
Seat 2: d6d9ceb8 folded before Flop
Seat 3: 2c5b1b03 showed [Ts Tc] and lost with a pair of Tens
Seat 4: 6dc0bdda folded before Flop
Seat 5: 77b64116 showed [Qc Ah] and won (9,510) with a pair of Queens
Seat 6: 7b90c303 folded before Flop
Seat 7: dffb574a (button) folded before Flop
Seat 8: Hero (small blind) folded before Flop


Poker Hand #TM5539504259: Tournament #260610223, Bounty Hunters Special $8.88 Hold'em No Limit - Level9(200/400(60)) - 2026/02/02 22:45:18
Table '1' 8-max Seat #6 is the button
Seat 1: a2ab703 (7,317 in chips)
Seat 2: d6d9ceb8 (18,325 in chips)
Seat 3: 2c5b1b03 (11,395 in chips)
Seat 4: 6dc0bdda (8,725 in chips)
Seat 5: 77b64116 (4,135 in chips)
Seat 6: 7b90c303 (20,514 in chips)
Seat 7: dffb574a (8,395 in chips)
Seat 8: Hero (13,968 in chips)
a2ab703: posts the ante 60
7b90c303: posts the ante 60
Hero: posts the ante 60
dffb574a: posts the ante 60
2c5b1b03: posts the ante 60
6dc0bdda: posts the ante 60
77b64116: posts the ante 60
d6d9ceb8: posts the ante 60
dffb574a: posts small blind 200
Hero: posts big blind 400
*** HOLE CARDS ***
Dealt to a2ab703 
Dealt to d6d9ceb8 
Dealt to 2c5b1b03 
Dealt to 6dc0bdda 
Dealt to 77b64116 
Dealt to 7b90c303 
Dealt to dffb574a 
Dealt to Hero [Kc Ah]
a2ab703: folds
d6d9ceb8: raises 400 to 800
2c5b1b03: folds
6dc0bdda: calls 800
77b64116: folds
7b90c303: folds
dffb574a: folds
Hero: raises 13,108 to 13,908 and is all-in
d6d9ceb8: folds
6dc0bdda: folds
Uncalled bet (13,108) returned to Hero
*** SHOWDOWN ***
Hero collected 3,080 from pot
*** SUMMARY ***
Total pot 3,080 | Rake 0 | Jackpot 0 | Bingo 0 | Fortune 0 | Tax 0
Seat 1: a2ab703 folded before Flop
Seat 2: d6d9ceb8 folded before Flop
Seat 3: 2c5b1b03 folded before Flop
Seat 4: 6dc0bdda folded before Flop
Seat 5: 77b64116 folded before Flop
Seat 6: 7b90c303 (button) folded before Flop
Seat 7: dffb574a (small blind) folded before Flop
Seat 8: Hero (big blind) collected (3,080)


Poker Hand #TM5539504225: Tournament #260610223, Bounty Hunters Special $8.88 Hold'em No Limit - Level9(200/400(60)) - 2026/02/02 22:44:09
Table '1' 8-max Seat #5 is the button
Seat 1: a2ab703 (7,377 in chips)
Seat 2: d6d9ceb8 (18,385 in chips)
Seat 3: 2c5b1b03 (11,455 in chips)
Seat 4: 6dc0bdda (8,785 in chips)
Seat 5: 77b64116 (13,812 in chips)
Seat 6: 7b90c303 (9,677 in chips)
Seat 7: dffb574a (9,255 in chips)
Seat 8: Hero (14,028 in chips)
a2ab703: posts the ante 60
7b90c303: posts the ante 60
Hero: posts the ante 60
dffb574a: posts the ante 60
2c5b1b03: posts the ante 60
6dc0bdda: posts the ante 60
77b64116: posts the ante 60
d6d9ceb8: posts the ante 60
7b90c303: posts small blind 200
dffb574a: posts big blind 400
*** HOLE CARDS ***
Dealt to a2ab703 
Dealt to d6d9ceb8 
Dealt to 2c5b1b03 
Dealt to 6dc0bdda 
Dealt to 77b64116 
Dealt to 7b90c303 
Dealt to dffb574a 
Dealt to Hero [Td 9s]
Hero: folds
a2ab703: folds
d6d9ceb8: folds
2c5b1b03: folds
6dc0bdda: folds
77b64116: raises 400 to 800
7b90c303: calls 600
dffb574a: calls 400
*** FLOP *** [3h Kh 4c]
7b90c303: checks
dffb574a: checks
77b64116: bets 1,008
7b90c303: calls 1,008
dffb574a: folds
*** TURN *** [3h Kh 4c] [3d]
7b90c303: checks
77b64116: bets 2,400
7b90c303: calls 2,400
*** RIVER *** [3h Kh 4c 3d] [Jh]
7b90c303: bets 5,409 and is all-in
77b64116: calls 5,409
7b90c303: shows [5h 6h] (a flush King high)
77b64116: shows [Kc Th] (two pair, Kings and Threes)
*** SHOWDOWN ***
7b90c303 collected 20,514 from pot
*** SUMMARY ***
Total pot 20,514 | Rake 0 | Jackpot 0 | Bingo 0 | Fortune 0 | Tax 0
Board [3h Kh 4c 3d Jh]
Seat 1: a2ab703 folded before Flop
Seat 2: d6d9ceb8 folded before Flop
Seat 3: 2c5b1b03 folded before Flop
Seat 4: 6dc0bdda folded before Flop
Seat 5: 77b64116 (button) showed [Kc Th] and lost with two pair, Kings and Threes
Seat 6: 7b90c303 (small blind) showed [5h 6h] and won (20,514) with a flush King high
Seat 7: dffb574a (big blind) folded on the Flop
Seat 8: Hero folded before Flop


Poker Hand #TM5539504184: Tournament #260610223, Bounty Hunters Special $8.88 Hold'em No Limit - Level9(200/400(60)) - 2026/02/02 22:42:49
Table '1' 8-max Seat #4 is the button
Seat 1: a2ab703 (9,386 in chips)
Seat 2: d6d9ceb8 (13,467 in chips)
Seat 3: 2c5b1b03 (11,515 in chips)
Seat 4: 6dc0bdda (8,845 in chips)
Seat 5: 77b64116 (14,072 in chips)
Seat 6: 7b90c303 (10,137 in chips)
Seat 7: dffb574a (9,315 in chips)
Seat 8: Hero (16,037 in chips)
a2ab703: posts the ante 60
7b90c303: posts the ante 60
Hero: posts the ante 60
dffb574a: posts the ante 60
2c5b1b03: posts the ante 60
6dc0bdda: posts the ante 60
77b64116: posts the ante 60
d6d9ceb8: posts the ante 60
77b64116: posts small blind 200
7b90c303: posts big blind 400
*** HOLE CARDS ***
Dealt to a2ab703 
Dealt to d6d9ceb8 
Dealt to 2c5b1b03 
Dealt to 6dc0bdda 
Dealt to 77b64116 
Dealt to 7b90c303 
Dealt to dffb574a 
Dealt to Hero [Ad Kh]
dffb574a: folds
Hero: raises 400 to 800
a2ab703: calls 800
d6d9ceb8: calls 800
2c5b1b03: folds
6dc0bdda: folds
77b64116: folds
7b90c303: folds
*** FLOP *** [4h Th 9d]
Hero: checks
a2ab703: checks
d6d9ceb8: bets 1,149
Hero: calls 1,149
a2ab703: calls 1,149
*** TURN *** [4h Th 9d] [9c]
Hero: checks
a2ab703: checks
d6d9ceb8: bets 3,810
Hero: folds
a2ab703: folds
Uncalled bet (3,810) returned to d6d9ceb8
*** SHOWDOWN ***
d6d9ceb8 collected 6,927 from pot
*** SUMMARY ***
Total pot 6,927 | Rake 0 | Jackpot 0 | Bingo 0 | Fortune 0 | Tax 0
Board [4h Th 9d 9c]
Seat 1: a2ab703 folded on the Turn
Seat 2: d6d9ceb8 won (6,927)
Seat 3: 2c5b1b03 folded before Flop
Seat 4: 6dc0bdda (button) folded before Flop
Seat 5: 77b64116 (small blind) folded before Flop
Seat 6: 7b90c303 (big blind) folded before Flop
Seat 7: dffb574a folded before Flop
Seat 8: Hero folded on the Turn


Poker Hand #TM5539504159: Tournament #260610223, Bounty Hunters Special $8.88 Hold'em No Limit - Level8(175/350(50)) - 2026/02/02 22:41:55
Table '1' 8-max Seat #3 is the button
Seat 1: a2ab703 (9,436 in chips)
Seat 2: d6d9ceb8 (13,517 in chips)
Seat 3: 2c5b1b03 (11,565 in chips)
Seat 4: 6dc0bdda (9,070 in chips)
Seat 5: 77b64116 (14,822 in chips)
Seat 6: 7b90c303 (10,187 in chips)
Seat 7: dffb574a (9,365 in chips)
Seat 8: Hero (14,812 in chips)
a2ab703: posts the ante 50
7b90c303: posts the ante 50
Hero: posts the ante 50
dffb574a: posts the ante 50
2c5b1b03: posts the ante 50
6dc0bdda: posts the ante 50
77b64116: posts the ante 50
d6d9ceb8: posts the ante 50
6dc0bdda: posts small blind 175
77b64116: posts big blind 350
*** HOLE CARDS ***
Dealt to a2ab703 
Dealt to d6d9ceb8 
Dealt to 2c5b1b03 
Dealt to 6dc0bdda 
Dealt to 77b64116 
Dealt to 7b90c303 
Dealt to dffb574a 
Dealt to Hero [Ac Kh]
7b90c303: folds
dffb574a: folds
Hero: raises 350 to 700
a2ab703: folds
d6d9ceb8: folds
2c5b1b03: folds
6dc0bdda: folds
77b64116: calls 350
*** FLOP *** [2c 9h Jc]
77b64116: checks
Hero: bets 652
77b64116: folds
Uncalled bet (652) returned to Hero
*** SHOWDOWN ***
Hero collected 1,975 from pot
*** SUMMARY ***
Total pot 1,975 | Rake 0 | Jackpot 0 | Bingo 0 | Fortune 0 | Tax 0
Board [2c 9h Jc]
Seat 1: a2ab703 folded before Flop
Seat 2: d6d9ceb8 folded before Flop
Seat 3: 2c5b1b03 (button) folded before Flop
Seat 4: 6dc0bdda (small blind) folded before Flop
Seat 5: 77b64116 (big blind) folded on the Flop
Seat 6: 7b90c303 folded before Flop
Seat 7: dffb574a folded before Flop
Seat 8: Hero won (1,975)


Poker Hand #TM5539504138: Tournament #260610223, Bounty Hunters Special $8.88 Hold'em No Limit - Level8(175/350(50)) - 2026/02/02 22:41:09
Table '1' 8-max Seat #2 is the button
Seat 1: a2ab703 (10,186 in chips)
Seat 2: d6d9ceb8 (13,567 in chips)
Seat 3: 2c5b1b03 (11,790 in chips)
Seat 4: 6dc0bdda (9,820 in chips)
Seat 5: 77b64116 (12,897 in chips)
Seat 6: 7b90c303 (10,237 in chips)
Seat 7: dffb574a (9,415 in chips)
Seat 8: Hero (14,862 in chips)
a2ab703: posts the ante 50
7b90c303: posts the ante 50
Hero: posts the ante 50
dffb574a: posts the ante 50
2c5b1b03: posts the ante 50
6dc0bdda: posts the ante 50
77b64116: posts the ante 50
d6d9ceb8: posts the ante 50
2c5b1b03: posts small blind 175
6dc0bdda: posts big blind 350
*** HOLE CARDS ***
Dealt to a2ab703 
Dealt to d6d9ceb8 
Dealt to 2c5b1b03 
Dealt to 6dc0bdda 
Dealt to 77b64116 
Dealt to 7b90c303 
Dealt to dffb574a 
Dealt to Hero [Jc 9d]
77b64116: raises 350 to 700
7b90c303: folds
dffb574a: folds
Hero: folds
a2ab703: calls 700
d6d9ceb8: folds
2c5b1b03: folds
6dc0bdda: calls 350
*** FLOP *** [Kh 2c 3s]
6dc0bdda: checks
77b64116: bets 616
a2ab703: folds
6dc0bdda: folds
Uncalled bet (616) returned to 77b64116
*** SHOWDOWN ***
77b64116 collected 2,675 from pot
*** SUMMARY ***
Total pot 2,675 | Rake 0 | Jackpot 0 | Bingo 0 | Fortune 0 | Tax 0
Board [Kh 2c 3s]
Seat 1: a2ab703 folded on the Flop
Seat 2: d6d9ceb8 (button) folded before Flop
Seat 3: 2c5b1b03 (small blind) folded before Flop
Seat 4: 6dc0bdda (big blind) folded on the Flop
Seat 5: 77b64116 won (2,675)
Seat 6: 7b90c303 folded before Flop
Seat 7: dffb574a folded before Flop
Seat 8: Hero folded before Flop


Poker Hand #TM5539504130: Tournament #260610223, Bounty Hunters Special $8.88 Hold'em No Limit - Level8(175/350(50)) - 2026/02/02 22:40:52
Table '1' 8-max Seat #1 is the button
Seat 1: a2ab703 (10,236 in chips)
Seat 2: d6d9ceb8 (13,792 in chips)
Seat 3: 2c5b1b03 (11,265 in chips)
Seat 4: 6dc0bdda (9,870 in chips)
Seat 5: 77b64116 (12,947 in chips)
Seat 6: 7b90c303 (10,287 in chips)
Seat 7: dffb574a (9,465 in chips)
Seat 8: Hero (14,912 in chips)
a2ab703: posts the ante 50
7b90c303: posts the ante 50
Hero: posts the ante 50
dffb574a: posts the ante 50
2c5b1b03: posts the ante 50
6dc0bdda: posts the ante 50
77b64116: posts the ante 50
d6d9ceb8: posts the ante 50
d6d9ceb8: posts small blind 175
2c5b1b03: posts big blind 350
*** HOLE CARDS ***
Dealt to a2ab703 
Dealt to d6d9ceb8 
Dealt to 2c5b1b03 
Dealt to 6dc0bdda 
Dealt to 77b64116 
Dealt to 7b90c303 
Dealt to dffb574a 
Dealt to Hero [Js 5c]
6dc0bdda: folds
77b64116: folds
7b90c303: folds
dffb574a: folds
Hero: folds
a2ab703: folds
d6d9ceb8: folds
Uncalled bet (175) returned to 2c5b1b03
*** SHOWDOWN ***
2c5b1b03 collected 750 from pot
*** SUMMARY ***
Total pot 750 | Rake 0 | Jackpot 0 | Bingo 0 | Fortune 0 | Tax 0
Seat 1: a2ab703 (button) folded before Flop
Seat 2: d6d9ceb8 (small blind) folded before Flop
Seat 3: 2c5b1b03 (big blind) collected (750)
Seat 4: 6dc0bdda folded before Flop
Seat 5: 77b64116 folded before Flop
Seat 6: 7b90c303 folded before Flop
Seat 7: dffb574a folded before Flop
Seat 8: Hero folded before Flop


Poker Hand #TM5539504114: Tournament #260610223, Bounty Hunters Special $8.88 Hold'em No Limit - Level8(175/350(50)) - 2026/02/02 22:40:20
Table '1' 8-max Seat #8 is the button
Seat 1: a2ab703 (10,461 in chips)
Seat 2: d6d9ceb8 (14,192 in chips)
Seat 3: 2c5b1b03 (11,315 in chips)
Seat 4: 6dc0bdda (8,995 in chips)
Seat 5: 77b64116 (12,997 in chips)
Seat 6: 7b90c303 (10,337 in chips)
Seat 7: dffb574a (9,515 in chips)
Seat 8: Hero (14,962 in chips)
a2ab703: posts the ante 50
7b90c303: posts the ante 50
Hero: posts the ante 50
dffb574a: posts the ante 50
2c5b1b03: posts the ante 50
6dc0bdda: posts the ante 50
77b64116: posts the ante 50
d6d9ceb8: posts the ante 50
a2ab703: posts small blind 175
d6d9ceb8: posts big blind 350
*** HOLE CARDS ***
Dealt to a2ab703 
Dealt to d6d9ceb8 
Dealt to 2c5b1b03 
Dealt to 6dc0bdda 
Dealt to 77b64116 
Dealt to 7b90c303 
Dealt to dffb574a 
Dealt to Hero [6d Ah]
2c5b1b03: folds
6dc0bdda: raises 350 to 700
77b64116: folds
7b90c303: folds
dffb574a: folds
Hero: folds
a2ab703: folds
d6d9ceb8: folds
Uncalled bet (350) returned to 6dc0bdda
*** SHOWDOWN ***
6dc0bdda collected 1,275 from pot
*** SUMMARY ***
Total pot 1,275 | Rake 0 | Jackpot 0 | Bingo 0 | Fortune 0 | Tax 0
Seat 1: a2ab703 (small blind) folded before Flop
Seat 2: d6d9ceb8 (big blind) folded before Flop
Seat 3: 2c5b1b03 folded before Flop
Seat 4: 6dc0bdda collected (1,275)
Seat 5: 77b64116 folded before Flop
Seat 6: 7b90c303 folded before Flop
Seat 7: dffb574a folded before Flop
Seat 8: Hero (button) folded before Flop


Poker Hand #TM5539504080: Tournament #260610223, Bounty Hunters Special $8.88 Hold'em No Limit - Level8(175/350(50)) - 2026/02/02 22:39:26
Table '1' 8-max Seat #7 is the button
Seat 1: a2ab703 (11,211 in chips)
Seat 2: d6d9ceb8 (14,942 in chips)
Seat 3: 2c5b1b03 (11,365 in chips)
Seat 4: 6dc0bdda (9,045 in chips)
Seat 5: 77b64116 (10,372 in chips)
Seat 6: 7b90c303 (10,387 in chips)
Seat 7: dffb574a (10,265 in chips)
Seat 8: Hero (15,187 in chips)
a2ab703: posts the ante 50
7b90c303: posts the ante 50
Hero: posts the ante 50
dffb574a: posts the ante 50
2c5b1b03: posts the ante 50
6dc0bdda: posts the ante 50
77b64116: posts the ante 50
d6d9ceb8: posts the ante 50
Hero: posts small blind 175
a2ab703: posts big blind 350
*** HOLE CARDS ***
Dealt to a2ab703 
Dealt to d6d9ceb8 
Dealt to 2c5b1b03 
Dealt to 6dc0bdda 
Dealt to 77b64116 
Dealt to 7b90c303 
Dealt to dffb574a 
Dealt to Hero [3s 9h]
d6d9ceb8: raises 350 to 700
2c5b1b03: folds
6dc0bdda: folds
77b64116: calls 700
7b90c303: folds
dffb574a: calls 700
Hero: folds
a2ab703: calls 350
*** FLOP *** [Qd 2d 4d]
a2ab703: checks
d6d9ceb8: checks
77b64116: bets 1,400
dffb574a: folds
a2ab703: folds
d6d9ceb8: folds
Uncalled bet (1,400) returned to 77b64116
*** SHOWDOWN ***
77b64116 collected 3,375 from pot
*** SUMMARY ***
Total pot 3,375 | Rake 0 | Jackpot 0 | Bingo 0 | Fortune 0 | Tax 0
Board [Qd 2d 4d]
Seat 1: a2ab703 (big blind) folded on the Flop
Seat 2: d6d9ceb8 folded on the Flop
Seat 3: 2c5b1b03 folded before Flop
Seat 4: 6dc0bdda folded before Flop
Seat 5: 77b64116 won (3,375)
Seat 6: 7b90c303 folded before Flop
Seat 7: dffb574a (button) folded on the Flop
Seat 8: Hero (small blind) folded before Flop


Poker Hand #TM5539504062: Tournament #260610223, Bounty Hunters Special $8.88 Hold'em No Limit - Level8(175/350(50)) - 2026/02/02 22:38:55
Table '1' 8-max Seat #6 is the button
Seat 1: a2ab703 (11,961 in chips)
Seat 2: d6d9ceb8 (14,992 in chips)
Seat 3: 2c5b1b03 (9,790 in chips)
Seat 4: 6dc0bdda (9,095 in chips)
Seat 5: 77b64116 (10,422 in chips)
Seat 6: 7b90c303 (10,437 in chips)
Seat 7: dffb574a (10,490 in chips)
Seat 8: Hero (15,587 in chips)
a2ab703: posts the ante 50
7b90c303: posts the ante 50
Hero: posts the ante 50
dffb574a: posts the ante 50
2c5b1b03: posts the ante 50
6dc0bdda: posts the ante 50
77b64116: posts the ante 50
d6d9ceb8: posts the ante 50
dffb574a: posts small blind 175
Hero: posts big blind 350
*** HOLE CARDS ***
Dealt to a2ab703 
Dealt to d6d9ceb8 
Dealt to 2c5b1b03 
Dealt to 6dc0bdda 
Dealt to 77b64116 
Dealt to 7b90c303 
Dealt to dffb574a 
Dealt to Hero [Jc Tc]
a2ab703: raises 350 to 700
d6d9ceb8: folds
2c5b1b03: raises 1,050 to 1,750
6dc0bdda: folds
77b64116: folds
7b90c303: folds
dffb574a: folds
Hero: folds
a2ab703: folds
Uncalled bet (1,050) returned to 2c5b1b03
*** SHOWDOWN ***
2c5b1b03 collected 2,325 from pot
*** SUMMARY ***
Total pot 2,325 | Rake 0 | Jackpot 0 | Bingo 0 | Fortune 0 | Tax 0
Seat 1: a2ab703 folded before Flop
Seat 2: d6d9ceb8 folded before Flop
Seat 3: 2c5b1b03 collected (2,325)
Seat 4: 6dc0bdda folded before Flop
Seat 5: 77b64116 folded before Flop
Seat 6: 7b90c303 (button) folded before Flop
Seat 7: dffb574a (small blind) folded before Flop
Seat 8: Hero (big blind) folded before Flop


Poker Hand #TM5539504003: Tournament #260610223, Bounty Hunters Special $8.88 Hold'em No Limit - Level8(175/350(50)) - 2026/02/02 22:37:04
Table '1' 8-max Seat #5 is the button
Seat 1: a2ab703 (12,011 in chips)
Seat 2: d6d9ceb8 (15,042 in chips)
Seat 3: 2c5b1b03 (9,840 in chips)
Seat 4: 6dc0bdda (9,145 in chips)
Seat 5: 77b64116 (12,047 in chips)
Seat 6: 7b90c303 (11,187 in chips)
Seat 7: dffb574a (7,865 in chips)
Seat 8: Hero (15,637 in chips)
a2ab703: posts the ante 50
7b90c303: posts the ante 50
Hero: posts the ante 50
dffb574a: posts the ante 50
2c5b1b03: posts the ante 50
6dc0bdda: posts the ante 50
77b64116: posts the ante 50
d6d9ceb8: posts the ante 50
7b90c303: posts small blind 175
dffb574a: posts big blind 350
*** HOLE CARDS ***
Dealt to a2ab703 
Dealt to d6d9ceb8 
Dealt to 2c5b1b03 
Dealt to 6dc0bdda 
Dealt to 77b64116 
Dealt to 7b90c303 
Dealt to dffb574a 
Dealt to Hero [Kc 5h]
Hero: folds
a2ab703: folds
d6d9ceb8: folds
2c5b1b03: folds
6dc0bdda: folds
77b64116: raises 350 to 700
7b90c303: calls 525
dffb574a: calls 350
*** FLOP *** [3d Kh 7s]
7b90c303: checks
dffb574a: checks
77b64116: bets 875
7b90c303: folds
dffb574a: calls 875
*** TURN *** [3d Kh 7s] [6h]
dffb574a: checks
77b64116: checks
*** RIVER *** [3d Kh 7s 6h] [Qd]
dffb574a: bets 1,818
77b64116: folds
Uncalled bet (1,818) returned to dffb574a
*** SHOWDOWN ***
dffb574a collected 4,250 from pot
*** SUMMARY ***
Total pot 4,250 | Rake 0 | Jackpot 0 | Bingo 0 | Fortune 0 | Tax 0
Board [3d Kh 7s 6h Qd]
Seat 1: a2ab703 folded before Flop
Seat 2: d6d9ceb8 folded before Flop
Seat 3: 2c5b1b03 folded before Flop
Seat 4: 6dc0bdda folded before Flop
Seat 5: 77b64116 (button) folded on the River
Seat 6: 7b90c303 (small blind) folded on the Flop
Seat 7: dffb574a (big blind) won (4,250)
Seat 8: Hero folded before Flop


Poker Hand #TM5539503965: Tournament #260610223, Bounty Hunters Special $8.88 Hold'em No Limit - Level8(175/350(50)) - 2026/02/02 22:35:59
Table '1' 8-max Seat #4 is the button
Seat 1: a2ab703 (12,061 in chips)
Seat 2: d6d9ceb8 (15,092 in chips)
Seat 3: 2c5b1b03 (9,890 in chips)
Seat 4: 6dc0bdda (9,195 in chips)
Seat 5: 77b64116 (9,597 in chips)
Seat 6: 7b90c303 (13,337 in chips)
Seat 7: dffb574a (7,915 in chips)
Seat 8: Hero (15,687 in chips)
a2ab703: posts the ante 50
7b90c303: posts the ante 50
Hero: posts the ante 50
dffb574a: posts the ante 50
2c5b1b03: posts the ante 50
6dc0bdda: posts the ante 50
77b64116: posts the ante 50
d6d9ceb8: posts the ante 50
77b64116: posts small blind 175
7b90c303: posts big blind 350
*** HOLE CARDS ***
Dealt to a2ab703 
Dealt to d6d9ceb8 
Dealt to 2c5b1b03 
Dealt to 6dc0bdda 
Dealt to 77b64116 
Dealt to 7b90c303 
Dealt to dffb574a 
Dealt to Hero [Qc 4h]
dffb574a: folds
Hero: folds
a2ab703: folds
d6d9ceb8: folds
2c5b1b03: folds
6dc0bdda: folds
77b64116: raises 525 to 875
7b90c303: raises 1,225 to 2,100
77b64116: calls 1,225
*** FLOP *** [Kh Ts 3c]
77b64116: checks
7b90c303: checks
*** TURN *** [Kh Ts 3c] [Qh]
77b64116: checks
7b90c303: checks
*** RIVER *** [Kh Ts 3c Qh] [Th]
77b64116: bets 2,100
7b90c303: folds
Uncalled bet (2,100) returned to 77b64116
*** SHOWDOWN ***
77b64116 collected 4,600 from pot
*** SUMMARY ***
Total pot 4,600 | Rake 0 | Jackpot 0 | Bingo 0 | Fortune 0 | Tax 0
Board [Kh Ts 3c Qh Th]
Seat 1: a2ab703 folded before Flop
Seat 2: d6d9ceb8 folded before Flop
Seat 3: 2c5b1b03 folded before Flop
Seat 4: 6dc0bdda (button) folded before Flop
Seat 5: 77b64116 (small blind) won (4,600)
Seat 6: 7b90c303 (big blind) folded on the River
Seat 7: dffb574a folded before Flop
Seat 8: Hero folded before Flop


Poker Hand #TM5539503928: Tournament #260610223, Bounty Hunters Special $8.88 Hold'em No Limit - Level8(175/350(50)) - 2026/02/02 22:34:59
Table '1' 8-max Seat #3 is the button
Seat 1: a2ab703 (12,811 in chips)
Seat 2: d6d9ceb8 (15,142 in chips)
Seat 3: 2c5b1b03 (9,940 in chips)
Seat 4: 6dc0bdda (9,420 in chips)
Seat 5: 77b64116 (8,372 in chips)
Seat 6: 7b90c303 (13,387 in chips)
Seat 7: dffb574a (7,965 in chips)
Seat 8: Hero (15,737 in chips)
a2ab703: posts the ante 50
7b90c303: posts the ante 50
Hero: posts the ante 50
dffb574a: posts the ante 50
2c5b1b03: posts the ante 50
6dc0bdda: posts the ante 50
77b64116: posts the ante 50
d6d9ceb8: posts the ante 50
6dc0bdda: posts small blind 175
77b64116: posts big blind 350
*** HOLE CARDS ***
Dealt to a2ab703 
Dealt to d6d9ceb8 
Dealt to 2c5b1b03 
Dealt to 6dc0bdda 
Dealt to 77b64116 
Dealt to 7b90c303 
Dealt to dffb574a 
Dealt to Hero [9s 7h]
7b90c303: folds
dffb574a: folds
Hero: folds
a2ab703: raises 350 to 700
d6d9ceb8: folds
2c5b1b03: folds
6dc0bdda: folds
77b64116: calls 350
*** FLOP *** [5h 3h 9h]
77b64116: checks
a2ab703: checks
*** TURN *** [5h 3h 9h] [6s]
77b64116: bets 988
a2ab703: folds
Uncalled bet (988) returned to 77b64116
*** SHOWDOWN ***
77b64116 collected 1,975 from pot
*** SUMMARY ***
Total pot 1,975 | Rake 0 | Jackpot 0 | Bingo 0 | Fortune 0 | Tax 0
Board [5h 3h 9h 6s]
Seat 1: a2ab703 folded on the Turn
Seat 2: d6d9ceb8 folded before Flop
Seat 3: 2c5b1b03 (button) folded before Flop
Seat 4: 6dc0bdda (small blind) folded before Flop
Seat 5: 77b64116 (big blind) won (1,975)
Seat 6: 7b90c303 folded before Flop
Seat 7: dffb574a folded before Flop
Seat 8: Hero folded before Flop


Poker Hand #TM5539503906: Tournament #260610223, Bounty Hunters Special $8.88 Hold'em No Limit - Level8(175/350(50)) - 2026/02/02 22:34:19
Table '1' 8-max Seat #2 is the button
Seat 1: a2ab703 (12,861 in chips)
Seat 2: d6d9ceb8 (15,927 in chips)
Seat 3: 2c5b1b03 (10,165 in chips)
Seat 4: 6dc0bdda (9,820 in chips)
Seat 5: 77b64116 (8,422 in chips)
Seat 6: 7b90c303 (11,777 in chips)
Seat 7: dffb574a (8,015 in chips)
Seat 8: Hero (15,787 in chips)
a2ab703: posts the ante 50
7b90c303: posts the ante 50
Hero: posts the ante 50
dffb574a: posts the ante 50
2c5b1b03: posts the ante 50
6dc0bdda: posts the ante 50
77b64116: posts the ante 50
d6d9ceb8: posts the ante 50
2c5b1b03: posts small blind 175
6dc0bdda: posts big blind 350
*** HOLE CARDS ***
Dealt to a2ab703 
Dealt to d6d9ceb8 
Dealt to 2c5b1b03 
Dealt to 6dc0bdda 
Dealt to 77b64116 
Dealt to 7b90c303 
Dealt to dffb574a 
Dealt to Hero [Kd 7s]
77b64116: folds
7b90c303: raises 385 to 735
dffb574a: folds
Hero: folds
a2ab703: folds
d6d9ceb8: calls 735
2c5b1b03: folds
6dc0bdda: folds
*** FLOP *** [2h Qs 9s]
7b90c303: bets 1,225
d6d9ceb8: folds
Uncalled bet (1,225) returned to 7b90c303
*** SHOWDOWN ***
7b90c303 collected 2,395 from pot
*** SUMMARY ***
Total pot 2,395 | Rake 0 | Jackpot 0 | Bingo 0 | Fortune 0 | Tax 0
Board [2h Qs 9s]
Seat 1: a2ab703 folded before Flop
Seat 2: d6d9ceb8 (button) folded on the Flop
Seat 3: 2c5b1b03 (small blind) folded before Flop
Seat 4: 6dc0bdda (big blind) folded before Flop
Seat 5: 77b64116 folded before Flop
Seat 6: 7b90c303 won (2,395)
Seat 7: dffb574a folded before Flop
Seat 8: Hero folded before Flop


Poker Hand #TM5539503874: Tournament #260610223, Bounty Hunters Special $8.88 Hold'em No Limit - Level7(150/300(45)) - 2026/02/02 22:33:21
Table '1' 8-max Seat #1 is the button
Seat 1: a2ab703 (14,406 in chips)
Seat 2: d6d9ceb8 (16,122 in chips)
Seat 3: 2c5b1b03 (6,700 in chips)
Seat 4: 6dc0bdda (9,865 in chips)
Seat 5: 77b64116 (8,467 in chips)
Seat 6: 7b90c303 (13,322 in chips)
Seat 7: dffb574a (8,060 in chips)
Seat 8: Hero (15,832 in chips)
a2ab703: posts the ante 45
7b90c303: posts the ante 45
Hero: posts the ante 45
dffb574a: posts the ante 45
2c5b1b03: posts the ante 45
6dc0bdda: posts the ante 45
77b64116: posts the ante 45
d6d9ceb8: posts the ante 45
d6d9ceb8: posts small blind 150
2c5b1b03: posts big blind 300
*** HOLE CARDS ***
Dealt to a2ab703 
Dealt to d6d9ceb8 
Dealt to 2c5b1b03 
Dealt to 6dc0bdda 
Dealt to 77b64116 
Dealt to 7b90c303 
Dealt to dffb574a 
Dealt to Hero [5s 6d]
6dc0bdda: folds
77b64116: folds
7b90c303: raises 300 to 600
dffb574a: folds
Hero: folds
a2ab703: calls 600
d6d9ceb8: folds
2c5b1b03: calls 300
*** FLOP *** [6h 7d Tc]
2c5b1b03: checks
7b90c303: bets 900
a2ab703: calls 900
2c5b1b03: raises 5,155 to 6,055 and is all-in
7b90c303: folds
a2ab703: folds
Uncalled bet (5,155) returned to 2c5b1b03
*** SHOWDOWN ***
2c5b1b03 collected 5,010 from pot
*** SUMMARY ***
Total pot 5,010 | Rake 0 | Jackpot 0 | Bingo 0 | Fortune 0 | Tax 0
Board [6h 7d Tc]
Seat 1: a2ab703 (button) folded on the Flop
Seat 2: d6d9ceb8 (small blind) folded before Flop
Seat 3: 2c5b1b03 (big blind) won (5,010)
Seat 4: 6dc0bdda folded before Flop
Seat 5: 77b64116 folded before Flop
Seat 6: 7b90c303 folded on the Flop
Seat 7: dffb574a folded before Flop
Seat 8: Hero folded before Flop


Poker Hand #TM5539503858: Tournament #260610223, Bounty Hunters Special $8.88 Hold'em No Limit - Level7(150/300(45)) - 2026/02/02 22:32:49
Table '1' 8-max Seat #8 is the button
Seat 1: a2ab703 (14,601 in chips)
Seat 2: d6d9ceb8 (16,467 in chips)
Seat 3: 2c5b1b03 (6,745 in chips)
Seat 4: 6dc0bdda (9,910 in chips)
Seat 5: 77b64116 (9,112 in chips)
Seat 6: 7b90c303 (11,957 in chips)
Seat 7: dffb574a (8,105 in chips)
Seat 8: Hero (15,877 in chips)
a2ab703: posts the ante 45
7b90c303: posts the ante 45
Hero: posts the ante 45
dffb574a: posts the ante 45
2c5b1b03: posts the ante 45
6dc0bdda: posts the ante 45
77b64116: posts the ante 45
d6d9ceb8: posts the ante 45
a2ab703: posts small blind 150
d6d9ceb8: posts big blind 300
*** HOLE CARDS ***
Dealt to a2ab703 
Dealt to d6d9ceb8 
Dealt to 2c5b1b03 
Dealt to 6dc0bdda 
Dealt to 77b64116 
Dealt to 7b90c303 
Dealt to dffb574a 
Dealt to Hero [2c 5s]
2c5b1b03: folds
6dc0bdda: folds
77b64116: raises 300 to 600
7b90c303: raises 1,350 to 1,950
dffb574a: folds
Hero: folds
a2ab703: folds
d6d9ceb8: folds
77b64116: folds
Uncalled bet (1,350) returned to 7b90c303
*** SHOWDOWN ***
7b90c303 collected 2,010 from pot
*** SUMMARY ***
Total pot 2,010 | Rake 0 | Jackpot 0 | Bingo 0 | Fortune 0 | Tax 0
Seat 1: a2ab703 (small blind) folded before Flop
Seat 2: d6d9ceb8 (big blind) folded before Flop
Seat 3: 2c5b1b03 folded before Flop
Seat 4: 6dc0bdda folded before Flop
Seat 5: 77b64116 folded before Flop
Seat 6: 7b90c303 collected (2,010)
Seat 7: dffb574a folded before Flop
Seat 8: Hero (button) folded before Flop


Poker Hand #TM5539503833: Tournament #260610223, Bounty Hunters Special $8.88 Hold'em No Limit - Level7(150/300(45)) - 2026/02/02 22:31:56
Table '1' 8-max Seat #7 is the button
Seat 1: a2ab703 (13,536 in chips)
Seat 2: d6d9ceb8 (16,512 in chips)
Seat 3: 2c5b1b03 (7,390 in chips)
Seat 4: 6dc0bdda (9,955 in chips)
Seat 5: 77b64116 (9,157 in chips)
Seat 6: 7b90c303 (12,002 in chips)
Seat 7: dffb574a (8,150 in chips)
Seat 8: Hero (16,072 in chips)
a2ab703: posts the ante 45
7b90c303: posts the ante 45
Hero: posts the ante 45
dffb574a: posts the ante 45
2c5b1b03: posts the ante 45
6dc0bdda: posts the ante 45
77b64116: posts the ante 45
d6d9ceb8: posts the ante 45
Hero: posts small blind 150
a2ab703: posts big blind 300
*** HOLE CARDS ***
Dealt to a2ab703 
Dealt to d6d9ceb8 
Dealt to 2c5b1b03 
Dealt to 6dc0bdda 
Dealt to 77b64116 
Dealt to 7b90c303 
Dealt to dffb574a 
Dealt to Hero [3s Ks]
d6d9ceb8: folds
2c5b1b03: raises 300 to 600
6dc0bdda: folds
77b64116: folds
7b90c303: folds
dffb574a: folds
Hero: folds
a2ab703: calls 300
*** FLOP *** [7c Tc Qs]
a2ab703: checks
2c5b1b03: checks
*** TURN *** [7c Tc Qs] [7d]
a2ab703: bets 1,005
2c5b1b03: folds
Uncalled bet (1,005) returned to a2ab703
*** SHOWDOWN ***
a2ab703 collected 1,710 from pot
*** SUMMARY ***
Total pot 1,710 | Rake 0 | Jackpot 0 | Bingo 0 | Fortune 0 | Tax 0
Board [7c Tc Qs 7d]
Seat 1: a2ab703 (big blind) won (1,710)
Seat 2: d6d9ceb8 folded before Flop
Seat 3: 2c5b1b03 folded on the Turn
Seat 4: 6dc0bdda folded before Flop
Seat 5: 77b64116 folded before Flop
Seat 6: 7b90c303 folded before Flop
Seat 7: dffb574a (button) folded before Flop
Seat 8: Hero (small blind) folded before Flop


Poker Hand #TM5539503814: Tournament #260610223, Bounty Hunters Special $8.88 Hold'em No Limit - Level7(150/300(45)) - 2026/02/02 22:31:25
Table '1' 8-max Seat #6 is the button
Seat 1: a2ab703 (13,581 in chips)
Seat 2: d6d9ceb8 (16,557 in chips)
Seat 3: 2c5b1b03 (7,435 in chips)
Seat 4: 6dc0bdda (10,000 in chips)
Seat 5: 77b64116 (9,202 in chips)
Seat 6: 7b90c303 (12,047 in chips)
Seat 7: dffb574a (7,235 in chips)
Seat 8: Hero (16,717 in chips)
a2ab703: posts the ante 45
7b90c303: posts the ante 45
Hero: posts the ante 45
dffb574a: posts the ante 45
2c5b1b03: posts the ante 45
6dc0bdda: posts the ante 45
77b64116: posts the ante 45
d6d9ceb8: posts the ante 45
dffb574a: posts small blind 150
Hero: posts big blind 300
*** HOLE CARDS ***
Dealt to a2ab703 
Dealt to d6d9ceb8 
Dealt to 2c5b1b03 
Dealt to 6dc0bdda 
Dealt to 77b64116 
Dealt to 7b90c303 
Dealt to dffb574a 
Dealt to Hero [9d 3d]
a2ab703: folds
d6d9ceb8: folds
2c5b1b03: folds
6dc0bdda: folds
77b64116: folds
7b90c303: folds
dffb574a: raises 300 to 600
Hero: calls 300
*** FLOP *** [2h 5s Ks]
dffb574a: bets 515
Hero: folds
Uncalled bet (515) returned to dffb574a
*** SHOWDOWN ***
dffb574a collected 1,560 from pot
*** SUMMARY ***
Total pot 1,560 | Rake 0 | Jackpot 0 | Bingo 0 | Fortune 0 | Tax 0
Board [2h 5s Ks]
Seat 1: a2ab703 folded before Flop
Seat 2: d6d9ceb8 folded before Flop
Seat 3: 2c5b1b03 folded before Flop
Seat 4: 6dc0bdda folded before Flop
Seat 5: 77b64116 folded before Flop
Seat 6: 7b90c303 (button) folded before Flop
Seat 7: dffb574a (small blind) won (1,560)
Seat 8: Hero (big blind) folded on the Flop


Poker Hand #TM5539503787: Tournament #260610223, Bounty Hunters Special $8.88 Hold'em No Limit - Level7(150/300(45)) - 2026/02/02 22:30:30
Table '1' 8-max Seat #5 is the button
Seat 1: a2ab703 (13,626 in chips)
Seat 2: d6d9ceb8 (11,125 in chips)
Seat 3: 2c5b1b03 (7,480 in chips)
Seat 4: e308ed3f (4,712 in chips)
Seat 5: 77b64116 (9,247 in chips)
Seat 6: 7b90c303 (12,242 in chips)
Seat 7: dffb574a (7,580 in chips)
Seat 8: Hero (16,762 in chips)
a2ab703: posts the ante 45
e308ed3f: posts the ante 45
7b90c303: posts the ante 45
Hero: posts the ante 45
dffb574a: posts the ante 45
2c5b1b03: posts the ante 45
77b64116: posts the ante 45
d6d9ceb8: posts the ante 45
7b90c303: posts small blind 150
dffb574a: posts big blind 300
*** HOLE CARDS ***
Dealt to a2ab703 
Dealt to d6d9ceb8 
Dealt to 2c5b1b03 
Dealt to e308ed3f 
Dealt to 77b64116 
Dealt to 7b90c303 
Dealt to dffb574a 
Dealt to Hero [9h 3h]
Hero: folds
a2ab703: folds
d6d9ceb8: raises 450 to 750
2c5b1b03: folds
e308ed3f: raises 3,917 to 4,667 and is all-in
77b64116: folds
7b90c303: folds
dffb574a: folds
d6d9ceb8: calls 3,917
e308ed3f: shows [Ac Jd]
d6d9ceb8: shows [Kc As]
*** FLOP *** [Th 2d 4s]
*** TURN *** [Th 2d 4s] [5d]
*** RIVER *** [Th 2d 4s 5d] [9c]
*** SHOWDOWN ***
d6d9ceb8 collected 10,144 from pot
*** SUMMARY ***
Total pot 10,144 | Rake 0 | Jackpot 0 | Bingo 0 | Fortune 0 | Tax 0
Board [Th 2d 4s 5d 9c]
Seat 1: a2ab703 folded before Flop
Seat 2: d6d9ceb8 showed [Kc As] and won (10,144) with Ace high
Seat 3: 2c5b1b03 folded before Flop
Seat 4: e308ed3f showed [Ac Jd] and lost with Ace high
Seat 5: 77b64116 (button) folded before Flop
Seat 6: 7b90c303 (small blind) folded before Flop
Seat 7: dffb574a (big blind) folded before Flop
Seat 8: Hero folded before Flop


Poker Hand #TM5539503765: Tournament #260610223, Bounty Hunters Special $8.88 Hold'em No Limit - Level7(150/300(45)) - 2026/02/02 22:29:45
Table '1' 8-max Seat #4 is the button
Seat 1: a2ab703 (13,671 in chips)
Seat 2: d6d9ceb8 (11,170 in chips)
Seat 3: 2c5b1b03 (7,525 in chips)
Seat 4: e308ed3f (6,021 in chips)
Seat 5: 77b64116 (9,442 in chips)
Seat 6: 7b90c303 (12,587 in chips)
Seat 7: dffb574a (7,625 in chips)
Seat 8: Hero (14,733 in chips)
a2ab703: posts the ante 45
e308ed3f: posts the ante 45
7b90c303: posts the ante 45
Hero: posts the ante 45
dffb574a: posts the ante 45
2c5b1b03: posts the ante 45
77b64116: posts the ante 45
d6d9ceb8: posts the ante 45
77b64116: posts small blind 150
7b90c303: posts big blind 300
*** HOLE CARDS ***
Dealt to a2ab703 
Dealt to d6d9ceb8 
Dealt to 2c5b1b03 
Dealt to e308ed3f 
Dealt to 77b64116 
Dealt to 7b90c303 
Dealt to dffb574a 
Dealt to Hero [As 3s]
dffb574a: folds
Hero: raises 300 to 600
a2ab703: folds
d6d9ceb8: folds
2c5b1b03: folds
e308ed3f: calls 600
77b64116: folds
7b90c303: folds
*** FLOP *** [7s Jh Ad]
Hero: bets 664
e308ed3f: calls 664
*** TURN *** [7s Jh Ad] [3c]
Hero: bets 1,669
e308ed3f: folds
Uncalled bet (1,669) returned to Hero
*** SHOWDOWN ***
Hero collected 3,338 from pot
*** SUMMARY ***
Total pot 3,338 | Rake 0 | Jackpot 0 | Bingo 0 | Fortune 0 | Tax 0
Board [7s Jh Ad 3c]
Seat 1: a2ab703 folded before Flop
Seat 2: d6d9ceb8 folded before Flop
Seat 3: 2c5b1b03 folded before Flop
Seat 4: e308ed3f (button) folded on the Turn
Seat 5: 77b64116 (small blind) folded before Flop
Seat 6: 7b90c303 (big blind) folded before Flop
Seat 7: dffb574a folded before Flop
Seat 8: Hero won (3,338)


Poker Hand #TM5539503735: Tournament #260610223, Bounty Hunters Special $8.88 Hold'em No Limit - Level7(150/300(45)) - 2026/02/02 22:28:57
Table '1' 8-max Seat #3 is the button
Seat 1: a2ab703 (13,716 in chips)
Seat 2: d6d9ceb8 (9,955 in chips)
Seat 3: 2c5b1b03 (7,570 in chips)
Seat 4: e308ed3f (6,216 in chips)
Seat 5: 77b64116 (10,237 in chips)
Seat 6: 7b90c303 (12,632 in chips)
Seat 7: dffb574a (7,670 in chips)
Seat 8: Hero (14,778 in chips)
a2ab703: posts the ante 45
e308ed3f: posts the ante 45
7b90c303: posts the ante 45
Hero: posts the ante 45
dffb574a: posts the ante 45
2c5b1b03: posts the ante 45
77b64116: posts the ante 45
d6d9ceb8: posts the ante 45
e308ed3f: posts small blind 150
77b64116: posts big blind 300
*** HOLE CARDS ***
Dealt to a2ab703 
Dealt to d6d9ceb8 
Dealt to 2c5b1b03 
Dealt to e308ed3f 
Dealt to 77b64116 
Dealt to 7b90c303 
Dealt to dffb574a 
Dealt to Hero [8c Ks]
7b90c303: folds
dffb574a: folds
Hero: folds
a2ab703: folds
d6d9ceb8: raises 450 to 750
2c5b1b03: folds
e308ed3f: folds
77b64116: calls 450
*** FLOP *** [Jd 6h Kc]
77b64116: checks
d6d9ceb8: bets 1,106
77b64116: folds
Uncalled bet (1,106) returned to d6d9ceb8
*** SHOWDOWN ***
d6d9ceb8 collected 2,010 from pot
*** SUMMARY ***
Total pot 2,010 | Rake 0 | Jackpot 0 | Bingo 0 | Fortune 0 | Tax 0
Board [Jd 6h Kc]
Seat 1: a2ab703 folded before Flop
Seat 2: d6d9ceb8 won (2,010)
Seat 3: 2c5b1b03 (button) folded before Flop
Seat 4: e308ed3f (small blind) folded before Flop
Seat 5: 77b64116 (big blind) folded on the Flop
Seat 6: 7b90c303 folded before Flop
Seat 7: dffb574a folded before Flop
Seat 8: Hero folded before Flop


Poker Hand #TM5539503713: Tournament #260610223, Bounty Hunters Special $8.88 Hold'em No Limit - Level7(150/300(45)) - 2026/02/02 22:28:11
Table '1' 8-max Seat #2 is the button
Seat 1: a2ab703 (13,761 in chips)
Seat 2: d6d9ceb8 (10,000 in chips)
Seat 3: 2c5b1b03 (7,765 in chips)
Seat 4: e308ed3f (6,861 in chips)
Seat 5: 77b64116 (10,282 in chips)
Seat 6: 7b90c303 (11,567 in chips)
Seat 7: dffb574a (7,715 in chips)
Seat 8: Hero (14,823 in chips)
a2ab703: posts the ante 45
e308ed3f: posts the ante 45
7b90c303: posts the ante 45
Hero: posts the ante 45
dffb574a: posts the ante 45
2c5b1b03: posts the ante 45
77b64116: posts the ante 45
d6d9ceb8: posts the ante 45
2c5b1b03: posts small blind 150
e308ed3f: posts big blind 300
*** HOLE CARDS ***
Dealt to a2ab703 
Dealt to d6d9ceb8 
Dealt to 2c5b1b03 
Dealt to e308ed3f 
Dealt to 77b64116 
Dealt to 7b90c303 
Dealt to dffb574a 
Dealt to Hero [Kc 5d]
77b64116: folds
7b90c303: raises 300 to 600
dffb574a: folds
Hero: folds
a2ab703: folds
d6d9ceb8: folds
2c5b1b03: folds
e308ed3f: calls 300
*** FLOP *** [Jd Jc 9c]
e308ed3f: checks
7b90c303: bets 450
e308ed3f: folds
Uncalled bet (450) returned to 7b90c303
*** SHOWDOWN ***
7b90c303 collected 1,710 from pot
*** SUMMARY ***
Total pot 1,710 | Rake 0 | Jackpot 0 | Bingo 0 | Fortune 0 | Tax 0
Board [Jd Jc 9c]
Seat 1: a2ab703 folded before Flop
Seat 2: d6d9ceb8 (button) folded before Flop
Seat 3: 2c5b1b03 (small blind) folded before Flop
Seat 4: e308ed3f (big blind) folded on the Flop
Seat 5: 77b64116 folded before Flop
Seat 6: 7b90c303 won (1,710)
Seat 7: dffb574a folded before Flop
Seat 8: Hero folded before Flop


Poker Hand #TM5539503666: Tournament #260610223, Bounty Hunters Special $8.88 Hold'em No Limit - Level7(150/300(45)) - 2026/02/02 22:26:47
Table '1' 8-max Seat #1 is the button
Seat 1: a2ab703 (11,946 in chips)
Seat 2: d6d9ceb8 (10,795 in chips)
Seat 3: 2c5b1b03 (8,560 in chips)
Seat 4: e308ed3f (6,906 in chips)
Seat 5: 77b64116 (10,327 in chips)
Seat 6: 7b90c303 (11,612 in chips)
Seat 7: dffb574a (7,760 in chips)
Seat 8: Hero (14,868 in chips)
a2ab703: posts the ante 45
e308ed3f: posts the ante 45
7b90c303: posts the ante 45
Hero: posts the ante 45
dffb574a: posts the ante 45
2c5b1b03: posts the ante 45
77b64116: posts the ante 45
d6d9ceb8: posts the ante 45
d6d9ceb8: posts small blind 150
2c5b1b03: posts big blind 300
*** HOLE CARDS ***
Dealt to a2ab703 
Dealt to d6d9ceb8 
Dealt to 2c5b1b03 
Dealt to e308ed3f 
Dealt to 77b64116 
Dealt to 7b90c303 
Dealt to dffb574a 
Dealt to Hero [7c 6s]
e308ed3f: folds
77b64116: folds
7b90c303: folds
dffb574a: folds
Hero: folds
a2ab703: raises 450 to 750
d6d9ceb8: calls 600
2c5b1b03: calls 450
*** FLOP *** [5c 9s 7s]
d6d9ceb8: checks
2c5b1b03: checks
a2ab703: checks
*** TURN *** [5c 9s 7s] [3d]
d6d9ceb8: checks
2c5b1b03: checks
a2ab703: checks
*** RIVER *** [5c 9s 7s 3d] [6c]
d6d9ceb8: checks
2c5b1b03: checks
a2ab703: checks
d6d9ceb8: shows [Qc Tc] (Queen high)
2c5b1b03: shows [Qh Jh] (Queen high)
a2ab703: shows [Ah 6d] (a pair of Sixes)
*** SHOWDOWN ***
a2ab703 collected 2,610 from pot
*** SUMMARY ***
Total pot 2,610 | Rake 0 | Jackpot 0 | Bingo 0 | Fortune 0 | Tax 0
Board [5c 9s 7s 3d 6c]
Seat 1: a2ab703 (button) showed [Ah 6d] and won (2,610) with a pair of Sixes
Seat 2: d6d9ceb8 (small blind) showed [Qc Tc] and lost with Queen high
Seat 3: 2c5b1b03 (big blind) showed [Qh Jh] and lost with Queen high
Seat 4: e308ed3f folded before Flop
Seat 5: 77b64116 folded before Flop
Seat 6: 7b90c303 folded before Flop
Seat 7: dffb574a folded before Flop
Seat 8: Hero folded before Flop


Poker Hand #TM5539503611: Tournament #260610223, Bounty Hunters Special $8.88 Hold'em No Limit - Level6(125/250(35)) - 2026/02/02 22:25:05
Table '1' 8-max Seat #8 is the button
Seat 1: a2ab703 (12,106 in chips)
Seat 2: d6d9ceb8 (11,330 in chips)
Seat 3: 2c5b1b03 (8,595 in chips)
Seat 4: e308ed3f (9,191 in chips)
Seat 5: 77b64116 (10,362 in chips)
Seat 6: 7b90c303 (8,492 in chips)
Seat 7: dffb574a (7,795 in chips)
Seat 8: Hero (14,903 in chips)
a2ab703: posts the ante 35
e308ed3f: posts the ante 35
7b90c303: posts the ante 35
Hero: posts the ante 35
dffb574a: posts the ante 35
2c5b1b03: posts the ante 35
77b64116: posts the ante 35
d6d9ceb8: posts the ante 35
a2ab703: posts small blind 125
d6d9ceb8: posts big blind 250
*** HOLE CARDS ***
Dealt to a2ab703 
Dealt to d6d9ceb8 
Dealt to 2c5b1b03 
Dealt to e308ed3f 
Dealt to 77b64116 
Dealt to 7b90c303 
Dealt to dffb574a 
Dealt to Hero [8d 2s]
2c5b1b03: folds
e308ed3f: raises 250 to 500
77b64116: folds
7b90c303: calls 500
dffb574a: folds
Hero: folds
a2ab703: folds
d6d9ceb8: calls 250
*** FLOP *** [Jc 2d 4h]
d6d9ceb8: checks
e308ed3f: bets 629
7b90c303: raises 1,121 to 1,750
d6d9ceb8: folds
e308ed3f: calls 1,121
*** TURN *** [Jc 2d 4h] [Ts]
e308ed3f: checks
7b90c303: bets 2,625
e308ed3f: folds
Uncalled bet (2,625) returned to 7b90c303
*** SHOWDOWN ***
7b90c303 collected 5,405 from pot
*** SUMMARY ***
Total pot 5,405 | Rake 0 | Jackpot 0 | Bingo 0 | Fortune 0 | Tax 0
Board [Jc 2d 4h Ts]
Seat 1: a2ab703 (small blind) folded before Flop
Seat 2: d6d9ceb8 (big blind) folded on the Flop
Seat 3: 2c5b1b03 folded before Flop
Seat 4: e308ed3f folded on the Turn
Seat 5: 77b64116 folded before Flop
Seat 6: 7b90c303 won (5,405)
Seat 7: dffb574a folded before Flop
Seat 8: Hero (button) folded before Flop


Poker Hand #TM5539503590: Tournament #260610223, Bounty Hunters Special $8.88 Hold'em No Limit - Level6(125/250(35)) - 2026/02/02 22:24:33
Table '1' 8-max Seat #7 is the button
Seat 1: a2ab703 (12,391 in chips)
Seat 2: d6d9ceb8 (11,365 in chips)
Seat 3: 2c5b1b03 (7,975 in chips)
Seat 4: e308ed3f (9,226 in chips)
Seat 5: 77b64116 (10,397 in chips)
Seat 6: 7b90c303 (8,527 in chips)
Seat 7: dffb574a (7,830 in chips)
Seat 8: Hero (15,063 in chips)
a2ab703: posts the ante 35
e308ed3f: posts the ante 35
7b90c303: posts the ante 35
Hero: posts the ante 35
dffb574a: posts the ante 35
2c5b1b03: posts the ante 35
77b64116: posts the ante 35
d6d9ceb8: posts the ante 35
Hero: posts small blind 125
a2ab703: posts big blind 250
*** HOLE CARDS ***
Dealt to a2ab703 
Dealt to d6d9ceb8 
Dealt to 2c5b1b03 
Dealt to e308ed3f 
Dealt to 77b64116 
Dealt to 7b90c303 
Dealt to dffb574a 
Dealt to Hero [5s Js]
d6d9ceb8: folds
2c5b1b03: raises 250 to 500
e308ed3f: folds
77b64116: folds
7b90c303: folds
dffb574a: folds
Hero: folds
a2ab703: folds
Uncalled bet (250) returned to 2c5b1b03
*** SHOWDOWN ***
2c5b1b03 collected 905 from pot
*** SUMMARY ***
Total pot 905 | Rake 0 | Jackpot 0 | Bingo 0 | Fortune 0 | Tax 0
Seat 1: a2ab703 (big blind) folded before Flop
Seat 2: d6d9ceb8 folded before Flop
Seat 3: 2c5b1b03 collected (905)
Seat 4: e308ed3f folded before Flop
Seat 5: 77b64116 folded before Flop
Seat 6: 7b90c303 folded before Flop
Seat 7: dffb574a (button) folded before Flop
Seat 8: Hero (small blind) folded before Flop


Poker Hand #TM5539503553: Tournament #260610223, Bounty Hunters Special $8.88 Hold'em No Limit - Level6(125/250(35)) - 2026/02/02 22:23:31
Table '1' 8-max Seat #6 is the button
Seat 1: a2ab703 (13,879 in chips)
Seat 2: d6d9ceb8 (11,400 in chips)
Seat 3: 2c5b1b03 (8,010 in chips)
Seat 4: e308ed3f (9,261 in chips)
Seat 5: 77b64116 (10,432 in chips)
Seat 6: 7b90c303 (8,562 in chips)
Seat 7: dffb574a (7,990 in chips)
Seat 8: Hero (13,240 in chips)
a2ab703: posts the ante 35
e308ed3f: posts the ante 35
7b90c303: posts the ante 35
Hero: posts the ante 35
dffb574a: posts the ante 35
2c5b1b03: posts the ante 35
77b64116: posts the ante 35
d6d9ceb8: posts the ante 35
dffb574a: posts small blind 125
Hero: posts big blind 250
*** HOLE CARDS ***
Dealt to a2ab703 
Dealt to d6d9ceb8 
Dealt to 2c5b1b03 
Dealt to e308ed3f 
Dealt to 77b64116 
Dealt to 7b90c303 
Dealt to dffb574a 
Dealt to Hero [Jc 8s]
a2ab703: raises 250 to 500
d6d9ceb8: folds
2c5b1b03: folds
e308ed3f: folds
77b64116: folds
7b90c303: folds
dffb574a: folds
Hero: calls 250
*** FLOP *** [Th 8d 8h]
Hero: checks
a2ab703: checks
*** TURN *** [Th 8d 8h] [Qh]
Hero: checks
a2ab703: bets 953
Hero: raises 1,656 to 2,609
a2ab703: folds
Uncalled bet (1,656) returned to Hero
*** SHOWDOWN ***
Hero collected 3,311 from pot
*** SUMMARY ***
Total pot 3,311 | Rake 0 | Jackpot 0 | Bingo 0 | Fortune 0 | Tax 0
Board [Th 8d 8h Qh]
Seat 1: a2ab703 folded on the Turn
Seat 2: d6d9ceb8 folded before Flop
Seat 3: 2c5b1b03 folded before Flop
Seat 4: e308ed3f folded before Flop
Seat 5: 77b64116 folded before Flop
Seat 6: 7b90c303 (button) folded before Flop
Seat 7: dffb574a (small blind) folded before Flop
Seat 8: Hero (big blind) won (3,311)


Poker Hand #TM5539503531: Tournament #260610223, Bounty Hunters Special $8.88 Hold'em No Limit - Level6(125/250(35)) - 2026/02/02 22:22:48
Table '1' 8-max Seat #5 is the button
Seat 1: a2ab703 (13,914 in chips)
Seat 2: d6d9ceb8 (11,435 in chips)
Seat 3: 2c5b1b03 (8,545 in chips)
Seat 4: e308ed3f (9,296 in chips)
Seat 5: 77b64116 (9,312 in chips)
Seat 6: 7b90c303 (8,722 in chips)
Seat 7: dffb574a (8,275 in chips)
Seat 8: Hero (13,275 in chips)
a2ab703: posts the ante 35
e308ed3f: posts the ante 35
7b90c303: posts the ante 35
Hero: posts the ante 35
dffb574a: posts the ante 35
2c5b1b03: posts the ante 35
77b64116: posts the ante 35
d6d9ceb8: posts the ante 35
7b90c303: posts small blind 125
dffb574a: posts big blind 250
*** HOLE CARDS ***
Dealt to a2ab703 
Dealt to d6d9ceb8 
Dealt to 2c5b1b03 
Dealt to e308ed3f 
Dealt to 77b64116 
Dealt to 7b90c303 
Dealt to dffb574a 
Dealt to Hero [Th 9d]
Hero: folds
a2ab703: folds
d6d9ceb8: folds
2c5b1b03: raises 250 to 500
e308ed3f: folds
77b64116: calls 500
7b90c303: folds
dffb574a: folds
*** FLOP *** [Js 4s 5s]
2c5b1b03: checks
77b64116: bets 381
2c5b1b03: folds
Uncalled bet (381) returned to 77b64116
*** SHOWDOWN ***
77b64116 collected 1,655 from pot
*** SUMMARY ***
Total pot 1,655 | Rake 0 | Jackpot 0 | Bingo 0 | Fortune 0 | Tax 0
Board [Js 4s 5s]
Seat 1: a2ab703 folded before Flop
Seat 2: d6d9ceb8 folded before Flop
Seat 3: 2c5b1b03 folded on the Flop
Seat 4: e308ed3f folded before Flop
Seat 5: 77b64116 (button) won (1,655)
Seat 6: 7b90c303 (small blind) folded before Flop
Seat 7: dffb574a (big blind) folded before Flop
Seat 8: Hero folded before Flop


Poker Hand #TM5539503512: Tournament #260610223, Bounty Hunters Special $8.88 Hold'em No Limit - Level6(125/250(35)) - 2026/02/02 22:22:18
Table '1' 8-max Seat #4 is the button
Seat 1: a2ab703 (13,949 in chips)
Seat 2: d6d9ceb8 (11,470 in chips)
Seat 3: 2c5b1b03 (8,580 in chips)
Seat 4: e308ed3f (8,426 in chips)
Seat 5: 77b64116 (9,472 in chips)
Seat 6: 7b90c303 (9,257 in chips)
Seat 7: dffb574a (8,310 in chips)
Seat 8: Hero (13,310 in chips)
a2ab703: posts the ante 35
e308ed3f: posts the ante 35
7b90c303: posts the ante 35
Hero: posts the ante 35
dffb574a: posts the ante 35
2c5b1b03: posts the ante 35
77b64116: posts the ante 35
d6d9ceb8: posts the ante 35
77b64116: posts small blind 125
7b90c303: posts big blind 250
*** HOLE CARDS ***
Dealt to a2ab703 
Dealt to d6d9ceb8 
Dealt to 2c5b1b03 
Dealt to e308ed3f 
Dealt to 77b64116 
Dealt to 7b90c303 
Dealt to dffb574a 
Dealt to Hero [3s Ts]
dffb574a: folds
Hero: folds
a2ab703: folds
d6d9ceb8: folds
2c5b1b03: folds
e308ed3f: raises 250 to 500
77b64116: folds
7b90c303: calls 250
*** FLOP *** [Ad 7s Th]
7b90c303: checks
e308ed3f: bets 500
7b90c303: folds
Uncalled bet (500) returned to e308ed3f
*** SHOWDOWN ***
e308ed3f collected 1,405 from pot
*** SUMMARY ***
Total pot 1,405 | Rake 0 | Jackpot 0 | Bingo 0 | Fortune 0 | Tax 0
Board [Ad 7s Th]
Seat 1: a2ab703 folded before Flop
Seat 2: d6d9ceb8 folded before Flop
Seat 3: 2c5b1b03 folded before Flop
Seat 4: e308ed3f (button) won (1,405)
Seat 5: 77b64116 (small blind) folded before Flop
Seat 6: 7b90c303 (big blind) folded on the Flop
Seat 7: dffb574a folded before Flop
Seat 8: Hero folded before Flop


Poker Hand #TM5539503495: Tournament #260610223, Bounty Hunters Special $8.88 Hold'em No Limit - Level6(125/250(35)) - 2026/02/02 22:21:48
Table '1' 8-max Seat #3 is the button
Seat 1: a2ab703 (13,984 in chips)
Seat 2: d6d9ceb8 (11,505 in chips)
Seat 3: 2c5b1b03 (8,615 in chips)
Seat 4: e308ed3f (8,586 in chips)
Seat 5: 77b64116 (9,757 in chips)
Seat 6: 7b90c303 (9,292 in chips)
Seat 7: dffb574a (7,690 in chips)
Seat 8: Hero (13,345 in chips)
a2ab703: posts the ante 35
e308ed3f: posts the ante 35
7b90c303: posts the ante 35
Hero: posts the ante 35
dffb574a: posts the ante 35
2c5b1b03: posts the ante 35
77b64116: posts the ante 35
d6d9ceb8: posts the ante 35
e308ed3f: posts small blind 125
77b64116: posts big blind 250
*** HOLE CARDS ***
Dealt to a2ab703 
Dealt to d6d9ceb8 
Dealt to 2c5b1b03 
Dealt to e308ed3f 
Dealt to 77b64116 
Dealt to 7b90c303 
Dealt to dffb574a 
Dealt to Hero [Jc Qs]
7b90c303: folds
dffb574a: raises 250 to 500
Hero: folds
a2ab703: folds
d6d9ceb8: folds
2c5b1b03: folds
e308ed3f: folds
77b64116: folds
Uncalled bet (250) returned to dffb574a
*** SHOWDOWN ***
dffb574a collected 905 from pot
*** SUMMARY ***
Total pot 905 | Rake 0 | Jackpot 0 | Bingo 0 | Fortune 0 | Tax 0
Seat 1: a2ab703 folded before Flop
Seat 2: d6d9ceb8 folded before Flop
Seat 3: 2c5b1b03 (button) folded before Flop
Seat 4: e308ed3f (small blind) folded before Flop
Seat 5: 77b64116 (big blind) folded before Flop
Seat 6: 7b90c303 folded before Flop
Seat 7: dffb574a collected (905)
Seat 8: Hero folded before Flop


Poker Hand #TM5539503455: Tournament #260610223, Bounty Hunters Special $8.88 Hold'em No Limit - Level6(125/250(35)) - 2026/02/02 22:20:50
Table '1' 8-max Seat #2 is the button
Seat 1: a2ab703 (12,739 in chips)
Seat 2: d6d9ceb8 (12,165 in chips)
Seat 3: 2c5b1b03 (8,775 in chips)
Seat 4: e308ed3f (8,871 in chips)
Seat 5: 77b64116 (9,792 in chips)
Seat 6: 7b90c303 (9,327 in chips)
Seat 7: dffb574a (7,725 in chips)
Seat 8: Hero (13,380 in chips)
a2ab703: posts the ante 35
e308ed3f: posts the ante 35
7b90c303: posts the ante 35
Hero: posts the ante 35
dffb574a: posts the ante 35
2c5b1b03: posts the ante 35
77b64116: posts the ante 35
d6d9ceb8: posts the ante 35
2c5b1b03: posts small blind 125
e308ed3f: posts big blind 250
*** HOLE CARDS ***
Dealt to a2ab703 
Dealt to d6d9ceb8 
Dealt to 2c5b1b03 
Dealt to e308ed3f 
Dealt to 77b64116 
Dealt to 7b90c303 
Dealt to dffb574a 
Dealt to Hero [3s 4h]
77b64116: folds
7b90c303: folds
dffb574a: folds
Hero: folds
a2ab703: raises 375 to 625
d6d9ceb8: calls 625
2c5b1b03: folds
e308ed3f: folds
*** FLOP *** [3d Ac As]
a2ab703: checks
d6d9ceb8: checks
*** TURN *** [3d Ac As] [Jd]
a2ab703: bets 1,203
d6d9ceb8: folds
Uncalled bet (1,203) returned to a2ab703
*** SHOWDOWN ***
a2ab703 collected 1,905 from pot
*** SUMMARY ***
Total pot 1,905 | Rake 0 | Jackpot 0 | Bingo 0 | Fortune 0 | Tax 0
Board [3d Ac As Jd]
Seat 1: a2ab703 won (1,905)
Seat 2: d6d9ceb8 (button) folded on the Turn
Seat 3: 2c5b1b03 (small blind) folded before Flop
Seat 4: e308ed3f (big blind) folded before Flop
Seat 5: 77b64116 folded before Flop
Seat 6: 7b90c303 folded before Flop
Seat 7: dffb574a folded before Flop
Seat 8: Hero folded before Flop


Poker Hand #TM5539503446: Tournament #260610223, Bounty Hunters Special $8.88 Hold'em No Limit - Level6(125/250(35)) - 2026/02/02 22:20:31
Table '1' 8-max Seat #1 is the button
Seat 1: a2ab703 (12,774 in chips)
Seat 2: d6d9ceb8 (12,325 in chips)
Seat 3: 2c5b1b03 (8,405 in chips)
Seat 4: e308ed3f (8,906 in chips)
Seat 5: 77b64116 (9,827 in chips)
Seat 6: 7b90c303 (9,362 in chips)
Seat 7: dffb574a (7,760 in chips)
Seat 8: Hero (13,415 in chips)
a2ab703: posts the ante 35
e308ed3f: posts the ante 35
7b90c303: posts the ante 35
Hero: posts the ante 35
dffb574a: posts the ante 35
2c5b1b03: posts the ante 35
77b64116: posts the ante 35
d6d9ceb8: posts the ante 35
d6d9ceb8: posts small blind 125
2c5b1b03: posts big blind 250
*** HOLE CARDS ***
Dealt to a2ab703 
Dealt to d6d9ceb8 
Dealt to 2c5b1b03 
Dealt to e308ed3f 
Dealt to 77b64116 
Dealt to 7b90c303 
Dealt to dffb574a 
Dealt to Hero [2h 3s]
e308ed3f: folds
77b64116: folds
7b90c303: folds
dffb574a: folds
Hero: folds
a2ab703: folds
d6d9ceb8: folds
Uncalled bet (125) returned to 2c5b1b03
*** SHOWDOWN ***
2c5b1b03 collected 530 from pot
*** SUMMARY ***
Total pot 530 | Rake 0 | Jackpot 0 | Bingo 0 | Fortune 0 | Tax 0
Seat 1: a2ab703 (button) folded before Flop
Seat 2: d6d9ceb8 (small blind) folded before Flop
Seat 3: 2c5b1b03 (big blind) collected (530)
Seat 4: e308ed3f folded before Flop
Seat 5: 77b64116 folded before Flop
Seat 6: 7b90c303 folded before Flop
Seat 7: dffb574a folded before Flop
Seat 8: Hero folded before Flop


Poker Hand #TM5539503434: Tournament #260610223, Bounty Hunters Special $8.88 Hold'em No Limit - Level6(125/250(35)) - 2026/02/02 22:20:11
Table '1' 8-max Seat #8 is the button
Seat 1: a2ab703 (12,934 in chips)
Seat 2: d6d9ceb8 (12,610 in chips)
Seat 3: 2c5b1b03 (8,440 in chips)
Seat 4: e308ed3f (8,941 in chips)
Seat 5: 77b64116 (9,862 in chips)
Seat 6: 7b90c303 (9,397 in chips)
Seat 7: dffb574a (7,140 in chips)
Seat 8: Hero (13,450 in chips)
a2ab703: posts the ante 35
e308ed3f: posts the ante 35
7b90c303: posts the ante 35
Hero: posts the ante 35
dffb574a: posts the ante 35
2c5b1b03: posts the ante 35
77b64116: posts the ante 35
d6d9ceb8: posts the ante 35
a2ab703: posts small blind 125
d6d9ceb8: posts big blind 250
*** HOLE CARDS ***
Dealt to a2ab703 
Dealt to d6d9ceb8 
Dealt to 2c5b1b03 
Dealt to e308ed3f 
Dealt to 77b64116 
Dealt to 7b90c303 
Dealt to dffb574a 
Dealt to Hero [8h 3d]
2c5b1b03: folds
e308ed3f: folds
77b64116: folds
7b90c303: folds
dffb574a: raises 250 to 500
Hero: folds
a2ab703: folds
d6d9ceb8: folds
Uncalled bet (250) returned to dffb574a
*** SHOWDOWN ***
dffb574a collected 905 from pot
*** SUMMARY ***
Total pot 905 | Rake 0 | Jackpot 0 | Bingo 0 | Fortune 0 | Tax 0
Seat 1: a2ab703 (small blind) folded before Flop
Seat 2: d6d9ceb8 (big blind) folded before Flop
Seat 3: 2c5b1b03 folded before Flop
Seat 4: e308ed3f folded before Flop
Seat 5: 77b64116 folded before Flop
Seat 6: 7b90c303 folded before Flop
Seat 7: dffb574a collected (905)
Seat 8: Hero (button) folded before Flop


Poker Hand #TM5539503413: Tournament #260610223, Bounty Hunters Special $8.88 Hold'em No Limit - Level6(125/250(35)) - 2026/02/02 22:19:37
Table '1' 8-max Seat #7 is the button
Seat 1: a2ab703 (13,219 in chips)
Seat 2: d6d9ceb8 (12,645 in chips)
Seat 3: 2c5b1b03 (8,475 in chips)
Seat 4: e308ed3f (8,976 in chips)
Seat 5: 77b64116 (9,897 in chips)
Seat 6: 7b90c303 (9,432 in chips)
Seat 7: dffb574a (6,520 in chips)
Seat 8: Hero (13,610 in chips)
a2ab703: posts the ante 35
e308ed3f: posts the ante 35
7b90c303: posts the ante 35
Hero: posts the ante 35
dffb574a: posts the ante 35
2c5b1b03: posts the ante 35
77b64116: posts the ante 35
d6d9ceb8: posts the ante 35
Hero: posts small blind 125
a2ab703: posts big blind 250
*** HOLE CARDS ***
Dealt to a2ab703 
Dealt to d6d9ceb8 
Dealt to 2c5b1b03 
Dealt to e308ed3f 
Dealt to 77b64116 
Dealt to 7b90c303 
Dealt to dffb574a 
Dealt to Hero [Qs 5d]
d6d9ceb8: folds
2c5b1b03: folds
e308ed3f: folds
77b64116: folds
7b90c303: folds
dffb574a: raises 250 to 500
Hero: folds
a2ab703: folds
Uncalled bet (250) returned to dffb574a
*** SHOWDOWN ***
dffb574a collected 905 from pot
*** SUMMARY ***
Total pot 905 | Rake 0 | Jackpot 0 | Bingo 0 | Fortune 0 | Tax 0
Seat 1: a2ab703 (big blind) folded before Flop
Seat 2: d6d9ceb8 folded before Flop
Seat 3: 2c5b1b03 folded before Flop
Seat 4: e308ed3f folded before Flop
Seat 5: 77b64116 folded before Flop
Seat 6: 7b90c303 folded before Flop
Seat 7: dffb574a (button) collected (905)
Seat 8: Hero (small blind) folded before Flop


Poker Hand #TM5539503382: Tournament #260610223, Bounty Hunters Special $8.88 Hold'em No Limit - Level6(125/250(35)) - 2026/02/02 22:18:42
Table '1' 8-max Seat #6 is the button
Seat 1: a2ab703 (13,254 in chips)
Seat 2: d6d9ceb8 (12,680 in chips)
Seat 3: 2c5b1b03 (8,510 in chips)
Seat 4: e308ed3f (9,011 in chips)
Seat 5: 77b64116 (9,027 in chips)
Seat 6: 7b90c303 (9,467 in chips)
Seat 7: dffb574a (6,680 in chips)
Seat 8: Hero (14,145 in chips)
a2ab703: posts the ante 35
e308ed3f: posts the ante 35
7b90c303: posts the ante 35
Hero: posts the ante 35
dffb574a: posts the ante 35
2c5b1b03: posts the ante 35
77b64116: posts the ante 35
d6d9ceb8: posts the ante 35
dffb574a: posts small blind 125
Hero: posts big blind 250
*** HOLE CARDS ***
Dealt to a2ab703 
Dealt to d6d9ceb8 
Dealt to 2c5b1b03 
Dealt to e308ed3f 
Dealt to 77b64116 
Dealt to 7b90c303 
Dealt to dffb574a 
Dealt to Hero [4d 7h]
a2ab703: folds
d6d9ceb8: folds
2c5b1b03: folds
e308ed3f: folds
77b64116: raises 250 to 500
7b90c303: folds
dffb574a: folds
Hero: calls 250
*** FLOP *** [2s 9c Jc]
Hero: checks
77b64116: bets 492
Hero: folds
Uncalled bet (492) returned to 77b64116
*** SHOWDOWN ***
77b64116 collected 1,405 from pot
*** SUMMARY ***
Total pot 1,405 | Rake 0 | Jackpot 0 | Bingo 0 | Fortune 0 | Tax 0
Board [2s 9c Jc]
Seat 1: a2ab703 folded before Flop
Seat 2: d6d9ceb8 folded before Flop
Seat 3: 2c5b1b03 folded before Flop
Seat 4: e308ed3f folded before Flop
Seat 5: 77b64116 won (1,405)
Seat 6: 7b90c303 (button) folded before Flop
Seat 7: dffb574a (small blind) folded before Flop
Seat 8: Hero (big blind) folded on the Flop


Poker Hand #TM5539503339: Tournament #260610223, Bounty Hunters Special $8.88 Hold'em No Limit - Level5(100/200(30)) - 2026/02/02 22:17:33
Table '1' 8-max Seat #5 is the button
Seat 1: a2ab703 (13,284 in chips)
Seat 2: d6d9ceb8 (12,710 in chips)
Seat 3: 2c5b1b03 (8,540 in chips)
Seat 4: e308ed3f (9,041 in chips)
Seat 5: 77b64116 (9,057 in chips)
Seat 6: 7b90c303 (9,897 in chips)
Seat 7: dffb574a (7,110 in chips)
Seat 8: Hero (13,135 in chips)
a2ab703: posts the ante 30
e308ed3f: posts the ante 30
7b90c303: posts the ante 30
Hero: posts the ante 30
dffb574a: posts the ante 30
2c5b1b03: posts the ante 30
77b64116: posts the ante 30
d6d9ceb8: posts the ante 30
7b90c303: posts small blind 100
dffb574a: posts big blind 200
*** HOLE CARDS ***
Dealt to a2ab703 
Dealt to d6d9ceb8 
Dealt to 2c5b1b03 
Dealt to e308ed3f 
Dealt to 77b64116 
Dealt to 7b90c303 
Dealt to dffb574a 
Dealt to Hero [Qh Kc]
Hero: raises 200 to 400
a2ab703: folds
d6d9ceb8: folds
2c5b1b03: folds
e308ed3f: folds
77b64116: folds
7b90c303: calls 300
dffb574a: calls 200
*** FLOP *** [Qd 4s 4h]
7b90c303: checks
dffb574a: checks
Hero: bets 476
7b90c303: folds
dffb574a: folds
Uncalled bet (476) returned to Hero
*** SHOWDOWN ***
Hero collected 1,440 from pot
*** SUMMARY ***
Total pot 1,440 | Rake 0 | Jackpot 0 | Bingo 0 | Fortune 0 | Tax 0
Board [Qd 4s 4h]
Seat 1: a2ab703 folded before Flop
Seat 2: d6d9ceb8 folded before Flop
Seat 3: 2c5b1b03 folded before Flop
Seat 4: e308ed3f folded before Flop
Seat 5: 77b64116 (button) folded before Flop
Seat 6: 7b90c303 (small blind) folded on the Flop
Seat 7: dffb574a (big blind) folded on the Flop
Seat 8: Hero won (1,440)


Poker Hand #TM5539503317: Tournament #260610223, Bounty Hunters Special $8.88 Hold'em No Limit - Level5(100/200(30)) - 2026/02/02 22:16:56
Table '1' 8-max Seat #4 is the button
Seat 1: a2ab703 (13,314 in chips)
Seat 2: d6d9ceb8 (11,800 in chips)
Seat 3: 2c5b1b03 (8,570 in chips)
Seat 4: e308ed3f (9,071 in chips)
Seat 5: 77b64116 (9,187 in chips)
Seat 6: 7b90c303 (10,127 in chips)
Seat 7: dffb574a (7,540 in chips)
Seat 8: Hero (13,165 in chips)
a2ab703: posts the ante 30
e308ed3f: posts the ante 30
7b90c303: posts the ante 30
Hero: posts the ante 30
dffb574a: posts the ante 30
2c5b1b03: posts the ante 30
77b64116: posts the ante 30
d6d9ceb8: posts the ante 30
77b64116: posts small blind 100
7b90c303: posts big blind 200
*** HOLE CARDS ***
Dealt to a2ab703 
Dealt to d6d9ceb8 
Dealt to 2c5b1b03 
Dealt to e308ed3f 
Dealt to 77b64116 
Dealt to 7b90c303 
Dealt to dffb574a 
Dealt to Hero [9c 5s]
dffb574a: raises 200 to 400
Hero: folds
a2ab703: folds
d6d9ceb8: calls 400
2c5b1b03: folds
e308ed3f: folds
77b64116: folds
7b90c303: folds
*** FLOP *** [3c Qh 8h]
dffb574a: checks
d6d9ceb8: bets 738
dffb574a: folds
Uncalled bet (738) returned to d6d9ceb8
*** SHOWDOWN ***
d6d9ceb8 collected 1,340 from pot
*** SUMMARY ***
Total pot 1,340 | Rake 0 | Jackpot 0 | Bingo 0 | Fortune 0 | Tax 0
Board [3c Qh 8h]
Seat 1: a2ab703 folded before Flop
Seat 2: d6d9ceb8 won (1,340)
Seat 3: 2c5b1b03 folded before Flop
Seat 4: e308ed3f (button) folded before Flop
Seat 5: 77b64116 (small blind) folded before Flop
Seat 6: 7b90c303 (big blind) folded before Flop
Seat 7: dffb574a folded on the Flop
Seat 8: Hero folded before Flop


Poker Hand #TM5539503287: Tournament #260610223, Bounty Hunters Special $8.88 Hold'em No Limit - Level5(100/200(30)) - 2026/02/02 22:16:07
Table '1' 8-max Seat #3 is the button
Seat 1: a2ab703 (12,204 in chips)
Seat 2: d6d9ceb8 (11,830 in chips)
Seat 3: 2c5b1b03 (8,600 in chips)
Seat 4: e308ed3f (9,201 in chips)
Seat 5: 77b64116 (9,617 in chips)
Seat 6: 7b90c303 (10,157 in chips)
Seat 7: dffb574a (7,570 in chips)
Seat 8: Hero (13,595 in chips)
a2ab703: posts the ante 30
e308ed3f: posts the ante 30
7b90c303: posts the ante 30
Hero: posts the ante 30
dffb574a: posts the ante 30
2c5b1b03: posts the ante 30
77b64116: posts the ante 30
d6d9ceb8: posts the ante 30
e308ed3f: posts small blind 100
77b64116: posts big blind 200
*** HOLE CARDS ***
Dealt to a2ab703 
Dealt to d6d9ceb8 
Dealt to 2c5b1b03 
Dealt to e308ed3f 
Dealt to 77b64116 
Dealt to 7b90c303 
Dealt to dffb574a 
Dealt to Hero [3d 3c]
7b90c303: folds
dffb574a: folds
Hero: raises 200 to 400
a2ab703: calls 400
d6d9ceb8: folds
2c5b1b03: folds
e308ed3f: folds
77b64116: calls 200
*** FLOP *** [Jc Qh 8h]
77b64116: checks
Hero: checks
a2ab703: bets 770
77b64116: folds
Hero: folds
Uncalled bet (770) returned to a2ab703
*** SHOWDOWN ***
a2ab703 collected 1,540 from pot
*** SUMMARY ***
Total pot 1,540 | Rake 0 | Jackpot 0 | Bingo 0 | Fortune 0 | Tax 0
Board [Jc Qh 8h]
Seat 1: a2ab703 won (1,540)
Seat 2: d6d9ceb8 folded before Flop
Seat 3: 2c5b1b03 (button) folded before Flop
Seat 4: e308ed3f (small blind) folded before Flop
Seat 5: 77b64116 (big blind) folded on the Flop
Seat 6: 7b90c303 folded before Flop
Seat 7: dffb574a folded before Flop
Seat 8: Hero folded on the Flop


Poker Hand #TM5539503254: Tournament #260610223, Bounty Hunters Special $8.88 Hold'em No Limit - Level5(100/200(30)) - 2026/02/02 22:15:14
Table '1' 8-max Seat #2 is the button
Seat 1: a2ab703 (11,294 in chips)
Seat 2: d6d9ceb8 (12,260 in chips)
Seat 3: 2c5b1b03 (8,730 in chips)
Seat 4: e308ed3f (9,431 in chips)
Seat 5: 77b64116 (9,647 in chips)
Seat 6: 7b90c303 (10,187 in chips)
Seat 7: dffb574a (7,600 in chips)
Seat 8: Hero (13,625 in chips)
a2ab703: posts the ante 30
e308ed3f: posts the ante 30
7b90c303: posts the ante 30
Hero: posts the ante 30
dffb574a: posts the ante 30
2c5b1b03: posts the ante 30
77b64116: posts the ante 30
d6d9ceb8: posts the ante 30
2c5b1b03: posts small blind 100
e308ed3f: posts big blind 200
*** HOLE CARDS ***
Dealt to a2ab703 
Dealt to d6d9ceb8 
Dealt to 2c5b1b03 
Dealt to e308ed3f 
Dealt to 77b64116 
Dealt to 7b90c303 
Dealt to dffb574a 
Dealt to Hero [2h Jc]
77b64116: folds
7b90c303: folds
dffb574a: folds
Hero: folds
a2ab703: raises 200 to 400
d6d9ceb8: calls 400
2c5b1b03: folds
e308ed3f: folds
*** FLOP *** [Ac 4d 7d]
a2ab703: bets 435
d6d9ceb8: folds
Uncalled bet (435) returned to a2ab703
*** SHOWDOWN ***
a2ab703 collected 1,340 from pot
*** SUMMARY ***
Total pot 1,340 | Rake 0 | Jackpot 0 | Bingo 0 | Fortune 0 | Tax 0
Board [Ac 4d 7d]
Seat 1: a2ab703 won (1,340)
Seat 2: d6d9ceb8 (button) folded on the Flop
Seat 3: 2c5b1b03 (small blind) folded before Flop
Seat 4: e308ed3f (big blind) folded before Flop
Seat 5: 77b64116 folded before Flop
Seat 6: 7b90c303 folded before Flop
Seat 7: dffb574a folded before Flop
Seat 8: Hero folded before Flop


Poker Hand #TM5539503222: Tournament #260610223, Bounty Hunters Special $8.88 Hold'em No Limit - Level5(100/200(30)) - 2026/02/02 22:14:14
Table '1' 8-max Seat #1 is the button
Seat 1: a2ab703 (11,324 in chips)
Seat 2: d6d9ceb8 (12,390 in chips)
Seat 3: 2c5b1b03 (7,643 in chips)
Seat 4: e308ed3f (9,461 in chips)
Seat 5: 77b64116 (9,677 in chips)
Seat 6: 7b90c303 (10,217 in chips)
Seat 7: dffb574a (7,630 in chips)
Seat 8: Hero (14,432 in chips)
a2ab703: posts the ante 30
e308ed3f: posts the ante 30
7b90c303: posts the ante 30
Hero: posts the ante 30
dffb574a: posts the ante 30
2c5b1b03: posts the ante 30
77b64116: posts the ante 30
d6d9ceb8: posts the ante 30
d6d9ceb8: posts small blind 100
2c5b1b03: posts big blind 200
*** HOLE CARDS ***
Dealt to a2ab703 
Dealt to d6d9ceb8 
Dealt to 2c5b1b03 
Dealt to e308ed3f 
Dealt to 77b64116 
Dealt to 7b90c303 
Dealt to dffb574a 
Dealt to Hero [Ad 5h]
e308ed3f: folds
77b64116: folds
7b90c303: folds
dffb574a: folds
Hero: raises 200 to 400
a2ab703: folds
d6d9ceb8: folds
2c5b1b03: calls 200
*** FLOP *** [8c 6c Jh]
2c5b1b03: checks
Hero: bets 377
2c5b1b03: calls 377
*** TURN *** [8c 6c Jh] [Ks]
2c5b1b03: checks
Hero: checks
*** RIVER *** [8c 6c Jh Ks] [5d]
2c5b1b03: checks
Hero: checks
2c5b1b03: shows [8d Td] (a pair of Eights)
Hero: shows [Ad 5h] (a pair of Fives)
*** SHOWDOWN ***
2c5b1b03 collected 1,894 from pot
*** SUMMARY ***
Total pot 1,894 | Rake 0 | Jackpot 0 | Bingo 0 | Fortune 0 | Tax 0
Board [8c 6c Jh Ks 5d]
Seat 1: a2ab703 (button) folded before Flop
Seat 2: d6d9ceb8 (small blind) folded before Flop
Seat 3: 2c5b1b03 (big blind) showed [8d Td] and won (1,894) with a pair of Eights
Seat 4: e308ed3f folded before Flop
Seat 5: 77b64116 folded before Flop
Seat 6: 7b90c303 folded before Flop
Seat 7: dffb574a folded before Flop
Seat 8: Hero showed [Ad 5h] and lost with a pair of Fives


Poker Hand #TM5539503194: Tournament #260610223, Bounty Hunters Special $8.88 Hold'em No Limit - Level5(100/200(30)) - 2026/02/02 22:13:34
Table '1' 8-max Seat #8 is the button
Seat 1: a2ab703 (11,754 in chips)
Seat 2: d6d9ceb8 (12,620 in chips)
Seat 3: 2c5b1b03 (7,673 in chips)
Seat 4: e308ed3f (9,491 in chips)
Seat 5: 77b64116 (9,707 in chips)
Seat 6: 7b90c303 (10,247 in chips)
Seat 7: dffb574a (7,660 in chips)
Seat 8: Hero (13,622 in chips)
a2ab703: posts the ante 30
e308ed3f: posts the ante 30
7b90c303: posts the ante 30
Hero: posts the ante 30
dffb574a: posts the ante 30
2c5b1b03: posts the ante 30
77b64116: posts the ante 30
d6d9ceb8: posts the ante 30
a2ab703: posts small blind 100
d6d9ceb8: posts big blind 200
*** HOLE CARDS ***
Dealt to a2ab703 
Dealt to d6d9ceb8 
Dealt to 2c5b1b03 
Dealt to e308ed3f 
Dealt to 77b64116 
Dealt to 7b90c303 
Dealt to dffb574a 
Dealt to Hero [4d 4c]
2c5b1b03: folds
e308ed3f: folds
77b64116: folds
7b90c303: folds
dffb574a: folds
Hero: raises 200 to 400
a2ab703: calls 300
d6d9ceb8: folds
*** FLOP *** [5d 5h 3h]
a2ab703: checks
Hero: bets 620
a2ab703: folds
Uncalled bet (620) returned to Hero
*** SHOWDOWN ***
Hero collected 1,240 from pot
*** SUMMARY ***
Total pot 1,240 | Rake 0 | Jackpot 0 | Bingo 0 | Fortune 0 | Tax 0
Board [5d 5h 3h]
Seat 1: a2ab703 (small blind) folded on the Flop
Seat 2: d6d9ceb8 (big blind) folded before Flop
Seat 3: 2c5b1b03 folded before Flop
Seat 4: e308ed3f folded before Flop
Seat 5: 77b64116 folded before Flop
Seat 6: 7b90c303 folded before Flop
Seat 7: dffb574a folded before Flop
Seat 8: Hero (button) won (1,240)


Poker Hand #TM5539503164: Tournament #260610223, Bounty Hunters Special $8.88 Hold'em No Limit - Level5(100/200(30)) - 2026/02/02 22:12:37
Table '1' 8-max Seat #7 is the button
Seat 1: a2ab703 (11,984 in chips)
Seat 2: d6d9ceb8 (12,110 in chips)
Seat 3: 2c5b1b03 (7,703 in chips)
Seat 4: e308ed3f (9,521 in chips)
Seat 5: 77b64116 (9,737 in chips)
Seat 6: 7b90c303 (10,277 in chips)
Seat 7: dffb574a (7,690 in chips)
Seat 8: Hero (13,752 in chips)
a2ab703: posts the ante 30
e308ed3f: posts the ante 30
7b90c303: posts the ante 30
Hero: posts the ante 30
dffb574a: posts the ante 30
2c5b1b03: posts the ante 30
77b64116: posts the ante 30
d6d9ceb8: posts the ante 30
Hero: posts small blind 100
a2ab703: posts big blind 200
*** HOLE CARDS ***
Dealt to a2ab703 
Dealt to d6d9ceb8 
Dealt to 2c5b1b03 
Dealt to e308ed3f 
Dealt to 77b64116 
Dealt to 7b90c303 
Dealt to dffb574a 
Dealt to Hero [3h 7c]
d6d9ceb8: calls 200
2c5b1b03: folds
e308ed3f: folds
77b64116: folds
7b90c303: folds
dffb574a: folds
Hero: folds
a2ab703: checks
*** FLOP *** [9h 6s Qd]
a2ab703: checks
d6d9ceb8: bets 408
a2ab703: folds
Uncalled bet (408) returned to d6d9ceb8
*** SHOWDOWN ***
d6d9ceb8 collected 740 from pot
*** SUMMARY ***
Total pot 740 | Rake 0 | Jackpot 0 | Bingo 0 | Fortune 0 | Tax 0
Board [9h 6s Qd]
Seat 1: a2ab703 (big blind) folded on the Flop
Seat 2: d6d9ceb8 won (740)
Seat 3: 2c5b1b03 folded before Flop
Seat 4: e308ed3f folded before Flop
Seat 5: 77b64116 folded before Flop
Seat 6: 7b90c303 folded before Flop
Seat 7: dffb574a (button) folded before Flop
Seat 8: Hero (small blind) folded before Flop


Poker Hand #TM5539503137: Tournament #260610223, Bounty Hunters Special $8.88 Hold'em No Limit - Level5(100/200(30)) - 2026/02/02 22:11:52
Table '1' 8-max Seat #6 is the button
Seat 1: a2ab703 (12,014 in chips)
Seat 2: d6d9ceb8 (12,140 in chips)
Seat 3: 2c5b1b03 (7,733 in chips)
Seat 4: e308ed3f (9,011 in chips)
Seat 5: 77b64116 (9,767 in chips)
Seat 6: 7b90c303 (10,307 in chips)
Seat 7: dffb574a (7,820 in chips)
Seat 8: Hero (13,982 in chips)
a2ab703: posts the ante 30
e308ed3f: posts the ante 30
7b90c303: posts the ante 30
Hero: posts the ante 30
dffb574a: posts the ante 30
2c5b1b03: posts the ante 30
77b64116: posts the ante 30
d6d9ceb8: posts the ante 30
dffb574a: posts small blind 100
Hero: posts big blind 200
*** HOLE CARDS ***
Dealt to a2ab703 
Dealt to d6d9ceb8 
Dealt to 2c5b1b03 
Dealt to e308ed3f 
Dealt to 77b64116 
Dealt to 7b90c303 
Dealt to dffb574a 
Dealt to Hero [6s 9c]
a2ab703: folds
d6d9ceb8: folds
2c5b1b03: folds
e308ed3f: raises 200 to 400
77b64116: folds
7b90c303: folds
dffb574a: folds
Hero: folds
Uncalled bet (200) returned to e308ed3f
*** SHOWDOWN ***
e308ed3f collected 740 from pot
*** SUMMARY ***
Total pot 740 | Rake 0 | Jackpot 0 | Bingo 0 | Fortune 0 | Tax 0
Seat 1: a2ab703 folded before Flop
Seat 2: d6d9ceb8 folded before Flop
Seat 3: 2c5b1b03 folded before Flop
Seat 4: e308ed3f collected (740)
Seat 5: 77b64116 folded before Flop
Seat 6: 7b90c303 (button) folded before Flop
Seat 7: dffb574a (small blind) folded before Flop
Seat 8: Hero (big blind) folded before Flop


Poker Hand #TM5539503115: Tournament #260610223, Bounty Hunters Special $8.88 Hold'em No Limit - Level5(100/200(30)) - 2026/02/02 22:11:21
Table '1' 8-max Seat #5 is the button
Seat 1: a2ab703 (11,504 in chips)
Seat 2: d6d9ceb8 (12,170 in chips)
Seat 3: 2c5b1b03 (7,763 in chips)
Seat 4: e308ed3f (9,041 in chips)
Seat 5: 77b64116 (9,797 in chips)
Seat 6: 7b90c303 (10,437 in chips)
Seat 7: dffb574a (8,050 in chips)
Seat 8: Hero (14,012 in chips)
a2ab703: posts the ante 30
e308ed3f: posts the ante 30
7b90c303: posts the ante 30
Hero: posts the ante 30
dffb574a: posts the ante 30
2c5b1b03: posts the ante 30
77b64116: posts the ante 30
d6d9ceb8: posts the ante 30
7b90c303: posts small blind 100
dffb574a: posts big blind 200
*** HOLE CARDS ***
Dealt to a2ab703 
Dealt to d6d9ceb8 
Dealt to 2c5b1b03 
Dealt to e308ed3f 
Dealt to 77b64116 
Dealt to 7b90c303 
Dealt to dffb574a 
Dealt to Hero [6d 5s]
Hero: folds
a2ab703: raises 200 to 400
d6d9ceb8: folds
2c5b1b03: folds
e308ed3f: folds
77b64116: folds
7b90c303: folds
dffb574a: folds
Uncalled bet (200) returned to a2ab703
*** SHOWDOWN ***
a2ab703 collected 740 from pot
*** SUMMARY ***
Total pot 740 | Rake 0 | Jackpot 0 | Bingo 0 | Fortune 0 | Tax 0
Seat 1: a2ab703 collected (740)
Seat 2: d6d9ceb8 folded before Flop
Seat 3: 2c5b1b03 folded before Flop
Seat 4: e308ed3f folded before Flop
Seat 5: 77b64116 (button) folded before Flop
Seat 6: 7b90c303 (small blind) folded before Flop
Seat 7: dffb574a (big blind) folded before Flop
Seat 8: Hero folded before Flop


Poker Hand #TM5539503099: Tournament #260610223, Bounty Hunters Special $8.88 Hold'em No Limit - Level5(100/200(30)) - 2026/02/02 22:10:50
Table '1' 8-max Seat #4 is the button
Seat 1: a2ab703 (11,534 in chips)
Seat 2: d6d9ceb8 (12,200 in chips)
Seat 3: 2c5b1b03 (7,793 in chips)
Seat 4: e308ed3f (9,071 in chips)
Seat 5: 77b64116 (10,027 in chips)
Seat 6: 7b90c303 (10,027 in chips)
Seat 7: dffb574a (8,080 in chips)
Seat 8: Hero (14,042 in chips)
a2ab703: posts the ante 30
e308ed3f: posts the ante 30
7b90c303: posts the ante 30
Hero: posts the ante 30
dffb574a: posts the ante 30
2c5b1b03: posts the ante 30
77b64116: posts the ante 30
d6d9ceb8: posts the ante 30
77b64116: posts small blind 100
7b90c303: posts big blind 200
*** HOLE CARDS ***
Dealt to a2ab703 
Dealt to d6d9ceb8 
Dealt to 2c5b1b03 
Dealt to e308ed3f 
Dealt to 77b64116 
Dealt to 7b90c303 
Dealt to dffb574a 
Dealt to Hero [2c 9c]
dffb574a: folds
Hero: folds
a2ab703: folds
d6d9ceb8: folds
2c5b1b03: folds
e308ed3f: folds
77b64116: calls 100
7b90c303: raises 500 to 700
77b64116: folds
Uncalled bet (500) returned to 7b90c303
*** SHOWDOWN ***
7b90c303 collected 640 from pot
*** SUMMARY ***
Total pot 640 | Rake 0 | Jackpot 0 | Bingo 0 | Fortune 0 | Tax 0
Seat 1: a2ab703 folded before Flop
Seat 2: d6d9ceb8 folded before Flop
Seat 3: 2c5b1b03 folded before Flop
Seat 4: e308ed3f (button) folded before Flop
Seat 5: 77b64116 (small blind) folded before Flop
Seat 6: 7b90c303 (big blind) collected (640)
Seat 7: dffb574a folded before Flop
Seat 8: Hero folded before Flop


Poker Hand #TM5539503066: Tournament #260610223, Bounty Hunters Special $8.88 Hold'em No Limit - Level4(80/160(25)) - 2026/02/02 22:09:56
Table '1' 8-max Seat #3 is the button
Seat 1: a2ab703 (11,559 in chips)
Seat 2: d6d9ceb8 (10,545 in chips)
Seat 3: 2c5b1b03 (7,818 in chips)
Seat 4: e308ed3f (9,176 in chips)
Seat 5: 77b64116 (10,212 in chips)
Seat 6: 7b90c303 (10,052 in chips)
Seat 7: dffb574a (8,105 in chips)
Seat 8: Hero (15,307 in chips)
a2ab703: posts the ante 25
e308ed3f: posts the ante 25
7b90c303: posts the ante 25
Hero: posts the ante 25
dffb574a: posts the ante 25
2c5b1b03: posts the ante 25
77b64116: posts the ante 25
d6d9ceb8: posts the ante 25
e308ed3f: posts small blind 80
77b64116: posts big blind 160
*** HOLE CARDS ***
Dealt to a2ab703 
Dealt to d6d9ceb8 
Dealt to 2c5b1b03 
Dealt to e308ed3f 
Dealt to 77b64116 
Dealt to 7b90c303 
Dealt to dffb574a 
Dealt to Hero [Ah 6h]
7b90c303: folds
dffb574a: folds
Hero: raises 160 to 320
a2ab703: folds
d6d9ceb8: raises 920 to 1,240
2c5b1b03: folds
e308ed3f: folds
77b64116: folds
Hero: calls 920
*** FLOP *** [2d Th Kd]
Hero: checks
d6d9ceb8: bets 1,927
Hero: folds
Uncalled bet (1,927) returned to d6d9ceb8
*** SHOWDOWN ***
d6d9ceb8 collected 2,920 from pot
*** SUMMARY ***
Total pot 2,920 | Rake 0 | Jackpot 0 | Bingo 0 | Fortune 0 | Tax 0
Board [2d Th Kd]
Seat 1: a2ab703 folded before Flop
Seat 2: d6d9ceb8 won (2,920)
Seat 3: 2c5b1b03 (button) folded before Flop
Seat 4: e308ed3f (small blind) folded before Flop
Seat 5: 77b64116 (big blind) folded before Flop
Seat 6: 7b90c303 folded before Flop
Seat 7: dffb574a folded before Flop
Seat 8: Hero folded on the Flop


Poker Hand #TM5539503034: Tournament #260610223, Bounty Hunters Special $8.88 Hold'em No Limit - Level4(80/160(25)) - 2026/02/02 22:09:05
Table '1' 8-max Seat #2 is the button
Seat 1: a2ab703 (12,384 in chips)
Seat 2: d6d9ceb8 (10,570 in chips)
Seat 3: 2c5b1b03 (7,923 in chips)
Seat 4: e308ed3f (9,361 in chips)
Seat 5: 77b64116 (10,237 in chips)
Seat 6: 7b90c303 (8,837 in chips)
Seat 7: dffb574a (8,130 in chips)
Seat 8: Hero (15,332 in chips)
a2ab703: posts the ante 25
e308ed3f: posts the ante 25
7b90c303: posts the ante 25
Hero: posts the ante 25
dffb574a: posts the ante 25
2c5b1b03: posts the ante 25
77b64116: posts the ante 25
d6d9ceb8: posts the ante 25
2c5b1b03: posts small blind 80
e308ed3f: posts big blind 160
*** HOLE CARDS ***
Dealt to a2ab703 
Dealt to d6d9ceb8 
Dealt to 2c5b1b03 
Dealt to e308ed3f 
Dealt to 77b64116 
Dealt to 7b90c303 
Dealt to dffb574a 
Dealt to Hero [Jd 6c]
77b64116: folds
7b90c303: raises 160 to 320
dffb574a: folds
Hero: folds
a2ab703: calls 320
d6d9ceb8: folds
2c5b1b03: folds
e308ed3f: folds
*** FLOP *** [9c 6s Ts]
7b90c303: bets 480
a2ab703: calls 480
*** TURN *** [9c 6s Ts] [3h]
7b90c303: bets 1,840
a2ab703: folds
Uncalled bet (1,840) returned to 7b90c303
*** SHOWDOWN ***
7b90c303 collected 2,040 from pot
*** SUMMARY ***
Total pot 2,040 | Rake 0 | Jackpot 0 | Bingo 0 | Fortune 0 | Tax 0
Board [9c 6s Ts 3h]
Seat 1: a2ab703 folded on the Turn
Seat 2: d6d9ceb8 (button) folded before Flop
Seat 3: 2c5b1b03 (small blind) folded before Flop
Seat 4: e308ed3f (big blind) folded before Flop
Seat 5: 77b64116 folded before Flop
Seat 6: 7b90c303 won (2,040)
Seat 7: dffb574a folded before Flop
Seat 8: Hero folded before Flop


Poker Hand #TM5539503016: Tournament #260610223, Bounty Hunters Special $8.88 Hold'em No Limit - Level4(80/160(25)) - 2026/02/02 22:08:31
Table '1' 8-max Seat #1 is the button
Seat 1: a2ab703 (12,409 in chips)
Seat 2: d6d9ceb8 (10,675 in chips)
Seat 3: 2c5b1b03 (8,108 in chips)
Seat 4: e308ed3f (9,386 in chips)
Seat 5: 77b64116 (10,262 in chips)
Seat 6: 7b90c303 (8,862 in chips)
Seat 7: dffb574a (8,155 in chips)
Seat 8: Hero (14,917 in chips)
a2ab703: posts the ante 25
e308ed3f: posts the ante 25
7b90c303: posts the ante 25
Hero: posts the ante 25
dffb574a: posts the ante 25
2c5b1b03: posts the ante 25
77b64116: posts the ante 25
d6d9ceb8: posts the ante 25
d6d9ceb8: posts small blind 80
2c5b1b03: posts big blind 160
*** HOLE CARDS ***
Dealt to a2ab703 
Dealt to d6d9ceb8 
Dealt to 2c5b1b03 
Dealt to e308ed3f 
Dealt to 77b64116 
Dealt to 7b90c303 
Dealt to dffb574a 
Dealt to Hero [5c Ah]
e308ed3f: folds
77b64116: folds
7b90c303: folds
dffb574a: folds
Hero: raises 160 to 320
a2ab703: folds
d6d9ceb8: folds
2c5b1b03: folds
Uncalled bet (160) returned to Hero
*** SHOWDOWN ***
Hero collected 600 from pot
*** SUMMARY ***
Total pot 600 | Rake 0 | Jackpot 0 | Bingo 0 | Fortune 0 | Tax 0
Seat 1: a2ab703 (button) folded before Flop
Seat 2: d6d9ceb8 (small blind) folded before Flop
Seat 3: 2c5b1b03 (big blind) folded before Flop
Seat 4: e308ed3f folded before Flop
Seat 5: 77b64116 folded before Flop
Seat 6: 7b90c303 folded before Flop
Seat 7: dffb574a folded before Flop
Seat 8: Hero collected (600)


Poker Hand #TM5539502955: Tournament #260610223, Bounty Hunters Special $8.88 Hold'em No Limit - Level4(80/160(25)) - 2026/02/02 22:06:46
Table '1' 8-max Seat #8 is the button
Seat 1: a2ab703 (14,372 in chips)
Seat 2: d6d9ceb8 (7,859 in chips)
Seat 3: 2c5b1b03 (8,133 in chips)
Seat 4: e308ed3f (9,411 in chips)
Seat 5: 77b64116 (10,287 in chips)
Seat 6: 7b90c303 (8,887 in chips)
Seat 7: dffb574a (8,180 in chips)
Seat 8: Hero (15,645 in chips)
a2ab703: posts the ante 25
e308ed3f: posts the ante 25
7b90c303: posts the ante 25
Hero: posts the ante 25
dffb574a: posts the ante 25
2c5b1b03: posts the ante 25
77b64116: posts the ante 25
d6d9ceb8: posts the ante 25
a2ab703: posts small blind 80
d6d9ceb8: posts big blind 160
*** HOLE CARDS ***
Dealt to a2ab703 
Dealt to d6d9ceb8 
Dealt to 2c5b1b03 
Dealt to e308ed3f 
Dealt to 77b64116 
Dealt to 7b90c303 
Dealt to dffb574a 
Dealt to Hero [Ad 6s]
2c5b1b03: folds
e308ed3f: folds
77b64116: folds
7b90c303: folds
dffb574a: folds
Hero: raises 160 to 320
a2ab703: calls 240
d6d9ceb8: calls 160
*** FLOP *** [3d Qh 6c]
a2ab703: checks
d6d9ceb8: checks
Hero: bets 383
a2ab703: calls 383
d6d9ceb8: calls 383
*** TURN *** [3d Qh 6c] [Kc]
a2ab703: checks
d6d9ceb8: checks
Hero: checks
*** RIVER *** [3d Qh 6c Kc] [9c]
a2ab703: bets 1,235
d6d9ceb8: calls 1,235
Hero: folds
a2ab703: shows [Ah 8d] (Ace high)
d6d9ceb8: shows [Jd Td] (a straight, King to Nine)
*** SHOWDOWN ***
d6d9ceb8 collected 4,779 from pot
*** SUMMARY ***
Total pot 4,779 | Rake 0 | Jackpot 0 | Bingo 0 | Fortune 0 | Tax 0
Board [3d Qh 6c Kc 9c]
Seat 1: a2ab703 (small blind) showed [Ah 8d] and lost with Ace high
Seat 2: d6d9ceb8 (big blind) showed [Jd Td] and won (4,779) with a straight, King to Nine
Seat 3: 2c5b1b03 folded before Flop
Seat 4: e308ed3f folded before Flop
Seat 5: 77b64116 folded before Flop
Seat 6: 7b90c303 folded before Flop
Seat 7: dffb574a folded before Flop
Seat 8: Hero (button) folded on the River


Poker Hand #TM5539502924: Tournament #260610223, Bounty Hunters Special $8.88 Hold'em No Limit - Level4(80/160(25)) - 2026/02/02 22:05:53
Table '1' 8-max Seat #7 is the button
Seat 1: a2ab703 (13,237 in chips)
Seat 2: d6d9ceb8 (7,884 in chips)
Seat 3: 2c5b1b03 (8,478 in chips)
Seat 4: e308ed3f (9,436 in chips)
Seat 5: 77b64116 (10,312 in chips)
Seat 6: 7b90c303 (8,912 in chips)
Seat 7: dffb574a (8,525 in chips)
Seat 8: Hero (15,990 in chips)
a2ab703: posts the ante 25
e308ed3f: posts the ante 25
7b90c303: posts the ante 25
Hero: posts the ante 25
dffb574a: posts the ante 25
2c5b1b03: posts the ante 25
77b64116: posts the ante 25
d6d9ceb8: posts the ante 25
Hero: posts small blind 80
a2ab703: posts big blind 160
*** HOLE CARDS ***
Dealt to a2ab703 
Dealt to d6d9ceb8 
Dealt to 2c5b1b03 
Dealt to e308ed3f 
Dealt to 77b64116 
Dealt to 7b90c303 
Dealt to dffb574a 
Dealt to Hero [6c Ac]
d6d9ceb8: folds
2c5b1b03: raises 160 to 320
e308ed3f: folds
77b64116: folds
7b90c303: folds
dffb574a: calls 320
Hero: calls 240
a2ab703: raises 1,800 to 2,120
2c5b1b03: folds
dffb574a: folds
Hero: folds
Uncalled bet (1,800) returned to a2ab703
*** SHOWDOWN ***
a2ab703 collected 1,480 from pot
*** SUMMARY ***
Total pot 1,480 | Rake 0 | Jackpot 0 | Bingo 0 | Fortune 0 | Tax 0
Seat 1: a2ab703 (big blind) collected (1,480)
Seat 2: d6d9ceb8 folded before Flop
Seat 3: 2c5b1b03 folded before Flop
Seat 4: e308ed3f folded before Flop
Seat 5: 77b64116 folded before Flop
Seat 6: 7b90c303 folded before Flop
Seat 7: dffb574a (button) folded before Flop
Seat 8: Hero (small blind) folded before Flop


Poker Hand #TM5539502891: Tournament #260610223, Bounty Hunters Special $8.88 Hold'em No Limit - Level4(80/160(25)) - 2026/02/02 22:05:03
Table '1' 8-max Seat #6 is the button
Seat 1: a2ab703 (13,262 in chips)
Seat 2: d6d9ceb8 (8,709 in chips)
Seat 3: 2c5b1b03 (8,503 in chips)
Seat 4: e308ed3f (9,461 in chips)
Seat 5: 77b64116 (10,337 in chips)
Seat 6: 7b90c303 (8,937 in chips)
Seat 7: dffb574a (8,630 in chips)
Seat 8: Hero (14,935 in chips)
a2ab703: posts the ante 25
e308ed3f: posts the ante 25
7b90c303: posts the ante 25
Hero: posts the ante 25
dffb574a: posts the ante 25
2c5b1b03: posts the ante 25
77b64116: posts the ante 25
d6d9ceb8: posts the ante 25
dffb574a: posts small blind 80
Hero: posts big blind 160
*** HOLE CARDS ***
Dealt to a2ab703 
Dealt to d6d9ceb8 
Dealt to 2c5b1b03 
Dealt to e308ed3f 
Dealt to 77b64116 
Dealt to 7b90c303 
Dealt to dffb574a 
Dealt to Hero [Ad Qd]
a2ab703: folds
d6d9ceb8: calls 160
2c5b1b03: folds
e308ed3f: folds
77b64116: folds
7b90c303: folds
dffb574a: folds
Hero: raises 640 to 800
d6d9ceb8: calls 640
*** FLOP *** [Jc 8c Ah]
Hero: bets 940
d6d9ceb8: folds
Uncalled bet (940) returned to Hero
*** SHOWDOWN ***
Hero collected 1,880 from pot
*** SUMMARY ***
Total pot 1,880 | Rake 0 | Jackpot 0 | Bingo 0 | Fortune 0 | Tax 0
Board [Jc 8c Ah]
Seat 1: a2ab703 folded before Flop
Seat 2: d6d9ceb8 folded on the Flop
Seat 3: 2c5b1b03 folded before Flop
Seat 4: e308ed3f folded before Flop
Seat 5: 77b64116 folded before Flop
Seat 6: 7b90c303 (button) folded before Flop
Seat 7: dffb574a (small blind) folded before Flop
Seat 8: Hero (big blind) won (1,880)


Poker Hand #TM5539502860: Tournament #260610223, Bounty Hunters Special $8.88 Hold'em No Limit - Level4(80/160(25)) - 2026/02/02 22:03:57
Table '1' 8-max Seat #5 is the button
Seat 1: a2ab703 (13,287 in chips)
Seat 2: d6d9ceb8 (8,734 in chips)
Seat 3: 2c5b1b03 (8,528 in chips)
Seat 4: e308ed3f (9,822 in chips)
Seat 5: 77b64116 (10,698 in chips)
Seat 6: 7b90c303 (9,042 in chips)
Seat 7: dffb574a (7,703 in chips)
Seat 8: Hero (14,960 in chips)
a2ab703: posts the ante 25
e308ed3f: posts the ante 25
7b90c303: posts the ante 25
Hero: posts the ante 25
dffb574a: posts the ante 25
2c5b1b03: posts the ante 25
77b64116: posts the ante 25
d6d9ceb8: posts the ante 25
7b90c303: posts small blind 80
dffb574a: posts big blind 160
*** HOLE CARDS ***
Dealt to a2ab703 
Dealt to d6d9ceb8 
Dealt to 2c5b1b03 
Dealt to e308ed3f 
Dealt to 77b64116 
Dealt to 7b90c303 
Dealt to dffb574a 
Dealt to Hero [Td Jh]
Hero: folds
a2ab703: folds
d6d9ceb8: folds
2c5b1b03: folds
e308ed3f: raises 176 to 336
77b64116: calls 336
7b90c303: folds
dffb574a: calls 176
*** FLOP *** [9h 2h 7c]
dffb574a: checks
e308ed3f: checks
77b64116: checks
*** TURN *** [9h 2h 7c] [2s]
dffb574a: bets 1,070
e308ed3f: folds
77b64116: folds
Uncalled bet (1,070) returned to dffb574a
*** SHOWDOWN ***
dffb574a collected 1,288 from pot
*** SUMMARY ***
Total pot 1,288 | Rake 0 | Jackpot 0 | Bingo 0 | Fortune 0 | Tax 0
Board [9h 2h 7c 2s]
Seat 1: a2ab703 folded before Flop
Seat 2: d6d9ceb8 folded before Flop
Seat 3: 2c5b1b03 folded before Flop
Seat 4: e308ed3f folded on the Turn
Seat 5: 77b64116 (button) folded on the Turn
Seat 6: 7b90c303 (small blind) folded before Flop
Seat 7: dffb574a (big blind) won (1,288)
Seat 8: Hero folded before Flop


Poker Hand #TM5539502828: Tournament #260610223, Bounty Hunters Special $8.88 Hold'em No Limit - Level4(80/160(25)) - 2026/02/02 22:03:05
Table '1' 8-max Seat #4 is the button
Seat 1: a2ab703 (13,312 in chips)
Seat 2: d6d9ceb8 (9,079 in chips)
Seat 3: 2c5b1b03 (8,553 in chips)
Seat 4: e308ed3f (9,847 in chips)
Seat 5: 77b64116 (10,803 in chips)
Seat 6: 7b90c303 (9,227 in chips)
Seat 7: dffb574a (7,728 in chips)
Seat 8: Hero (14,225 in chips)
a2ab703: posts the ante 25
e308ed3f: posts the ante 25
7b90c303: posts the ante 25
Hero: posts the ante 25
dffb574a: posts the ante 25
2c5b1b03: posts the ante 25
77b64116: posts the ante 25
d6d9ceb8: posts the ante 25
77b64116: posts small blind 80
7b90c303: posts big blind 160
*** HOLE CARDS ***
Dealt to a2ab703 
Dealt to d6d9ceb8 
Dealt to 2c5b1b03 
Dealt to e308ed3f 
Dealt to 77b64116 
Dealt to 7b90c303 
Dealt to dffb574a 
Dealt to Hero [As Qh]
dffb574a: folds
Hero: raises 160 to 320
a2ab703: folds
d6d9ceb8: calls 320
2c5b1b03: folds
e308ed3f: folds
77b64116: folds
7b90c303: folds
*** FLOP *** [5d 3h 2h]
Hero: checks
d6d9ceb8: checks
*** TURN *** [5d 3h 2h] [8c]
Hero: checks
d6d9ceb8: checks
*** RIVER *** [5d 3h 2h 8c] [Ks]
Hero: checks
d6d9ceb8: checks
Hero: shows [As Qh] (Ace high)
d6d9ceb8: shows [Ac Js] (Ace high)
*** SHOWDOWN ***
Hero collected 1,080 from pot
*** SUMMARY ***
Total pot 1,080 | Rake 0 | Jackpot 0 | Bingo 0 | Fortune 0 | Tax 0
Board [5d 3h 2h 8c Ks]
Seat 1: a2ab703 folded before Flop
Seat 2: d6d9ceb8 showed [Ac Js] and lost with Ace high
Seat 3: 2c5b1b03 folded before Flop
Seat 4: e308ed3f (button) folded before Flop
Seat 5: 77b64116 (small blind) folded before Flop
Seat 6: 7b90c303 (big blind) folded before Flop
Seat 7: dffb574a folded before Flop
Seat 8: Hero showed [As Qh] and won (1,080) with Ace high


Poker Hand #TM5539502731: Tournament #260610223, Bounty Hunters Special $8.88 Hold'em No Limit - Level4(80/160(25)) - 2026/02/02 21:54:00
Table '1' 8-max Seat #3 is the button
Seat 1: a2ab703 (13,337 in chips)
Seat 2: d6d9ceb8 (9,104 in chips)
Seat 3: 2c5b1b03 (8,578 in chips)
Seat 4: e308ed3f (10,500 in chips)
Seat 5: 77b64116 (10,000 in chips)
Seat 6: 7b90c303 (9,252 in chips)
Seat 7: dffb574a (7,753 in chips)
Seat 8: Hero (14,250 in chips)
a2ab703: posts the ante 25
e308ed3f: posts the ante 25
7b90c303: posts the ante 25
Hero: posts the ante 25
dffb574a: posts the ante 25
2c5b1b03: posts the ante 25
77b64116: posts the ante 25
d6d9ceb8: posts the ante 25
e308ed3f: posts small blind 80
77b64116: posts big blind 160
*** HOLE CARDS ***
Dealt to a2ab703 
Dealt to d6d9ceb8 
Dealt to 2c5b1b03 
Dealt to e308ed3f 
Dealt to 77b64116 
Dealt to 7b90c303 
Dealt to dffb574a 
Dealt to Hero [2c Qd]
7b90c303: folds
dffb574a: folds
Hero: folds
a2ab703: folds
d6d9ceb8: folds
2c5b1b03: folds
e308ed3f: calls 80
77b64116: raises 468 to 628
e308ed3f: calls 468
*** FLOP *** [Th 8c 3h]
e308ed3f: checks
77b64116: checks
*** TURN *** [Th 8c 3h] [Kh]
e308ed3f: checks
77b64116: bets 960
e308ed3f: folds
Uncalled bet (960) returned to 77b64116
*** SHOWDOWN ***
77b64116 collected 1,456 from pot
*** SUMMARY ***
Total pot 1,456 | Rake 0 | Jackpot 0 | Bingo 0 | Fortune 0 | Tax 0
Board [Th 8c 3h Kh]
Seat 1: a2ab703 folded before Flop
Seat 2: d6d9ceb8 folded before Flop
Seat 3: 2c5b1b03 (button) folded before Flop
Seat 4: e308ed3f (small blind) folded on the Turn
Seat 5: 77b64116 (big blind) won (1,456)
Seat 6: 7b90c303 folded before Flop
Seat 7: dffb574a folded before Flop
Seat 8: Hero folded before Flop


Poker Hand #TM5539502720: Tournament #260610223, Bounty Hunters Special $8.88 Hold'em No Limit - Level3(70/140(20)) - 2026/02/02 21:53:32
Table '1' 8-max Seat #2 is the button
Seat 1: a2ab703 (13,357 in chips)
Seat 2: d6d9ceb8 (9,124 in chips)
Seat 3: 2c5b1b03 (8,668 in chips)
Seat 4: e308ed3f (10,310 in chips)
Seat 6: 7b90c303 (9,272 in chips)
Seat 7: dffb574a (7,773 in chips)
Seat 8: Hero (14,270 in chips)
a2ab703: posts the ante 20
e308ed3f: posts the ante 20
7b90c303: posts the ante 20
Hero: posts the ante 20
dffb574a: posts the ante 20
2c5b1b03: posts the ante 20
d6d9ceb8: posts the ante 20
2c5b1b03: posts small blind 70
e308ed3f: posts big blind 140
*** HOLE CARDS ***
Dealt to a2ab703 
Dealt to d6d9ceb8 
Dealt to 2c5b1b03 
Dealt to e308ed3f 
Dealt to 7b90c303 
Dealt to dffb574a 
Dealt to Hero [Qs 8d]
7b90c303: folds
dffb574a: folds
Hero: folds
a2ab703: folds
d6d9ceb8: folds
2c5b1b03: folds
Uncalled bet (70) returned to e308ed3f
*** SHOWDOWN ***
e308ed3f collected 280 from pot
*** SUMMARY ***
Total pot 280 | Rake 0 | Jackpot 0 | Bingo 0 | Fortune 0 | Tax 0
Seat 1: a2ab703 folded before Flop
Seat 2: d6d9ceb8 (button) folded before Flop
Seat 3: 2c5b1b03 (small blind) folded before Flop
Seat 4: e308ed3f (big blind) collected (280)
Seat 6: 7b90c303 folded before Flop
Seat 7: dffb574a folded before Flop
Seat 8: Hero folded before Flop


Poker Hand #TM5539502681: Tournament #260610223, Bounty Hunters Special $8.88 Hold'em No Limit - Level3(70/140(20)) - 2026/02/02 21:51:56
Table '1' 8-max Seat #1 is the button
Seat 1: a2ab703 (13,377 in chips)
Seat 2: d6d9ceb8 (9,840 in chips)
Seat 3: 2c5b1b03 (9,384 in chips)
Seat 4: e308ed3f (8,518 in chips)
Seat 6: 7b90c303 (9,292 in chips)
Seat 7: dffb574a (7,793 in chips)
Seat 8: Hero (14,570 in chips)
a2ab703: posts the ante 20
e308ed3f: posts the ante 20
7b90c303: posts the ante 20
Hero: posts the ante 20
dffb574a: posts the ante 20
2c5b1b03: posts the ante 20
d6d9ceb8: posts the ante 20
d6d9ceb8: posts small blind 70
2c5b1b03: posts big blind 140
*** HOLE CARDS ***
Dealt to a2ab703 
Dealt to d6d9ceb8 
Dealt to 2c5b1b03 
Dealt to e308ed3f 
Dealt to 7b90c303 
Dealt to dffb574a 
Dealt to Hero [6s 9s]
e308ed3f: raises 140 to 280
7b90c303: folds
dffb574a: folds
Hero: calls 280
a2ab703: folds
d6d9ceb8: calls 210
2c5b1b03: calls 140
*** FLOP *** [2d Qd Jc]
d6d9ceb8: checks
2c5b1b03: checks
e308ed3f: bets 416
Hero: folds
d6d9ceb8: calls 416
2c5b1b03: calls 416
*** TURN *** [2d Qd Jc] [6c]
d6d9ceb8: checks
2c5b1b03: checks
e308ed3f: checks
*** RIVER *** [2d Qd Jc 6c] [Js]
d6d9ceb8: checks
2c5b1b03: checks
e308ed3f: bets 828
d6d9ceb8: folds
2c5b1b03: folds
Uncalled bet (828) returned to e308ed3f
*** SHOWDOWN ***
e308ed3f collected 2,508 from pot
*** SUMMARY ***
Total pot 2,508 | Rake 0 | Jackpot 0 | Bingo 0 | Fortune 0 | Tax 0
Board [2d Qd Jc 6c Js]
Seat 1: a2ab703 (button) folded before Flop
Seat 2: d6d9ceb8 (small blind) folded on the River
Seat 3: 2c5b1b03 (big blind) folded on the River
Seat 4: e308ed3f won (2,508)
Seat 6: 7b90c303 folded before Flop
Seat 7: dffb574a folded before Flop
Seat 8: Hero folded on the Flop


Poker Hand #TM5539502672: Tournament #260610223, Bounty Hunters Special $8.88 Hold'em No Limit - Level3(70/140(20)) - 2026/02/02 21:51:29
Table '1' 8-max Seat #8 is the button
Seat 1: a2ab703 (13,467 in chips)
Seat 2: d6d9ceb8 (10,000 in chips)
Seat 3: 2c5b1b03 (9,404 in chips)
Seat 4: e308ed3f (8,168 in chips)
Seat 5: 2eba216f (11,824 in chips)
Seat 6: 7b90c303 (9,312 in chips)
Seat 7: dffb574a (7,813 in chips)
Seat 8: Hero (14,590 in chips)
a2ab703: posts the ante 20
e308ed3f: posts the ante 20
7b90c303: posts the ante 20
Hero: posts the ante 20
dffb574a: posts the ante 20
2eba216f: posts the ante 20
2c5b1b03: posts the ante 20
d6d9ceb8: posts the ante 20
a2ab703: posts small blind 70
d6d9ceb8: posts big blind 140
*** HOLE CARDS ***
Dealt to a2ab703 
Dealt to d6d9ceb8 
Dealt to 2c5b1b03 
Dealt to e308ed3f 
Dealt to 2eba216f 
Dealt to 7b90c303 
Dealt to dffb574a 
Dealt to Hero [Kh 5s]
2c5b1b03: folds
e308ed3f: raises 140 to 280
2eba216f: folds
7b90c303: folds
dffb574a: folds
Hero: folds
a2ab703: folds
d6d9ceb8: folds
Uncalled bet (140) returned to e308ed3f
*** SHOWDOWN ***
e308ed3f collected 510 from pot
*** SUMMARY ***
Total pot 510 | Rake 0 | Jackpot 0 | Bingo 0 | Fortune 0 | Tax 0
Seat 1: a2ab703 (small blind) folded before Flop
Seat 2: d6d9ceb8 (big blind) folded before Flop
Seat 3: 2c5b1b03 folded before Flop
Seat 4: e308ed3f collected (510)
Seat 5: 2eba216f folded before Flop
Seat 6: 7b90c303 folded before Flop
Seat 7: dffb574a folded before Flop
Seat 8: Hero (button) folded before Flop


Poker Hand #TM5539502660: Tournament #260610223, Bounty Hunters Special $8.88 Hold'em No Limit - Level3(70/140(20)) - 2026/02/02 21:51:05
Table '1' 8-max Seat #7 is the button
Seat 1: a2ab703 (13,627 in chips)
Seat 2: c69f6d41 (15,244 in chips)
Seat 3: 2c5b1b03 (9,424 in chips)
Seat 4: e308ed3f (8,188 in chips)
Seat 5: 2eba216f (11,844 in chips)
Seat 6: 7b90c303 (9,332 in chips)
Seat 7: dffb574a (7,833 in chips)
Seat 8: Hero (14,310 in chips)
a2ab703: posts the ante 20
e308ed3f: posts the ante 20
7b90c303: posts the ante 20
Hero: posts the ante 20
dffb574a: posts the ante 20
2eba216f: posts the ante 20
c69f6d41: posts the ante 20
2c5b1b03: posts the ante 20
Hero: posts small blind 70
a2ab703: posts big blind 140
*** HOLE CARDS ***
Dealt to a2ab703 
Dealt to c69f6d41 
Dealt to 2c5b1b03 
Dealt to e308ed3f 
Dealt to 2eba216f 
Dealt to 7b90c303 
Dealt to dffb574a 
Dealt to Hero [Kc 6c]
c69f6d41: folds
2c5b1b03: folds
e308ed3f: folds
2eba216f: folds
7b90c303: folds
dffb574a: folds
Hero: raises 280 to 420
a2ab703: folds
Uncalled bet (280) returned to Hero
*** SHOWDOWN ***
Hero collected 440 from pot
*** SUMMARY ***
Total pot 440 | Rake 0 | Jackpot 0 | Bingo 0 | Fortune 0 | Tax 0
Seat 1: a2ab703 (big blind) folded before Flop
Seat 2: c69f6d41 folded before Flop
Seat 3: 2c5b1b03 folded before Flop
Seat 4: e308ed3f folded before Flop
Seat 5: 2eba216f folded before Flop
Seat 6: 7b90c303 folded before Flop
Seat 7: dffb574a (button) folded before Flop
Seat 8: Hero (small blind) collected (440)


Poker Hand #TM5539502639: Tournament #260610223, Bounty Hunters Special $8.88 Hold'em No Limit - Level3(70/140(20)) - 2026/02/02 21:50:13
Table '1' 8-max Seat #6 is the button
Seat 1: a2ab703 (13,647 in chips)
Seat 2: c69f6d41 (15,264 in chips)
Seat 3: 2c5b1b03 (9,444 in chips)
Seat 4: e308ed3f (7,437 in chips)
Seat 5: 2eba216f (11,864 in chips)
Seat 6: 7b90c303 (9,352 in chips)
Seat 7: dffb574a (7,923 in chips)
Seat 8: Hero (14,871 in chips)
a2ab703: posts the ante 20
e308ed3f: posts the ante 20
7b90c303: posts the ante 20
Hero: posts the ante 20
2eba216f: posts the ante 20
c69f6d41: posts the ante 20
dffb574a: posts the ante 20
2c5b1b03: posts the ante 20
dffb574a: posts small blind 70
Hero: posts big blind 140
*** HOLE CARDS ***
Dealt to a2ab703 
Dealt to c69f6d41 
Dealt to 2c5b1b03 
Dealt to e308ed3f 
Dealt to 2eba216f 
Dealt to 7b90c303 
Dealt to dffb574a 
Dealt to Hero [7s 8c]
a2ab703: folds
c69f6d41: folds
2c5b1b03: folds
e308ed3f: raises 140 to 280
2eba216f: folds
7b90c303: folds
dffb574a: folds
Hero: calls 140
*** FLOP *** [8h Ts Jd]
Hero: checks
e308ed3f: bets 261
Hero: calls 261
*** TURN *** [8h Ts Jd] [2c]
Hero: checks
e308ed3f: bets 984
Hero: folds
Uncalled bet (984) returned to e308ed3f
*** SHOWDOWN ***
e308ed3f collected 1,312 from pot
*** SUMMARY ***
Total pot 1,312 | Rake 0 | Jackpot 0 | Bingo 0 | Fortune 0 | Tax 0
Board [8h Ts Jd 2c]
Seat 1: a2ab703 folded before Flop
Seat 2: c69f6d41 folded before Flop
Seat 3: 2c5b1b03 folded before Flop
Seat 4: e308ed3f won (1,312)
Seat 5: 2eba216f folded before Flop
Seat 6: 7b90c303 (button) folded before Flop
Seat 7: dffb574a (small blind) folded before Flop
Seat 8: Hero (big blind) folded on the Turn


Poker Hand #TM5539502620: Tournament #260610223, Bounty Hunters Special $8.88 Hold'em No Limit - Level3(70/140(20)) - 2026/02/02 21:49:27
Table '1' 8-max Seat #5 is the button
Seat 1: a2ab703 (13,667 in chips)
Seat 2: c69f6d41 (15,284 in chips)
Seat 3: 2c5b1b03 (9,464 in chips)
Seat 4: e308ed3f (7,737 in chips)
Seat 5: 2eba216f (11,884 in chips)
Seat 6: 7b90c303 (9,442 in chips)
Seat 7: dffb574a (8,223 in chips)
Seat 8: Hero (14,101 in chips)
a2ab703: posts the ante 20
e308ed3f: posts the ante 20
7b90c303: posts the ante 20
Hero: posts the ante 20
2eba216f: posts the ante 20
c69f6d41: posts the ante 20
dffb574a: posts the ante 20
2c5b1b03: posts the ante 20
7b90c303: posts small blind 70
dffb574a: posts big blind 140
*** HOLE CARDS ***
Dealt to a2ab703 
Dealt to c69f6d41 
Dealt to 2c5b1b03 
Dealt to e308ed3f 
Dealt to 2eba216f 
Dealt to 7b90c303 
Dealt to dffb574a 
Dealt to Hero [6h Th]
Hero: raises 140 to 280
a2ab703: folds
c69f6d41: folds
2c5b1b03: folds
e308ed3f: calls 280
2eba216f: folds
7b90c303: folds
dffb574a: calls 140
*** FLOP *** [4h Tc 5d]
dffb574a: checks
Hero: bets 535
e308ed3f: folds
dffb574a: folds
Uncalled bet (535) returned to Hero
*** SHOWDOWN ***
Hero collected 1,070 from pot
*** SUMMARY ***
Total pot 1,070 | Rake 0 | Jackpot 0 | Bingo 0 | Fortune 0 | Tax 0
Board [4h Tc 5d]
Seat 1: a2ab703 folded before Flop
Seat 2: c69f6d41 folded before Flop
Seat 3: 2c5b1b03 folded before Flop
Seat 4: e308ed3f folded on the Flop
Seat 5: 2eba216f (button) folded before Flop
Seat 6: 7b90c303 (small blind) folded before Flop
Seat 7: dffb574a (big blind) folded on the Flop
Seat 8: Hero won (1,070)


Poker Hand #TM5539502589: Tournament #260610223, Bounty Hunters Special $8.88 Hold'em No Limit - Level3(70/140(20)) - 2026/02/02 21:48:04
Table '1' 8-max Seat #4 is the button
Seat 1: a2ab703 (10,812 in chips)
Seat 2: c69f6d41 (15,304 in chips)
Seat 3: 2c5b1b03 (9,764 in chips)
Seat 4: e308ed3f (9,772 in chips)
Seat 5: 2eba216f (12,184 in chips)
Seat 6: 7b90c303 (9,602 in chips)
Seat 7: dffb574a (8,243 in chips)
Seat 8: Hero (14,121 in chips)
a2ab703: posts the ante 20
e308ed3f: posts the ante 20
7b90c303: posts the ante 20
Hero: posts the ante 20
c69f6d41: posts the ante 20
dffb574a: posts the ante 20
2eba216f: posts the ante 20
2c5b1b03: posts the ante 20
2eba216f: posts small blind 70
7b90c303: posts big blind 140
*** HOLE CARDS ***
Dealt to a2ab703 
Dealt to c69f6d41 
Dealt to 2c5b1b03 
Dealt to e308ed3f 
Dealt to 2eba216f 
Dealt to 7b90c303 
Dealt to dffb574a 
Dealt to Hero [Ks 4s]
dffb574a: folds
Hero: folds
a2ab703: raises 140 to 280
c69f6d41: folds
2c5b1b03: calls 280
e308ed3f: calls 280
2eba216f: calls 210
7b90c303: folds
*** FLOP *** [4d 8h Kh]
2eba216f: checks
a2ab703: bets 425
2c5b1b03: folds
e308ed3f: raises 1,310 to 1,735
2eba216f: folds
a2ab703: raises 8,777 to 10,512 and is all-in
e308ed3f: folds
Uncalled bet (8,777) returned to a2ab703
*** SHOWDOWN ***
a2ab703 collected 4,890 from pot
*** SUMMARY ***
Total pot 4,890 | Rake 0 | Jackpot 0 | Bingo 0 | Fortune 0 | Tax 0
Board [4d 8h Kh]
Seat 1: a2ab703 won (4,890)
Seat 2: c69f6d41 folded before Flop
Seat 3: 2c5b1b03 folded on the Flop
Seat 4: e308ed3f (button) folded on the Flop
Seat 5: 2eba216f (small blind) folded on the Flop
Seat 6: 7b90c303 (big blind) folded before Flop
Seat 7: dffb574a folded before Flop
Seat 8: Hero folded before Flop


Poker Hand #TM5539502569: Tournament #260610223, Bounty Hunters Special $8.88 Hold'em No Limit - Level3(70/140(20)) - 2026/02/02 21:47:14
Table '1' 8-max Seat #3 is the button
Seat 1: a2ab703 (10,832 in chips)
Seat 2: c69f6d41 (16,304 in chips)
Seat 3: 2c5b1b03 (9,784 in chips)
Seat 4: e308ed3f (9,862 in chips)
Seat 5: 2eba216f (12,344 in chips)
Seat 6: 7b90c303 (9,622 in chips)
Seat 7: dffb574a (8,263 in chips)
Seat 8: Hero (12,791 in chips)
a2ab703: posts the ante 20
e308ed3f: posts the ante 20
7b90c303: posts the ante 20
Hero: posts the ante 20
c69f6d41: posts the ante 20
dffb574a: posts the ante 20
2eba216f: posts the ante 20
2c5b1b03: posts the ante 20
e308ed3f: posts small blind 70
2eba216f: posts big blind 140
*** HOLE CARDS ***
Dealt to a2ab703 
Dealt to c69f6d41 
Dealt to 2c5b1b03 
Dealt to e308ed3f 
Dealt to 2eba216f 
Dealt to 7b90c303 
Dealt to dffb574a 
Dealt to Hero [Ad Qd]
7b90c303: folds
dffb574a: folds
Hero: raises 140 to 280
a2ab703: folds
c69f6d41: raises 700 to 980
2c5b1b03: folds
e308ed3f: folds
2eba216f: folds
Hero: raises 2,330 to 3,310
c69f6d41: folds
Uncalled bet (2,330) returned to Hero
*** SHOWDOWN ***
Hero collected 2,330 from pot
*** SUMMARY ***
Total pot 2,330 | Rake 0 | Jackpot 0 | Bingo 0 | Fortune 0 | Tax 0
Seat 1: a2ab703 folded before Flop
Seat 2: c69f6d41 folded before Flop
Seat 3: 2c5b1b03 (button) folded before Flop
Seat 4: e308ed3f (small blind) folded before Flop
Seat 5: 2eba216f (big blind) folded before Flop
Seat 6: 7b90c303 folded before Flop
Seat 7: dffb574a folded before Flop
Seat 8: Hero collected (2,330)


Poker Hand #TM5539502538: Tournament #260610223, Bounty Hunters Special $8.88 Hold'em No Limit - Level2(60/120(18)) - 2026/02/02 21:45:49
Table '1' 8-max Seat #2 is the button
Seat 1: a2ab703 (10,850 in chips)
Seat 2: c69f6d41 (14,318 in chips)
Seat 3: 2c5b1b03 (9,862 in chips)
Seat 4: e308ed3f (10,000 in chips)
Seat 5: 2eba216f (14,042 in chips)
Seat 6: 7b90c303 (9,640 in chips)
Seat 7: dffb574a (8,281 in chips)
Seat 8: Hero (12,809 in chips)
a2ab703: posts the ante 18
e308ed3f: posts the ante 18
7b90c303: posts the ante 18
Hero: posts the ante 18
c69f6d41: posts the ante 18
dffb574a: posts the ante 18
2eba216f: posts the ante 18
2c5b1b03: posts the ante 18
2c5b1b03: posts small blind 60
e308ed3f: posts big blind 120
*** HOLE CARDS ***
Dealt to a2ab703 
Dealt to c69f6d41 
Dealt to 2c5b1b03 
Dealt to e308ed3f 
Dealt to 2eba216f 
Dealt to 7b90c303 
Dealt to dffb574a 
Dealt to Hero [7h 2d]
2eba216f: raises 120 to 240
7b90c303: folds
dffb574a: folds
Hero: folds
a2ab703: folds
c69f6d41: calls 240
2c5b1b03: folds
e308ed3f: folds
*** FLOP *** [9c Kc As]
2eba216f: checks
c69f6d41: checks
*** TURN *** [9c Kc As] [9s]
2eba216f: bets 300
c69f6d41: raises 1,140 to 1,440
2eba216f: calls 1,140
*** RIVER *** [9c Kc As 9s] [Ts]
2eba216f: checks
c69f6d41: bets 2,400
2eba216f: folds
Uncalled bet (2,400) returned to c69f6d41
*** SHOWDOWN ***
c69f6d41 collected 3,684 from pot
*** SUMMARY ***
Total pot 3,684 | Rake 0 | Jackpot 0 | Bingo 0 | Fortune 0 | Tax 0
Board [9c Kc As 9s Ts]
Seat 1: a2ab703 folded before Flop
Seat 2: c69f6d41 (button) won (3,684)
Seat 3: 2c5b1b03 (small blind) folded before Flop
Seat 4: e308ed3f (big blind) folded before Flop
Seat 5: 2eba216f folded on the River
Seat 6: 7b90c303 folded before Flop
Seat 7: dffb574a folded before Flop
Seat 8: Hero folded before Flop


Poker Hand #TM5539502523: Tournament #260610223, Bounty Hunters Special $8.88 Hold'em No Limit - Level2(60/120(18)) - 2026/02/02 21:45:16
Table '1' 8-max Seat #1 is the button
Seat 1: a2ab703 (10,868 in chips)
Seat 2: c69f6d41 (14,090 in chips)
Seat 3: 2c5b1b03 (10,000 in chips)
Seat 5: 2eba216f (14,060 in chips)
Seat 6: 7b90c303 (9,658 in chips)
Seat 7: dffb574a (8,299 in chips)
Seat 8: Hero (12,827 in chips)
a2ab703: posts the ante 18
7b90c303: posts the ante 18
Hero: posts the ante 18
dffb574a: posts the ante 18
2eba216f: posts the ante 18
c69f6d41: posts the ante 18
2c5b1b03: posts the ante 18
c69f6d41: posts small blind 60
2c5b1b03: posts big blind 120
*** HOLE CARDS ***
Dealt to a2ab703 
Dealt to c69f6d41 
Dealt to 2c5b1b03 
Dealt to 2eba216f 
Dealt to 7b90c303 
Dealt to dffb574a 
Dealt to Hero [Qh 6c]
2eba216f: folds
7b90c303: folds
dffb574a: folds
Hero: folds
a2ab703: folds
c69f6d41: raises 300 to 420
2c5b1b03: folds
Uncalled bet (300) returned to c69f6d41
*** SHOWDOWN ***
c69f6d41 collected 366 from pot
*** SUMMARY ***
Total pot 366 | Rake 0 | Jackpot 0 | Bingo 0 | Fortune 0 | Tax 0
Seat 1: a2ab703 (button) folded before Flop
Seat 2: c69f6d41 (small blind) collected (366)
Seat 3: 2c5b1b03 (big blind) folded before Flop
Seat 5: 2eba216f folded before Flop
Seat 6: 7b90c303 folded before Flop
Seat 7: dffb574a folded before Flop
Seat 8: Hero folded before Flop


Poker Hand #TM5539502505: Tournament #260610223, Bounty Hunters Special $8.88 Hold'em No Limit - Level2(60/120(18)) - 2026/02/02 21:44:27
Table '1' 8-max Seat #8 is the button
Seat 1: a2ab703 (9,680 in chips)
Seat 2: c69f6d41 (15,188 in chips)
Seat 4: d5e0e6be (7,427 in chips)
Seat 5: 2eba216f (14,078 in chips)
Seat 6: 7b90c303 (9,676 in chips)
Seat 7: dffb574a (8,317 in chips)
Seat 8: Hero (12,845 in chips)
a2ab703: posts the ante 18
7b90c303: posts the ante 18
d5e0e6be: posts the ante 18
Hero: posts the ante 18
dffb574a: posts the ante 18
2eba216f: posts the ante 18
c69f6d41: posts the ante 18
a2ab703: posts small blind 60
c69f6d41: posts big blind 120
*** HOLE CARDS ***
Dealt to a2ab703 
Dealt to c69f6d41 
Dealt to d5e0e6be 
Dealt to 2eba216f 
Dealt to 7b90c303 
Dealt to dffb574a 
Dealt to Hero [7d 5s]
d5e0e6be: folds
2eba216f: folds
7b90c303: folds
dffb574a: folds
Hero: folds
a2ab703: raises 180 to 300
c69f6d41: raises 780 to 1,080
a2ab703: raises 8,582 to 9,662 and is all-in
c69f6d41: folds
Uncalled bet (8,582) returned to a2ab703
*** SHOWDOWN ***
a2ab703 collected 2,286 from pot
*** SUMMARY ***
Total pot 2,286 | Rake 0 | Jackpot 0 | Bingo 0 | Fortune 0 | Tax 0
Seat 1: a2ab703 (small blind) collected (2,286)
Seat 2: c69f6d41 (big blind) folded before Flop
Seat 4: d5e0e6be folded before Flop
Seat 5: 2eba216f folded before Flop
Seat 6: 7b90c303 folded before Flop
Seat 7: dffb574a folded before Flop
Seat 8: Hero (button) folded before Flop


Poker Hand #TM5539502493: Tournament #260610223, Bounty Hunters Special $8.88 Hold'em No Limit - Level2(60/120(18)) - 2026/02/02 21:43:43
Table '1' 8-max Seat #7 is the button
Seat 1: a2ab703 (9,818 in chips)
Seat 2: c69f6d41 (15,206 in chips)
Seat 3: 4b0ef601 (4,251 in chips)
Seat 4: d5e0e6be (7,445 in chips)
Seat 5: 2eba216f (14,096 in chips)
Seat 6: 7b90c303 (9,694 in chips)
Seat 7: dffb574a (8,335 in chips)
Seat 8: Hero (8,366 in chips)
a2ab703: posts the ante 18
7b90c303: posts the ante 18
d5e0e6be: posts the ante 18
Hero: posts the ante 18
dffb574a: posts the ante 18
2eba216f: posts the ante 18
c69f6d41: posts the ante 18
4b0ef601: posts the ante 18
Hero: posts small blind 60
a2ab703: posts big blind 120
*** HOLE CARDS ***
Dealt to a2ab703 
Dealt to c69f6d41 
Dealt to 4b0ef601 
Dealt to d5e0e6be 
Dealt to 2eba216f 
Dealt to 7b90c303 
Dealt to dffb574a 
Dealt to Hero [8c Qh]
c69f6d41: folds
4b0ef601: raises 4,113 to 4,233 and is all-in
d5e0e6be: folds
2eba216f: folds
7b90c303: folds
dffb574a: folds
Hero: raises 4,115 to 8,348 and is all-in
a2ab703: folds
Uncalled bet (4,115) returned to Hero
Hero: shows [8c Qh]
4b0ef601: shows [Ah Td]
*** FLOP *** [Jc Jd 4s]
*** TURN *** [Jc Jd 4s] [Qs]
*** RIVER *** [Jc Jd 4s Qs] [4d]
*** SHOWDOWN ***
Hero collected 8,730 from pot
*** SUMMARY ***
Total pot 8,730 | Rake 0 | Jackpot 0 | Bingo 0 | Fortune 0 | Tax 0
Board [Jc Jd 4s Qs 4d]
Seat 1: a2ab703 (big blind) folded before Flop
Seat 2: c69f6d41 folded before Flop
Seat 3: 4b0ef601 showed [Ah Td] and lost with two pair, Jacks and Fours
Seat 4: d5e0e6be folded before Flop
Seat 5: 2eba216f folded before Flop
Seat 6: 7b90c303 folded before Flop
Seat 7: dffb574a (button) folded before Flop
Seat 8: Hero (small blind) showed [8c Qh] and won (8,730) with two pair, Queens and Jacks


Poker Hand #TM5539502476: Tournament #260610223, Bounty Hunters Special $8.88 Hold'em No Limit - Level2(60/120(18)) - 2026/02/02 21:42:40
Table '1' 8-max Seat #6 is the button
Seat 1: a2ab703 (9,836 in chips)
Seat 2: c69f6d41 (15,224 in chips)
Seat 3: 4b0ef601 (8,200 in chips)
Seat 4: d5e0e6be (7,463 in chips)
Seat 5: 2eba216f (14,114 in chips)
Seat 6: 7b90c303 (9,712 in chips)
Seat 7: dffb574a (8,713 in chips)
Seat 8: Hero (3,949 in chips)
a2ab703: posts the ante 18
7b90c303: posts the ante 18
d5e0e6be: posts the ante 18
Hero: posts the ante 18
2eba216f: posts the ante 18
c69f6d41: posts the ante 18
dffb574a: posts the ante 18
4b0ef601: posts the ante 18
dffb574a: posts small blind 60
Hero: posts big blind 120
*** HOLE CARDS ***
Dealt to a2ab703 
Dealt to c69f6d41 
Dealt to 4b0ef601 
Dealt to d5e0e6be 
Dealt to 2eba216f 
Dealt to 7b90c303 
Dealt to dffb574a 
Dealt to Hero [As 9c]
a2ab703: folds
c69f6d41: folds
4b0ef601: raises 240 to 360
d5e0e6be: folds
2eba216f: folds
7b90c303: folds
dffb574a: calls 300
Hero: raises 3,571 to 3,931 and is all-in
4b0ef601: raises 4,251 to 8,182 and is all-in
dffb574a: folds
Uncalled bet (4,251) returned to 4b0ef601
4b0ef601: shows [8d 2d]
Hero: shows [As 9c]
*** FLOP *** [Qs 6c 9d]
*** TURN *** [Qs 6c 9d] [6d]
*** RIVER *** [Qs 6c 9d 6d] [Jc]
dffb574a: shows [Qc] (two pair, Queens and Sixes)
*** SHOWDOWN ***
Hero collected 8,366 from pot
*** SUMMARY ***
Total pot 8,366 | Rake 0 | Jackpot 0 | Bingo 0 | Fortune 0 | Tax 0
Board [Qs 6c 9d 6d Jc]
Seat 1: a2ab703 folded before Flop
Seat 2: c69f6d41 folded before Flop
Seat 3: 4b0ef601 showed [8d 2d] and lost with a pair of Sixes
Seat 4: d5e0e6be folded before Flop
Seat 5: 2eba216f folded before Flop
Seat 6: 7b90c303 (button) folded before Flop
Seat 7: dffb574a (small blind) folded before Flop
Seat 8: Hero (big blind) showed [As 9c] and won (8,366) with two pair, Nines and Sixes


Poker Hand #TM5539502467: Tournament #260610223, Bounty Hunters Special $8.88 Hold'em No Limit - Level2(60/120(18)) - 2026/02/02 21:42:14
Table '1' 8-max Seat #5 is the button
Seat 1: a2ab703 (9,854 in chips)
Seat 2: c69f6d41 (15,482 in chips)
Seat 3: 4b0ef601 (7,654 in chips)
Seat 4: d5e0e6be (7,481 in chips)
Seat 5: 2eba216f (14,132 in chips)
Seat 6: 7b90c303 (9,790 in chips)
Seat 7: dffb574a (8,851 in chips)
Seat 8: Hero (3,967 in chips)
a2ab703: posts the ante 18
d5e0e6be: posts the ante 18
7b90c303: posts the ante 18
Hero: posts the ante 18
2eba216f: posts the ante 18
c69f6d41: posts the ante 18
dffb574a: posts the ante 18
4b0ef601: posts the ante 18
7b90c303: posts small blind 60
dffb574a: posts big blind 120
*** HOLE CARDS ***
Dealt to a2ab703 
Dealt to c69f6d41 
Dealt to 4b0ef601 
Dealt to d5e0e6be 
Dealt to 2eba216f 
Dealt to 7b90c303 
Dealt to dffb574a 
Dealt to Hero [7d Ts]
Hero: folds
a2ab703: folds
c69f6d41: raises 120 to 240
4b0ef601: raises 804 to 1,044
d5e0e6be: folds
2eba216f: folds
7b90c303: folds
dffb574a: folds
c69f6d41: folds
Uncalled bet (804) returned to 4b0ef601
*** SHOWDOWN ***
4b0ef601 collected 804 from pot
*** SUMMARY ***
Total pot 804 | Rake 0 | Jackpot 0 | Bingo 0 | Fortune 0 | Tax 0
Seat 1: a2ab703 folded before Flop
Seat 2: c69f6d41 folded before Flop
Seat 3: 4b0ef601 collected (804)
Seat 4: d5e0e6be folded before Flop
Seat 5: 2eba216f (button) folded before Flop
Seat 6: 7b90c303 (small blind) folded before Flop
Seat 7: dffb574a (big blind) folded before Flop
Seat 8: Hero folded before Flop


Poker Hand #TM5539502451: Tournament #260610223, Bounty Hunters Special $8.88 Hold'em No Limit - Level2(60/120(18)) - 2026/02/02 21:41:05
Table '1' 8-max Seat #4 is the button
Seat 1: a2ab703 (9,872 in chips)
Seat 2: c69f6d41 (15,500 in chips)
Seat 3: 4b0ef601 (10,000 in chips)
Seat 4: d5e0e6be (7,499 in chips)
Seat 5: 2eba216f (11,558 in chips)
Seat 6: 7b90c303 (9,928 in chips)
Seat 7: dffb574a (8,869 in chips)
Seat 8: Hero (3,985 in chips)
a2ab703: posts the ante 18
d5e0e6be: posts the ante 18
7b90c303: posts the ante 18
Hero: posts the ante 18
c69f6d41: posts the ante 18
dffb574a: posts the ante 18
2eba216f: posts the ante 18
4b0ef601: posts the ante 18
2eba216f: posts small blind 60
7b90c303: posts big blind 120
*** HOLE CARDS ***
Dealt to a2ab703 
Dealt to c69f6d41 
Dealt to 4b0ef601 
Dealt to d5e0e6be 
Dealt to 2eba216f 
Dealt to 7b90c303 
Dealt to dffb574a 
Dealt to Hero [Ts 7s]
dffb574a: folds
Hero: folds
a2ab703: folds
c69f6d41: folds
4b0ef601: raises 240 to 360
d5e0e6be: folds
2eba216f: calls 300
7b90c303: folds
*** FLOP *** [Qc 4s 7c]
2eba216f: checks
4b0ef601: bets 492
2eba216f: calls 492
*** TURN *** [Qc 4s 7c] [Ah]
2eba216f: checks
4b0ef601: bets 1,476
2eba216f: raises 2,124 to 3,600
4b0ef601: folds
Uncalled bet (2,124) returned to 2eba216f
*** SHOWDOWN ***
2eba216f collected 4,920 from pot
*** SUMMARY ***
Total pot 4,920 | Rake 0 | Jackpot 0 | Bingo 0 | Fortune 0 | Tax 0
Board [Qc 4s 7c Ah]
Seat 1: a2ab703 folded before Flop
Seat 2: c69f6d41 folded before Flop
Seat 3: 4b0ef601 folded on the Turn
Seat 4: d5e0e6be (button) folded before Flop
Seat 5: 2eba216f (small blind) won (4,920)
Seat 6: 7b90c303 (big blind) folded before Flop
Seat 7: dffb574a folded before Flop
Seat 8: Hero folded before Flop


Poker Hand #TM5539502434: Tournament #260610223, Bounty Hunters Special $8.88 Hold'em No Limit - Level2(60/120(18)) - 2026/02/02 21:40:29
Table '1' 8-max Seat #2 is the button
Seat 1: a2ab703 (9,890 in chips)
Seat 2: c69f6d41 (15,518 in chips)
Seat 4: d5e0e6be (7,577 in chips)
Seat 5: 2eba216f (11,696 in chips)
Seat 6: 7b90c303 (9,946 in chips)
Seat 7: dffb574a (9,187 in chips)
Seat 8: Hero (3,397 in chips)
a2ab703: posts the ante 18
7b90c303: posts the ante 18
d5e0e6be: posts the ante 18
Hero: posts the ante 18
c69f6d41: posts the ante 18
dffb574a: posts the ante 18
2eba216f: posts the ante 18
d5e0e6be: posts small blind 60
2eba216f: posts big blind 120
*** HOLE CARDS ***
Dealt to a2ab703 
Dealt to c69f6d41 
Dealt to d5e0e6be 
Dealt to 2eba216f 
Dealt to 7b90c303 
Dealt to dffb574a 
Dealt to Hero [7h 7s]
7b90c303: folds
dffb574a: raises 180 to 300
Hero: raises 3,079 to 3,379 and is all-in
a2ab703: folds
c69f6d41: folds
d5e0e6be: folds
2eba216f: folds
dffb574a: folds
Uncalled bet (3,079) returned to Hero
*** SHOWDOWN ***
Hero collected 906 from pot
*** SUMMARY ***
Total pot 906 | Rake 0 | Jackpot 0 | Bingo 0 | Fortune 0 | Tax 0
Seat 1: a2ab703 folded before Flop
Seat 2: c69f6d41 (button) folded before Flop
Seat 4: d5e0e6be (small blind) folded before Flop
Seat 5: 2eba216f (big blind) folded before Flop
Seat 6: 7b90c303 folded before Flop
Seat 7: dffb574a folded before Flop
Seat 8: Hero collected (906)


Poker Hand #TM5539502412: Tournament #260610223, Bounty Hunters Special $8.88 Hold'em No Limit - Level2(60/120(18)) - 2026/02/02 21:39:20
Table '1' 8-max Seat #1 is the button
Seat 1: a2ab703 (9,908 in chips)
Seat 2: c69f6d41 (16,736 in chips)
Seat 4: d5e0e6be (8,115 in chips)
Seat 5: 2eba216f (9,868 in chips)
Seat 6: 7b90c303 (9,964 in chips)
Seat 7: dffb574a (9,205 in chips)
Seat 8: Hero (3,415 in chips)
a2ab703: posts the ante 18
7b90c303: posts the ante 18
d5e0e6be: posts the ante 18
Hero: posts the ante 18
dffb574a: posts the ante 18
2eba216f: posts the ante 18
c69f6d41: posts the ante 18
c69f6d41: posts small blind 60
d5e0e6be: posts big blind 120
*** HOLE CARDS ***
Dealt to a2ab703 
Dealt to c69f6d41 
Dealt to d5e0e6be 
Dealt to 2eba216f 
Dealt to 7b90c303 
Dealt to dffb574a 
Dealt to Hero [5h Ks]
2eba216f: raises 120 to 240
7b90c303: folds
dffb574a: folds
Hero: folds
a2ab703: folds
c69f6d41: calls 180
d5e0e6be: calls 120
*** FLOP *** [2s Qh 4c]
c69f6d41: checks
d5e0e6be: bets 280
2eba216f: calls 280
c69f6d41: raises 680 to 960
d5e0e6be: folds
2eba216f: calls 680
*** TURN *** [2s Qh 4c] [Ad]
c69f6d41: checks
2eba216f: bets 1,620
c69f6d41: folds
Uncalled bet (1,620) returned to 2eba216f
*** SHOWDOWN ***
2eba216f collected 3,046 from pot
*** SUMMARY ***
Total pot 3,046 | Rake 0 | Jackpot 0 | Bingo 0 | Fortune 0 | Tax 0
Board [2s Qh 4c Ad]
Seat 1: a2ab703 (button) folded before Flop
Seat 2: c69f6d41 (small blind) folded on the Turn
Seat 4: d5e0e6be (big blind) folded on the Flop
Seat 5: 2eba216f won (3,046)
Seat 6: 7b90c303 folded before Flop
Seat 7: dffb574a folded before Flop
Seat 8: Hero folded before Flop


Poker Hand #TM5539502401: Tournament #260610223, Bounty Hunters Special $8.88 Hold'em No Limit - Level2(60/120(18)) - 2026/02/02 21:38:51
Table '1' 8-max Seat #8 is the button
Seat 1: a2ab703 (9,986 in chips)
Seat 2: c69f6d41 (16,874 in chips)
Seat 3: 41aadb13 (10,358 in chips)
Seat 4: d5e0e6be (8,133 in chips)
Seat 5: 2eba216f (9,886 in chips)
Seat 6: 7b90c303 (9,982 in chips)
Seat 7: dffb574a (8,659 in chips)
Seat 8: Hero (3,433 in chips)
a2ab703: posts the ante 18
7b90c303: posts the ante 18
d5e0e6be: posts the ante 18
41aadb13: posts the ante 18
Hero: posts the ante 18
dffb574a: posts the ante 18
2eba216f: posts the ante 18
c69f6d41: posts the ante 18
a2ab703: posts small blind 60
c69f6d41: posts big blind 120
*** HOLE CARDS ***
Dealt to a2ab703 
Dealt to c69f6d41 
Dealt to 41aadb13 
Dealt to d5e0e6be 
Dealt to 2eba216f 
Dealt to 7b90c303 
Dealt to dffb574a 
Dealt to Hero [7c Kc]
41aadb13: raises 120 to 240
d5e0e6be: folds
2eba216f: folds
7b90c303: folds
dffb574a: raises 668 to 908
Hero: folds
a2ab703: folds
c69f6d41: folds
41aadb13: folds
Uncalled bet (668) returned to dffb574a
*** SHOWDOWN ***
dffb574a collected 804 from pot
*** SUMMARY ***
Total pot 804 | Rake 0 | Jackpot 0 | Bingo 0 | Fortune 0 | Tax 0
Seat 1: a2ab703 (small blind) folded before Flop
Seat 2: c69f6d41 (big blind) folded before Flop
Seat 3: 41aadb13 folded before Flop
Seat 4: d5e0e6be folded before Flop
Seat 5: 2eba216f folded before Flop
Seat 6: 7b90c303 folded before Flop
Seat 7: dffb574a collected (804)
Seat 8: Hero (button) folded before Flop


Poker Hand #TM5539502390: Tournament #260610223, Bounty Hunters Special $8.88 Hold'em No Limit - Level2(60/120(18)) - 2026/02/02 21:38:24
Table '1' 8-max Seat #7 is the button
Seat 1: a2ab703 (9,380 in chips)
Seat 2: c69f6d41 (16,892 in chips)
Seat 3: 41aadb13 (10,376 in chips)
Seat 4: d5e0e6be (8,391 in chips)
Seat 5: 2eba216f (9,904 in chips)
Seat 6: 7b90c303 (10,000 in chips)
Seat 7: dffb574a (8,677 in chips)
Seat 8: Hero (3,691 in chips)
a2ab703: posts the ante 18
7b90c303: posts the ante 18
d5e0e6be: posts the ante 18
41aadb13: posts the ante 18
Hero: posts the ante 18
dffb574a: posts the ante 18
2eba216f: posts the ante 18
c69f6d41: posts the ante 18
Hero: posts small blind 60
a2ab703: posts big blind 120
*** HOLE CARDS ***
Dealt to a2ab703 
Dealt to c69f6d41 
Dealt to 41aadb13 
Dealt to d5e0e6be 
Dealt to 2eba216f 
Dealt to 7b90c303 
Dealt to dffb574a 
Dealt to Hero [7s 8h]
c69f6d41: folds
41aadb13: folds
d5e0e6be: raises 120 to 240
2eba216f: folds
7b90c303: folds
dffb574a: folds
Hero: calls 180
a2ab703: raises 984 to 1,224
d5e0e6be: folds
Hero: folds
Uncalled bet (984) returned to a2ab703
*** SHOWDOWN ***
a2ab703 collected 864 from pot
*** SUMMARY ***
Total pot 864 | Rake 0 | Jackpot 0 | Bingo 0 | Fortune 0 | Tax 0
Seat 1: a2ab703 (big blind) collected (864)
Seat 2: c69f6d41 folded before Flop
Seat 3: 41aadb13 folded before Flop
Seat 4: d5e0e6be folded before Flop
Seat 5: 2eba216f folded before Flop
Seat 6: 7b90c303 folded before Flop
Seat 7: dffb574a (button) folded before Flop
Seat 8: Hero (small blind) folded before Flop


Poker Hand #TM5539502374: Tournament #260610223, Bounty Hunters Special $8.88 Hold'em No Limit - Level1(50/100(15)) - 2026/02/02 21:37:40
Table '1' 8-max Seat #5 is the button
Seat 1: a2ab703 (9,395 in chips)
Seat 2: c69f6d41 (17,385 in chips)
Seat 3: 41aadb13 (10,391 in chips)
Seat 4: d5e0e6be (8,406 in chips)
Seat 5: 2eba216f (9,919 in chips)
Seat 7: dffb574a (8,742 in chips)
Seat 8: Hero (3,073 in chips)
a2ab703: posts the ante 15
d5e0e6be: posts the ante 15
41aadb13: posts the ante 15
Hero: posts the ante 15
2eba216f: posts the ante 15
c69f6d41: posts the ante 15
dffb574a: posts the ante 15
dffb574a: posts small blind 50
Hero: posts big blind 100
*** HOLE CARDS ***
Dealt to a2ab703 
Dealt to c69f6d41 
Dealt to 41aadb13 
Dealt to d5e0e6be 
Dealt to 2eba216f 
Dealt to dffb574a 
Dealt to Hero [2d 5d]
a2ab703: folds
c69f6d41: raises 100 to 200
41aadb13: folds
d5e0e6be: folds
2eba216f: folds
dffb574a: folds
Hero: calls 100
*** FLOP *** [5s 9d 6c]
Hero: checks
c69f6d41: bets 278
Hero: raises 556 to 834
c69f6d41: folds
Uncalled bet (556) returned to Hero
*** SHOWDOWN ***
Hero collected 1,111 from pot
*** SUMMARY ***
Total pot 1,111 | Rake 0 | Jackpot 0 | Bingo 0 | Fortune 0 | Tax 0
Board [5s 9d 6c]
Seat 1: a2ab703 folded before Flop
Seat 2: c69f6d41 folded on the Flop
Seat 3: 41aadb13 folded before Flop
Seat 4: d5e0e6be folded before Flop
Seat 5: 2eba216f (button) folded before Flop
Seat 7: dffb574a (small blind) folded before Flop
Seat 8: Hero (big blind) won (1,111)


Poker Hand #TM5539502338: Tournament #260610223, Bounty Hunters Special $8.88 Hold'em No Limit - Level1(50/100(15)) - 2026/02/02 21:35:41
Table '1' 8-max Seat #4 is the button
Seat 1: a2ab703 (9,410 in chips)
Seat 2: c69f6d41 (8,580 in chips)
Seat 3: 41aadb13 (10,406 in chips)
Seat 4: d5e0e6be (8,421 in chips)
Seat 5: 2eba216f (9,984 in chips)
Seat 7: dffb574a (8,857 in chips)
Seat 8: Hero (11,653 in chips)
a2ab703: posts the ante 15
d5e0e6be: posts the ante 15
41aadb13: posts the ante 15
Hero: posts the ante 15
c69f6d41: posts the ante 15
dffb574a: posts the ante 15
2eba216f: posts the ante 15
2eba216f: posts small blind 50
dffb574a: posts big blind 100
*** HOLE CARDS ***
Dealt to a2ab703 
Dealt to c69f6d41 
Dealt to 41aadb13 
Dealt to d5e0e6be 
Dealt to 2eba216f 
Dealt to dffb574a 
Dealt to Hero [7c Kc]
Hero: raises 100 to 200
a2ab703: folds
c69f6d41: raises 500 to 700
41aadb13: folds
d5e0e6be: folds
2eba216f: folds
dffb574a: folds
Hero: calls 500
*** FLOP *** [4c 7s 9h]
Hero: checks
c69f6d41: bets 800
Hero: calls 800
*** TURN *** [4c 7s 9h] [9c]
Hero: checks
c69f6d41: checks
*** RIVER *** [4c 7s 9h 9c] [As]
Hero: checks
c69f6d41: bets 2,300
Hero: raises 7,838 to 10,138 and is all-in
c69f6d41: calls 4,765 and is all-in
Uncalled bet (3,073) returned to Hero
Hero: shows [7c Kc] (two pair, Nines and Sevens)
c69f6d41: shows [Qh Ac] (two pair, Aces and Nines)
*** SHOWDOWN ***
c69f6d41 collected 17,385 from pot
*** SUMMARY ***
Total pot 17,385 | Rake 0 | Jackpot 0 | Bingo 0 | Fortune 0 | Tax 0
Board [4c 7s 9h 9c As]
Seat 1: a2ab703 folded before Flop
Seat 2: c69f6d41 showed [Qh Ac] and won (17,385) with two pair, Aces and Nines
Seat 3: 41aadb13 folded before Flop
Seat 4: d5e0e6be (button) folded before Flop
Seat 5: 2eba216f (small blind) folded before Flop
Seat 7: dffb574a (big blind) folded before Flop
Seat 8: Hero showed [7c Kc] and lost with two pair, Nines and Sevens


Poker Hand #TM5539502313: Tournament #260610223, Bounty Hunters Special $8.88 Hold'em No Limit - Level1(50/100(15)) - 2026/02/02 21:34:38
Table '1' 8-max Seat #3 is the button
Seat 1: a2ab703 (9,625 in chips)
Seat 2: c69f6d41 (8,595 in chips)
Seat 3: 41aadb13 (10,421 in chips)
Seat 4: d5e0e6be (8,486 in chips)
Seat 5: 2eba216f (10,199 in chips)
Seat 6: 94925984 (22,704 in chips)
Seat 7: dffb574a (8,872 in chips)
Seat 8: Hero (11,098 in chips)
a2ab703: posts the ante 15
41aadb13: posts the ante 15
d5e0e6be: posts the ante 15
Hero: posts the ante 15
c69f6d41: posts the ante 15
dffb574a: posts the ante 15
2eba216f: posts the ante 15
94925984: posts the ante 15
d5e0e6be: posts small blind 50
2eba216f: posts big blind 100
*** HOLE CARDS ***
Dealt to a2ab703 
Dealt to c69f6d41 
Dealt to 41aadb13 
Dealt to d5e0e6be 
Dealt to 2eba216f 
Dealt to 94925984 
Dealt to dffb574a 
Dealt to Hero [Js Qd]
94925984: folds
dffb574a: folds
Hero: raises 100 to 200
a2ab703: calls 200
c69f6d41: folds
41aadb13: folds
d5e0e6be: folds
2eba216f: calls 100
*** FLOP *** [9d 2c 5s]
2eba216f: checks
Hero: checks
a2ab703: checks
*** TURN *** [9d 2c 5s] [Qc]
2eba216f: checks
Hero: bets 385
a2ab703: folds
2eba216f: folds
Uncalled bet (385) returned to Hero
*** SHOWDOWN ***
Hero collected 770 from pot
*** SUMMARY ***
Total pot 770 | Rake 0 | Jackpot 0 | Bingo 0 | Fortune 0 | Tax 0
Board [9d 2c 5s Qc]
Seat 1: a2ab703 folded on the Turn
Seat 2: c69f6d41 folded before Flop
Seat 3: 41aadb13 (button) folded before Flop
Seat 4: d5e0e6be (small blind) folded before Flop
Seat 5: 2eba216f (big blind) folded on the Turn
Seat 6: 94925984 folded before Flop
Seat 7: dffb574a folded before Flop
Seat 8: Hero won (770)


Poker Hand #TM5539502296: Tournament #260610223, Bounty Hunters Special $8.88 Hold'em No Limit - Level1(50/100(15)) - 2026/02/02 21:33:46
Table '1' 8-max Seat #2 is the button
Seat 1: a2ab703 (9,640 in chips)
Seat 2: c69f6d41 (7,040 in chips)
Seat 3: 41aadb13 (10,486 in chips)
Seat 4: d5e0e6be (9,201 in chips)
Seat 5: 2eba216f (10,914 in chips)
Seat 6: 94925984 (22,719 in chips)
Seat 7: dffb574a (8,887 in chips)
Seat 8: Hero (11,113 in chips)
a2ab703: posts the ante 15
d5e0e6be: posts the ante 15
41aadb13: posts the ante 15
Hero: posts the ante 15
c69f6d41: posts the ante 15
dffb574a: posts the ante 15
2eba216f: posts the ante 15
94925984: posts the ante 15
41aadb13: posts small blind 50
d5e0e6be: posts big blind 100
*** HOLE CARDS ***
Dealt to a2ab703 
Dealt to c69f6d41 
Dealt to 41aadb13 
Dealt to d5e0e6be 
Dealt to 2eba216f 
Dealt to 94925984 
Dealt to dffb574a 
Dealt to Hero [2d Th]
2eba216f: raises 100 to 200
94925984: folds
dffb574a: folds
Hero: folds
a2ab703: folds
c69f6d41: raises 500 to 700
41aadb13: folds
d5e0e6be: calls 600
2eba216f: calls 500
*** FLOP *** [9s Kc 7c]
d5e0e6be: checks
2eba216f: checks
c69f6d41: bets 1,100
d5e0e6be: folds
2eba216f: folds
Uncalled bet (1,100) returned to c69f6d41
*** SHOWDOWN ***
c69f6d41 collected 2,270 from pot
*** SUMMARY ***
Total pot 2,270 | Rake 0 | Jackpot 0 | Bingo 0 | Fortune 0 | Tax 0
Board [9s Kc 7c]
Seat 1: a2ab703 folded before Flop
Seat 2: c69f6d41 (button) won (2,270)
Seat 3: 41aadb13 (small blind) folded before Flop
Seat 4: d5e0e6be (big blind) folded on the Flop
Seat 5: 2eba216f folded on the Flop
Seat 6: 94925984 folded before Flop
Seat 7: dffb574a folded before Flop
Seat 8: Hero folded before Flop


Poker Hand #TM5539502278: Tournament #260610223, Bounty Hunters Special $8.88 Hold'em No Limit - Level1(50/100(15)) - 2026/02/02 21:32:43
Table '1' 8-max Seat #1 is the button
Seat 1: a2ab703 (9,655 in chips)
Seat 2: c69f6d41 (9,855 in chips)
Seat 3: 41aadb13 (7,581 in chips)
Seat 4: d5e0e6be (9,216 in chips)
Seat 5: 2eba216f (10,929 in chips)
Seat 6: 94925984 (22,734 in chips)
Seat 7: dffb574a (8,902 in chips)
Seat 8: Hero (11,128 in chips)
a2ab703: posts the ante 15
d5e0e6be: posts the ante 15
41aadb13: posts the ante 15
Hero: posts the ante 15
dffb574a: posts the ante 15
2eba216f: posts the ante 15
c69f6d41: posts the ante 15
94925984: posts the ante 15
c69f6d41: posts small blind 50
41aadb13: posts big blind 100
*** HOLE CARDS ***
Dealt to a2ab703 
Dealt to c69f6d41 
Dealt to 41aadb13 
Dealt to d5e0e6be 
Dealt to 2eba216f 
Dealt to 94925984 
Dealt to dffb574a 
Dealt to Hero [Ts 9h]
d5e0e6be: folds
2eba216f: folds
94925984: folds
dffb574a: folds
Hero: folds
a2ab703: folds
c69f6d41: raises 250 to 350
41aadb13: raises 650 to 1,000
c69f6d41: raises 1,800 to 2,800
41aadb13: raises 4,766 to 7,566 and is all-in
c69f6d41: folds
Uncalled bet (4,766) returned to 41aadb13
*** SHOWDOWN ***
41aadb13 collected 5,720 from pot
*** SUMMARY ***
Total pot 5,720 | Rake 0 | Jackpot 0 | Bingo 0 | Fortune 0 | Tax 0
Seat 1: a2ab703 (button) folded before Flop
Seat 2: c69f6d41 (small blind) folded before Flop
Seat 3: 41aadb13 (big blind) collected (5,720)
Seat 4: d5e0e6be folded before Flop
Seat 5: 2eba216f folded before Flop
Seat 6: 94925984 folded before Flop
Seat 7: dffb574a folded before Flop
Seat 8: Hero folded before Flop


Poker Hand #TM5539502262: Tournament #260610223, Bounty Hunters Special $8.88 Hold'em No Limit - Level1(50/100(15)) - 2026/02/02 21:32:03
Table '1' 8-max Seat #8 is the button
Seat 1: a2ab703 (9,720 in chips)
Seat 2: c69f6d41 (9,970 in chips)
Seat 3: 41aadb13 (7,596 in chips)
Seat 4: d5e0e6be (9,431 in chips)
Seat 5: 2eba216f (10,944 in chips)
Seat 6: 94925984 (22,749 in chips)
Seat 7: dffb574a (9,770 in chips)
Seat 8: Hero (9,820 in chips)
a2ab703: posts the ante 15
d5e0e6be: posts the ante 15
41aadb13: posts the ante 15
Hero: posts the ante 15
dffb574a: posts the ante 15
2eba216f: posts the ante 15
c69f6d41: posts the ante 15
94925984: posts the ante 15
a2ab703: posts small blind 50
c69f6d41: posts big blind 100
*** HOLE CARDS ***
Dealt to a2ab703 
Dealt to c69f6d41 
Dealt to 41aadb13 
Dealt to d5e0e6be 
Dealt to 2eba216f 
Dealt to 94925984 
Dealt to dffb574a 
Dealt to Hero [Ts Ks]
41aadb13: folds
d5e0e6be: raises 100 to 200
2eba216f: folds
94925984: folds
dffb574a: calls 200
Hero: raises 653 to 853
a2ab703: folds
c69f6d41: folds
d5e0e6be: folds
dffb574a: calls 653
*** FLOP *** [2s 5d Ad]
dffb574a: checks
Hero: bets 719
dffb574a: folds
Uncalled bet (719) returned to Hero
*** SHOWDOWN ***
Hero collected 2,176 from pot
*** SUMMARY ***
Total pot 2,176 | Rake 0 | Jackpot 0 | Bingo 0 | Fortune 0 | Tax 0
Board [2s 5d Ad]
Seat 1: a2ab703 (small blind) folded before Flop
Seat 2: c69f6d41 (big blind) folded before Flop
Seat 3: 41aadb13 folded before Flop
Seat 4: d5e0e6be folded before Flop
Seat 5: 2eba216f folded before Flop
Seat 6: 94925984 folded before Flop
Seat 7: dffb574a folded on the Flop
Seat 8: Hero (button) won (2,176)


Poker Hand #TM5539502245: Tournament #260610223, Bounty Hunters Special $8.88 Hold'em No Limit - Level1(50/100(15)) - 2026/02/02 21:31:14
Table '1' 8-max Seat #7 is the button
Seat 1: a2ab703 (9,985 in chips)
Seat 2: c69f6d41 (9,985 in chips)
Seat 3: 41aadb13 (7,611 in chips)
Seat 4: d5e0e6be (10,000 in chips)
Seat 5: 2eba216f (9,985 in chips)
Seat 6: 94925984 (22,764 in chips)
Seat 7: dffb574a (9,785 in chips)
Seat 8: Hero (9,885 in chips)
a2ab703: posts the ante 15
d5e0e6be: posts the ante 15
41aadb13: posts the ante 15
Hero: posts the ante 15
dffb574a: posts the ante 15
2eba216f: posts the ante 15
c69f6d41: posts the ante 15
94925984: posts the ante 15
Hero: posts small blind 50
a2ab703: posts big blind 100
*** HOLE CARDS ***
Dealt to a2ab703 
Dealt to c69f6d41 
Dealt to 41aadb13 
Dealt to d5e0e6be 
Dealt to 2eba216f 
Dealt to 94925984 
Dealt to dffb574a 
Dealt to Hero [4d Th]
c69f6d41: folds
41aadb13: folds
d5e0e6be: raises 150 to 250
2eba216f: calls 250
94925984: folds
dffb574a: folds
Hero: folds
a2ab703: calls 150
*** FLOP *** [6h Qd 7s]
a2ab703: checks
d5e0e6be: bets 304
2eba216f: raises 496 to 800
a2ab703: folds
d5e0e6be: folds
Uncalled bet (496) returned to 2eba216f
*** SHOWDOWN ***
2eba216f collected 1,528 from pot
*** SUMMARY ***
Total pot 1,528 | Rake 0 | Jackpot 0 | Bingo 0 | Fortune 0 | Tax 0
Board [6h Qd 7s]
Seat 1: a2ab703 (big blind) folded on the Flop
Seat 2: c69f6d41 folded before Flop
Seat 3: 41aadb13 folded before Flop
Seat 4: d5e0e6be folded on the Flop
Seat 5: 2eba216f won (1,528)
Seat 6: 94925984 folded before Flop
Seat 7: dffb574a (button) folded before Flop
Seat 8: Hero (small blind) folded before Flop


Poker Hand #TM5539502219: Tournament #260610223, Bounty Hunters Special $8.88 Hold'em No Limit - Level1(50/100(15)) - 2026/02/02 21:30:02
Table '1' 8-max Seat #6 is the button
Seat 1: a2ab703 (10,000 in chips)
Seat 2: c69f6d41 (10,000 in chips)
Seat 3: 41aadb13 (10,000 in chips)
Seat 4: eed60505 (10,000 in chips)
Seat 5: 2eba216f (10,000 in chips)
Seat 6: 94925984 (10,000 in chips)
Seat 7: dffb574a (10,000 in chips)
Seat 8: Hero (10,000 in chips)
a2ab703: posts the ante 15
41aadb13: posts the ante 15
Hero: posts the ante 15
2eba216f: posts the ante 15
c69f6d41: posts the ante 15
dffb574a: posts the ante 15
94925984: posts the ante 15
eed60505: posts the ante 15
dffb574a: posts small blind 50
Hero: posts big blind 100
*** HOLE CARDS ***
Dealt to a2ab703 
Dealt to c69f6d41 
Dealt to 41aadb13 
Dealt to eed60505 
Dealt to 2eba216f 
Dealt to 94925984 
Dealt to dffb574a 
Dealt to Hero [Tc 3s]
a2ab703: folds
c69f6d41: folds
41aadb13: raises 100 to 200
eed60505: calls 200
2eba216f: folds
94925984: calls 200
dffb574a: calls 150
Hero: folds
*** FLOP *** [5s Qh 7h]
dffb574a: checks
41aadb13: bets 674
eed60505: calls 674
94925984: calls 674
dffb574a: folds
*** TURN *** [5s Qh 7h] [8d]
41aadb13: bets 1,500
eed60505: calls 1,500
94925984: calls 1,500
*** RIVER *** [5s Qh 7h 8d] [6c]
41aadb13: checks
eed60505: bets 7,611 and is all-in
94925984: calls 7,611 and is all-in
41aadb13: folds
eed60505: shows [6h 4h] (a straight, Eight to Four)
94925984: shows [Th 9h] (a straight, Ten to Six)
*** SHOWDOWN ***
94925984 collected 22,764 from pot
*** SUMMARY ***
Total pot 22,764 | Rake 0 | Jackpot 0 | Bingo 0 | Fortune 0 | Tax 0
Board [5s Qh 7h 8d 6c]
Seat 1: a2ab703 folded before Flop
Seat 2: c69f6d41 folded before Flop
Seat 3: 41aadb13 folded on the River
Seat 4: eed60505 showed [6h 4h] and lost with a straight, Eight to Four
Seat 5: 2eba216f folded before Flop
Seat 6: 94925984 (button) showed [Th 9h] and won (22,764) with a straight, Ten to Six
Seat 7: dffb574a (small blind) folded on the Flop
Seat 8: Hero (big blind) folded before Flop


