Poker Hand #TM5546186859: Tournament #261059273, Bounty Hunters Special $10.80 Hold'em No Limit - Level7(175/350(50)) - 2026/02/04 22:06:16
Table '173' 8-max Seat #2 is the button
Seat 1: 26ebc848 (19,392 in chips)
Seat 2: 92ff80bc (48,865 in chips)
Seat 3: f9c7e2c9 (14,611 in chips)
Seat 5: ed665777 (9,800 in chips)
Seat 6: 14775793 (11,559 in chips)
Seat 7: Hero (15,287 in chips)
Seat 8: 2f0cf15c (17,329 in chips)
2f0cf15c: posts the ante 50
26ebc848: posts the ante 50
Hero: posts the ante 50
f9c7e2c9: posts the ante 50
92ff80bc: posts the ante 50
14775793: posts the ante 50
ed665777: posts the ante 50
f9c7e2c9: posts small blind 175
ed665777: posts big blind 350
*** HOLE CARDS ***
Dealt to 26ebc848 
Dealt to 92ff80bc 
Dealt to f9c7e2c9 
Dealt to ed665777 
Dealt to 14775793 
Dealt to Hero [5c Kc]
Dealt to 2f0cf15c 
14775793: folds
Hero: raises 350 to 700
2f0cf15c: folds
26ebc848: folds
92ff80bc: calls 700
f9c7e2c9: folds
ed665777: calls 350
*** FLOP *** [4s 6d Kd]
ed665777: checks
Hero: bets 1,313
92ff80bc: calls 1,313
ed665777: folds
*** TURN *** [4s 6d Kd] [Jd]
Hero: bets 3,326
92ff80bc: calls 3,326
*** RIVER *** [4s 6d Kd Jd] [Jc]
Hero: checks
92ff80bc: bets 10,500
Hero: calls 9,898 and is all-in
Uncalled bet (602) returned to 92ff80bc
92ff80bc: shows [Ad 7d] (a flush Ace high)
Hero: shows [5c Kc] (two pair, Kings and Jacks)
*** SHOWDOWN ***
92ff80bc collected 31,699 from pot
*** SUMMARY ***
Total pot 31,699 | Rake 0 | Jackpot 0 | Bingo 0 | Fortune 0 | Tax 0
Board [4s 6d Kd Jd Jc]
Seat 1: 26ebc848 folded before Flop
Seat 2: 92ff80bc (button) showed [Ad 7d] and won (31,699) with a flush Ace high
Seat 3: f9c7e2c9 (small blind) folded before Flop
Seat 5: ed665777 (big blind) folded on the Flop
Seat 6: 14775793 folded before Flop
Seat 7: Hero showed [5c Kc] and lost with two pair, Kings and Jacks
Seat 8: 2f0cf15c folded before Flop


Poker Hand #TM5546186833: Tournament #261059273, Bounty Hunters Special $10.80 Hold'em No Limit - Level7(175/350(50)) - 2026/02/04 22:05:35
Table '173' 8-max Seat #1 is the button
Seat 1: 26ebc848 (16,117 in chips)
Seat 2: 92ff80bc (49,090 in chips)
Seat 3: f9c7e2c9 (15,011 in chips)
Seat 5: ed665777 (9,850 in chips)
Seat 6: 14775793 (11,609 in chips)
Seat 7: Hero (17,787 in chips)
Seat 8: 2f0cf15c (17,379 in chips)
2f0cf15c: posts the ante 50
26ebc848: posts the ante 50
Hero: posts the ante 50
f9c7e2c9: posts the ante 50
14775793: posts the ante 50
92ff80bc: posts the ante 50
ed665777: posts the ante 50
92ff80bc: posts small blind 175
f9c7e2c9: posts big blind 350
*** HOLE CARDS ***
Dealt to 26ebc848 
Dealt to 92ff80bc 
Dealt to f9c7e2c9 
Dealt to ed665777 
Dealt to 14775793 
Dealt to Hero [Th As]
Dealt to 2f0cf15c 
ed665777: folds
14775793: folds
Hero: raises 350 to 700
2f0cf15c: folds
26ebc848: raises 1,750 to 2,450
92ff80bc: folds
f9c7e2c9: folds
Hero: calls 1,750
*** FLOP *** [6c 5d Ks]
Hero: checks
26ebc848: bets 1,906
Hero: folds
Uncalled bet (1,906) returned to 26ebc848
*** SHOWDOWN ***
26ebc848 collected 5,775 from pot
*** SUMMARY ***
Total pot 5,775 | Rake 0 | Jackpot 0 | Bingo 0 | Fortune 0 | Tax 0
Board [6c 5d Ks]
Seat 1: 26ebc848 (button) won (5,775)
Seat 2: 92ff80bc (small blind) folded before Flop
Seat 3: f9c7e2c9 (big blind) folded before Flop
Seat 5: ed665777 folded before Flop
Seat 6: 14775793 folded before Flop
Seat 7: Hero folded on the Flop
Seat 8: 2f0cf15c folded before Flop


Poker Hand #TM5546186793: Tournament #261059273, Bounty Hunters Special $10.80 Hold'em No Limit - Level7(175/350(50)) - 2026/02/04 22:04:07
Table '173' 8-max Seat #8 is the button
Seat 1: 26ebc848 (16,342 in chips)
Seat 2: 92ff80bc (40,571 in chips)
Seat 3: f9c7e2c9 (15,061 in chips)
Seat 4: 3987fbc8 (8,044 in chips)
Seat 5: ed665777 (9,900 in chips)
Seat 6: 14775793 (11,659 in chips)
Seat 7: Hero (17,837 in chips)
Seat 8: 2f0cf15c (17,429 in chips)
2f0cf15c: posts the ante 50
26ebc848: posts the ante 50
Hero: posts the ante 50
3987fbc8: posts the ante 50
f9c7e2c9: posts the ante 50
14775793: posts the ante 50
92ff80bc: posts the ante 50
ed665777: posts the ante 50
26ebc848: posts small blind 175
92ff80bc: posts big blind 350
*** HOLE CARDS ***
Dealt to 26ebc848 
Dealt to 92ff80bc 
Dealt to f9c7e2c9 
Dealt to 3987fbc8 
Dealt to ed665777 
Dealt to 14775793 
Dealt to Hero [9h 6c]
Dealt to 2f0cf15c 
f9c7e2c9: folds
3987fbc8: raises 350 to 700
ed665777: folds
14775793: folds
Hero: folds
2f0cf15c: folds
26ebc848: folds
92ff80bc: calls 350
*** FLOP *** [Kc 2s Kh]
92ff80bc: checks
3987fbc8: bets 494
92ff80bc: calls 494
*** TURN *** [Kc 2s Kh] [3c]
92ff80bc: checks
3987fbc8: checks
*** RIVER *** [Kc 2s Kh 3c] [9s]
92ff80bc: bets 39,327 and is all-in
3987fbc8: calls 6,800 and is all-in
Uncalled bet (32,527) returned to 92ff80bc
92ff80bc: shows [9d Ks] (a full house, Kings full of Nines)
3987fbc8: shows [As Ac] (two pair, Aces and Kings)
*** SHOWDOWN ***
92ff80bc collected 16,563 from pot
*** SUMMARY ***
Total pot 16,563 | Rake 0 | Jackpot 0 | Bingo 0 | Fortune 0 | Tax 0
Board [Kc 2s Kh 3c 9s]
Seat 1: 26ebc848 (small blind) folded before Flop
Seat 2: 92ff80bc (big blind) showed [9d Ks] and won (16,563) with a full house, Kings full of Nines
Seat 3: f9c7e2c9 folded before Flop
Seat 4: 3987fbc8 showed [As Ac] and lost with two pair, Aces and Kings
Seat 5: ed665777 folded before Flop
Seat 6: 14775793 folded before Flop
Seat 7: Hero folded before Flop
Seat 8: 2f0cf15c (button) folded before Flop


Poker Hand #TM5546186760: Tournament #261059273, Bounty Hunters Special $10.80 Hold'em No Limit - Level7(175/350(50)) - 2026/02/04 22:02:46
Table '173' 8-max Seat #7 is the button
Seat 1: 26ebc848 (19,734 in chips)
Seat 2: 92ff80bc (40,621 in chips)
Seat 3: f9c7e2c9 (11,194 in chips)
Seat 4: 3987fbc8 (8,094 in chips)
Seat 5: ed665777 (9,950 in chips)
Seat 6: 14775793 (11,709 in chips)
Seat 7: Hero (17,887 in chips)
Seat 8: 2f0cf15c (17,654 in chips)
2f0cf15c: posts the ante 50
26ebc848: posts the ante 50
Hero: posts the ante 50
3987fbc8: posts the ante 50
f9c7e2c9: posts the ante 50
14775793: posts the ante 50
92ff80bc: posts the ante 50
ed665777: posts the ante 50
2f0cf15c: posts small blind 175
26ebc848: posts big blind 350
*** HOLE CARDS ***
Dealt to 26ebc848 
Dealt to 92ff80bc 
Dealt to f9c7e2c9 
Dealt to 3987fbc8 
Dealt to ed665777 
Dealt to 14775793 
Dealt to Hero [9c Qd]
Dealt to 2f0cf15c 
92ff80bc: folds
f9c7e2c9: raises 350 to 700
3987fbc8: folds
ed665777: folds
14775793: folds
Hero: folds
2f0cf15c: folds
26ebc848: calls 350
*** FLOP *** [9d Ac 8s]
26ebc848: checks
f9c7e2c9: bets 652
26ebc848: calls 652
*** TURN *** [9d Ac 8s] [6s]
26ebc848: checks
f9c7e2c9: bets 1,990
26ebc848: calls 1,990
*** RIVER *** [9d Ac 8s 6s] [3h]
26ebc848: checks
f9c7e2c9: bets 7,802 and is all-in
26ebc848: folds
Uncalled bet (7,802) returned to f9c7e2c9
*** SHOWDOWN ***
f9c7e2c9 collected 7,259 from pot
*** SUMMARY ***
Total pot 7,259 | Rake 0 | Jackpot 0 | Bingo 0 | Fortune 0 | Tax 0
Board [9d Ac 8s 6s 3h]
Seat 1: 26ebc848 (big blind) folded on the River
Seat 2: 92ff80bc folded before Flop
Seat 3: f9c7e2c9 won (7,259)
Seat 4: 3987fbc8 folded before Flop
Seat 5: ed665777 folded before Flop
Seat 6: 14775793 folded before Flop
Seat 7: Hero (button) folded before Flop
Seat 8: 2f0cf15c (small blind) folded before Flop


Poker Hand #TM5546186730: Tournament #261059273, Bounty Hunters Special $10.80 Hold'em No Limit - Level7(175/350(50)) - 2026/02/04 21:54:55
Table '173' 8-max Seat #6 is the button
Seat 1: 26ebc848 (19,784 in chips)
Seat 2: 92ff80bc (40,671 in chips)
Seat 3: f9c7e2c9 (11,244 in chips)
Seat 4: 3987fbc8 (8,144 in chips)
Seat 5: ed665777 (10,000 in chips)
Seat 6: 14775793 (9,889 in chips)
Seat 7: Hero (18,672 in chips)
Seat 8: 2f0cf15c (18,439 in chips)
2f0cf15c: posts the ante 50
26ebc848: posts the ante 50
Hero: posts the ante 50
3987fbc8: posts the ante 50
f9c7e2c9: posts the ante 50
14775793: posts the ante 50
92ff80bc: posts the ante 50
ed665777: posts the ante 50
Hero: posts small blind 175
2f0cf15c: posts big blind 350
*** HOLE CARDS ***
Dealt to 26ebc848 
Dealt to 92ff80bc 
Dealt to f9c7e2c9 
Dealt to 3987fbc8 
Dealt to ed665777 
Dealt to 14775793 
Dealt to Hero [Td Jd]
Dealt to 2f0cf15c 
26ebc848: folds
92ff80bc: folds
f9c7e2c9: folds
3987fbc8: folds
ed665777: folds
14775793: raises 385 to 735
Hero: calls 560
2f0cf15c: calls 385
*** FLOP *** [2c Ad 3h]
Hero: checks
2f0cf15c: checks
14775793: bets 700
Hero: folds
2f0cf15c: folds
Uncalled bet (700) returned to 14775793
*** SHOWDOWN ***
14775793 collected 2,605 from pot
*** SUMMARY ***
Total pot 2,605 | Rake 0 | Jackpot 0 | Bingo 0 | Fortune 0 | Tax 0
Board [2c Ad 3h]
Seat 1: 26ebc848 folded before Flop
Seat 2: 92ff80bc folded before Flop
Seat 3: f9c7e2c9 folded before Flop
Seat 4: 3987fbc8 folded before Flop
Seat 5: ed665777 folded before Flop
Seat 6: 14775793 (button) won (2,605)
Seat 7: Hero (small blind) folded on the Flop
Seat 8: 2f0cf15c (big blind) folded on the Flop


Poker Hand #TM5546186712: Tournament #261059273, Bounty Hunters Special $10.80 Hold'em No Limit - Level7(175/350(50)) - 2026/02/04 21:54:20
Table '173' 8-max Seat #4 is the button
Seat 1: 26ebc848 (16,596 in chips)
Seat 2: 92ff80bc (42,734 in chips)
Seat 3: f9c7e2c9 (11,294 in chips)
Seat 4: 3987fbc8 (8,194 in chips)
Seat 6: 14775793 (10,114 in chips)
Seat 7: Hero (19,422 in chips)
Seat 8: 2f0cf15c (18,489 in chips)
2f0cf15c: posts the ante 50
26ebc848: posts the ante 50
Hero: posts the ante 50
3987fbc8: posts the ante 50
f9c7e2c9: posts the ante 50
92ff80bc: posts the ante 50
14775793: posts the ante 50
14775793: posts small blind 175
Hero: posts big blind 350
*** HOLE CARDS ***
Dealt to 26ebc848 
Dealt to 92ff80bc 
Dealt to f9c7e2c9 
Dealt to 3987fbc8 
Dealt to 14775793 
Dealt to Hero [5h 5s]
Dealt to 2f0cf15c 
2f0cf15c: folds
26ebc848: raises 350 to 700
92ff80bc: calls 700
f9c7e2c9: folds
3987fbc8: folds
14775793: folds
Hero: calls 350
*** FLOP *** [Kc 7c 2c]
Hero: checks
26ebc848: bets 1,313
92ff80bc: calls 1,313
Hero: folds
*** TURN *** [Kc 7c 2c] [4h]
26ebc848: bets 2,626
92ff80bc: folds
Uncalled bet (2,626) returned to 26ebc848
*** SHOWDOWN ***
26ebc848 collected 5,251 from pot
*** SUMMARY ***
Total pot 5,251 | Rake 0 | Jackpot 0 | Bingo 0 | Fortune 0 | Tax 0
Board [Kc 7c 2c 4h]
Seat 1: 26ebc848 won (5,251)
Seat 2: 92ff80bc folded on the Turn
Seat 3: f9c7e2c9 folded before Flop
Seat 4: 3987fbc8 (button) folded before Flop
Seat 6: 14775793 (small blind) folded before Flop
Seat 7: Hero (big blind) folded on the Flop
Seat 8: 2f0cf15c folded before Flop


Poker Hand #TM5546186672: Tournament #261059273, Bounty Hunters Special $10.80 Hold'em No Limit - Level7(175/350(50)) - 2026/02/04 21:52:38
Table '173' 8-max Seat #3 is the button
Seat 1: 26ebc848 (16,646 in chips)
Seat 2: 92ff80bc (42,784 in chips)
Seat 3: f9c7e2c9 (12,044 in chips)
Seat 4: 3987fbc8 (8,944 in chips)
Seat 6: 14775793 (12,254 in chips)
Seat 7: Hero (15,632 in chips)
Seat 8: 2f0cf15c (18,539 in chips)
2f0cf15c: posts the ante 50
26ebc848: posts the ante 50
Hero: posts the ante 50
3987fbc8: posts the ante 50
f9c7e2c9: posts the ante 50
92ff80bc: posts the ante 50
14775793: posts the ante 50
3987fbc8: posts small blind 175
14775793: posts big blind 350
*** HOLE CARDS ***
Dealt to 26ebc848 
Dealt to 92ff80bc 
Dealt to f9c7e2c9 
Dealt to 3987fbc8 
Dealt to 14775793 
Dealt to Hero [Th Kh]
Dealt to 2f0cf15c 
Hero: raises 350 to 700
2f0cf15c: folds
26ebc848: folds
92ff80bc: folds
f9c7e2c9: calls 700
3987fbc8: calls 525
14775793: calls 350
*** FLOP *** [Jh 3c Ks]
3987fbc8: checks
14775793: checks
Hero: bets 1,390
f9c7e2c9: folds
3987fbc8: folds
14775793: calls 1,390
*** TURN *** [Jh 3c Ks] [Tc]
14775793: checks
Hero: bets 3,665
14775793: folds
Uncalled bet (3,665) returned to Hero
*** SHOWDOWN ***
Hero collected 5,930 from pot
*** SUMMARY ***
Total pot 5,930 | Rake 0 | Jackpot 0 | Bingo 0 | Fortune 0 | Tax 0
Board [Jh 3c Ks Tc]
Seat 1: 26ebc848 folded before Flop
Seat 2: 92ff80bc folded before Flop
Seat 3: f9c7e2c9 (button) folded on the Flop
Seat 4: 3987fbc8 (small blind) folded on the Flop
Seat 6: 14775793 (big blind) folded on the Turn
Seat 7: Hero won (5,930)
Seat 8: 2f0cf15c folded before Flop


Poker Hand #TM5546186653: Tournament #261059273, Bounty Hunters Special $10.80 Hold'em No Limit - Level7(175/350(50)) - 2026/02/04 21:51:42
Table '173' 8-max Seat #2 is the button
Seat 1: 26ebc848 (16,696 in chips)
Seat 2: 92ff80bc (42,834 in chips)
Seat 3: f9c7e2c9 (12,269 in chips)
Seat 4: 3987fbc8 (14,151 in chips)
Seat 5: 6f56e510 (6,338 in chips)
Seat 6: 14775793 (12,304 in chips)
Seat 7: Hero (9,950 in chips)
Seat 8: 2f0cf15c (18,589 in chips)
2f0cf15c: posts the ante 50
26ebc848: posts the ante 50
Hero: posts the ante 50
3987fbc8: posts the ante 50
6f56e510: posts the ante 50
f9c7e2c9: posts the ante 50
92ff80bc: posts the ante 50
14775793: posts the ante 50
f9c7e2c9: posts small blind 175
3987fbc8: posts big blind 350
*** HOLE CARDS ***
Dealt to 26ebc848 
Dealt to 92ff80bc 
Dealt to f9c7e2c9 
Dealt to 3987fbc8 
Dealt to 6f56e510 
Dealt to 14775793 
Dealt to Hero [Qh Qd]
Dealt to 2f0cf15c 
6f56e510: folds
14775793: folds
Hero: raises 350 to 700
2f0cf15c: folds
26ebc848: folds
92ff80bc: folds
f9c7e2c9: folds
3987fbc8: calls 350
*** FLOP *** [Kh Ah 2h]
3987fbc8: checks
Hero: bets 652
3987fbc8: calls 652
*** TURN *** [Kh Ah 2h] [5h]
3987fbc8: checks
Hero: bets 1,640
3987fbc8: calls 1,640
*** RIVER *** [Kh Ah 2h 5h] [Qc]
3987fbc8: checks
Hero: bets 2,165
3987fbc8: calls 2,165
Hero: shows [Qh Qd] (a flush Ace high)
3987fbc8: shows [Th 9h] (a flush Ace high)
*** SHOWDOWN ***
Hero collected 10,889 from pot
*** SUMMARY ***
Total pot 10,889 | Rake 0 | Jackpot 0 | Bingo 0 | Fortune 0 | Tax 0
Board [Kh Ah 2h 5h Qc]
Seat 1: 26ebc848 folded before Flop
Seat 2: 92ff80bc (button) folded before Flop
Seat 3: f9c7e2c9 (small blind) folded before Flop
Seat 4: 3987fbc8 (big blind) showed [Th 9h] and lost with a flush Ace high
Seat 5: 6f56e510 folded before Flop
Seat 6: 14775793 folded before Flop
Seat 7: Hero showed [Qh Qd] and won (10,889) with a flush Ace high
Seat 8: 2f0cf15c folded before Flop


Poker Hand #TM5546186639: Tournament #261059273, Bounty Hunters Special $10.80 Hold'em No Limit - Level7(175/350(50)) - 2026/02/04 21:51:18
Table '173' 8-max Seat #1 is the button
Seat 1: 26ebc848 (15,821 in chips)
Seat 2: 92ff80bc (43,059 in chips)
Seat 3: f9c7e2c9 (12,669 in chips)
Seat 4: 3987fbc8 (14,201 in chips)
Seat 5: 6f56e510 (6,388 in chips)
Seat 6: 14775793 (12,354 in chips)
Seat 7: Hero (10,000 in chips)
Seat 8: 2f0cf15c (18,639 in chips)
2f0cf15c: posts the ante 50
26ebc848: posts the ante 50
Hero: posts the ante 50
3987fbc8: posts the ante 50
6f56e510: posts the ante 50
f9c7e2c9: posts the ante 50
14775793: posts the ante 50
92ff80bc: posts the ante 50
92ff80bc: posts small blind 175
f9c7e2c9: posts big blind 350
*** HOLE CARDS ***
Dealt to 26ebc848 
Dealt to 92ff80bc 
Dealt to f9c7e2c9 
Dealt to 3987fbc8 
Dealt to 6f56e510 
Dealt to 14775793 
Dealt to Hero [2h 6c]
Dealt to 2f0cf15c 
3987fbc8: folds
6f56e510: folds
14775793: folds
Hero: folds
2f0cf15c: folds
26ebc848: raises 350 to 700
92ff80bc: folds
f9c7e2c9: folds
Uncalled bet (350) returned to 26ebc848
*** SHOWDOWN ***
26ebc848 collected 1,275 from pot
*** SUMMARY ***
Total pot 1,275 | Rake 0 | Jackpot 0 | Bingo 0 | Fortune 0 | Tax 0
Seat 1: 26ebc848 (button) collected (1,275)
Seat 2: 92ff80bc (small blind) folded before Flop
Seat 3: f9c7e2c9 (big blind) folded before Flop
Seat 4: 3987fbc8 folded before Flop
Seat 5: 6f56e510 folded before Flop
Seat 6: 14775793 folded before Flop
Seat 7: Hero folded before Flop
Seat 8: 2f0cf15c folded before Flop


