Poker Hand #TM5549282926: Tournament #261234974, Bounty Hunters Special $10.80 [6-Max] Hold'em No Limit - Level10(300/600(90)) - 2026/02/05 14:39:23
Table '3' 6-max Seat #5 is the button
Seat 1: 9488ee22 (9,610 in chips)
Seat 2: ca67e7c6 (9,910 in chips)
Seat 3: 48294139 (46,595 in chips)
Seat 4: 4d184324 (20,600 in chips)
Seat 5: 5f8bdc99 (62,615 in chips)
Seat 6: Hero (2,938 in chips)
4d184324: posts the ante 90
9488ee22: posts the ante 90
48294139: posts the ante 90
ca67e7c6: posts the ante 90
Hero: posts the ante 90
5f8bdc99: posts the ante 90
Hero: posts small blind 300
9488ee22: posts big blind 600
*** HOLE CARDS ***
Dealt to 9488ee22 
Dealt to ca67e7c6 
Dealt to 48294139 
Dealt to 4d184324 
Dealt to 5f8bdc99 
Dealt to Hero [9s Js]
ca67e7c6: raises 600 to 1,200
48294139: folds
4d184324: folds
5f8bdc99: folds
Hero: raises 1,648 to 2,848 and is all-in
9488ee22: folds
ca67e7c6: calls 1,648
Hero: shows [9s Js]
ca67e7c6: shows [Ac 8s]
*** FLOP *** [Ah Qs 3s]
*** TURN *** [Ah Qs 3s] [8c]
*** RIVER *** [Ah Qs 3s 8c] [5h]
*** SHOWDOWN ***
ca67e7c6 collected 6,836 from pot
*** SUMMARY ***
Total pot 6,836 | Rake 0 | Jackpot 0 | Bingo 0 | Fortune 0 | Tax 0
Board [Ah Qs 3s 8c 5h]
Seat 1: 9488ee22 (big blind) folded before Flop
Seat 2: ca67e7c6 showed [Ac 8s] and won (6,836) with two pair, Aces and Eights
Seat 3: 48294139 folded before Flop
Seat 4: 4d184324 folded before Flop
Seat 5: 5f8bdc99 (button) folded before Flop
Seat 6: Hero (small blind) showed [9s Js] and lost with Ace high


Poker Hand #TM5549282919: Tournament #261234974, Bounty Hunters Special $10.80 [6-Max] Hold'em No Limit - Level10(300/600(90)) - 2026/02/05 14:38:50
Table '3' 6-max Seat #4 is the button
Seat 1: 9488ee22 (9,700 in chips)
Seat 2: ca67e7c6 (10,000 in chips)
Seat 3: 48294139 (45,245 in chips)
Seat 4: 4d184324 (20,690 in chips)
Seat 5: 5f8bdc99 (63,005 in chips)
Seat 6: Hero (3,628 in chips)
4d184324: posts the ante 90
9488ee22: posts the ante 90
48294139: posts the ante 90
ca67e7c6: posts the ante 90
Hero: posts the ante 90
5f8bdc99: posts the ante 90
5f8bdc99: posts small blind 300
Hero: posts big blind 600
*** HOLE CARDS ***
Dealt to 9488ee22 
Dealt to ca67e7c6 
Dealt to 48294139 
Dealt to 4d184324 
Dealt to 5f8bdc99 
Dealt to Hero [4s 8h]
9488ee22: folds
ca67e7c6: folds
48294139: raises 720 to 1,320
4d184324: folds
5f8bdc99: folds
Hero: folds
Uncalled bet (720) returned to 48294139
*** SHOWDOWN ***
48294139 collected 2,040 from pot
*** SUMMARY ***
Total pot 2,040 | Rake 0 | Jackpot 0 | Bingo 0 | Fortune 0 | Tax 0
Seat 1: 9488ee22 folded before Flop
Seat 2: ca67e7c6 folded before Flop
Seat 3: 48294139 collected (2,040)
Seat 4: 4d184324 (button) folded before Flop
Seat 5: 5f8bdc99 (small blind) folded before Flop
Seat 6: Hero (big blind) folded before Flop


Poker Hand #TM5549282916: Tournament #261234974, Bounty Hunters Special $10.80 [6-Max] Hold'em No Limit - Level10(300/600(90)) - 2026/02/05 14:37:54
Table '3' 6-max Seat #3 is the button
Seat 1: 9488ee22 (19,610 in chips)
Seat 3: 48294139 (45,335 in chips)
Seat 4: 4d184324 (9,910 in chips)
Seat 5: 5f8bdc99 (63,695 in chips)
Seat 6: Hero (3,718 in chips)
9488ee22: posts the ante 90
4d184324: posts the ante 90
48294139: posts the ante 90
Hero: posts the ante 90
5f8bdc99: posts the ante 90
4d184324: posts small blind 300
5f8bdc99: posts big blind 600
*** HOLE CARDS ***
Dealt to 9488ee22 
Dealt to 48294139 
Dealt to 4d184324 
Dealt to 5f8bdc99 
Dealt to Hero [8h 5d]
Hero: folds
9488ee22: raises 600 to 1,200
48294139: folds
4d184324: raises 8,620 to 9,820 and is all-in
5f8bdc99: folds
9488ee22: calls 8,620
4d184324: shows [Qd As]
9488ee22: shows [Ts Tc]
*** FLOP *** [9d 2h Qs]
*** TURN *** [9d 2h Qs] [8c]
*** RIVER *** [9d 2h Qs 8c] [6s]
*** SHOWDOWN ***
4d184324 collected 20,690 from pot
*** SUMMARY ***
Total pot 20,690 | Rake 0 | Jackpot 0 | Bingo 0 | Fortune 0 | Tax 0
Board [9d 2h Qs 8c 6s]
Seat 1: 9488ee22 showed [Ts Tc] and lost with a pair of Tens
Seat 3: 48294139 (button) folded before Flop
Seat 4: 4d184324 (small blind) showed [Qd As] and won (20,690) with a pair of Queens
Seat 5: 5f8bdc99 (big blind) folded before Flop
Seat 6: Hero folded before Flop


Poker Hand #TM5549282909: Tournament #261234974, Bounty Hunters Special $10.80 [6-Max] Hold'em No Limit - Level10(300/600(90)) - 2026/02/05 14:36:44
Table '3' 6-max Seat #1 is the button
Seat 1: 9488ee22 (19,700 in chips)
Seat 2: c5583590 (11,010 in chips)
Seat 3: 48294139 (33,965 in chips)
Seat 4: 4d184324 (10,000 in chips)
Seat 5: 5f8bdc99 (63,785 in chips)
Seat 6: Hero (3,808 in chips)
9488ee22: posts the ante 90
4d184324: posts the ante 90
48294139: posts the ante 90
c5583590: posts the ante 90
Hero: posts the ante 90
5f8bdc99: posts the ante 90
c5583590: posts small blind 300
48294139: posts big blind 600
*** HOLE CARDS ***
Dealt to 9488ee22 
Dealt to c5583590 
Dealt to 48294139 
Dealt to 4d184324 
Dealt to 5f8bdc99 
Dealt to Hero [Tc 2s]
4d184324: folds
5f8bdc99: folds
Hero: folds
9488ee22: folds
c5583590: raises 10,320 to 10,920 and is all-in
48294139: calls 10,320
c5583590: shows [Ad 6c]
48294139: shows [Qd As]
*** FLOP *** [3h 8d 4c]
*** TURN *** [3h 8d 4c] [Ts]
*** RIVER *** [3h 8d 4c Ts] [3c]
*** SHOWDOWN ***
48294139 collected 22,380 from pot
*** SUMMARY ***
Total pot 22,380 | Rake 0 | Jackpot 0 | Bingo 0 | Fortune 0 | Tax 0
Board [3h 8d 4c Ts 3c]
Seat 1: 9488ee22 (button) folded before Flop
Seat 2: c5583590 (small blind) showed [Ad 6c] and lost with a pair of Threes
Seat 3: 48294139 (big blind) showed [Qd As] and won (22,380) with a pair of Threes
Seat 4: 4d184324 folded before Flop
Seat 5: 5f8bdc99 folded before Flop
Seat 6: Hero folded before Flop


Poker Hand #TM5549282901: Tournament #261234974, Bounty Hunters Special $10.80 [6-Max] Hold'em No Limit - Level10(300/600(90)) - 2026/02/05 14:35:27
Table '3' 6-max Seat #6 is the button
Seat 1: 9488ee22 (21,890 in chips)
Seat 2: c5583590 (12,300 in chips)
Seat 3: 48294139 (34,055 in chips)
Seat 5: 5f8bdc99 (60,125 in chips)
Seat 6: Hero (3,898 in chips)
9488ee22: posts the ante 90
48294139: posts the ante 90
c5583590: posts the ante 90
Hero: posts the ante 90
5f8bdc99: posts the ante 90
9488ee22: posts small blind 300
c5583590: posts big blind 600
*** HOLE CARDS ***
Dealt to 9488ee22 
Dealt to c5583590 
Dealt to 48294139 
Dealt to 5f8bdc99 
Dealt to Hero [Td 4d]
48294139: folds
5f8bdc99: raises 600 to 1,200
Hero: folds
9488ee22: calls 900
c5583590: calls 600
*** FLOP *** [9c 6s 9h]
9488ee22: checks
c5583590: checks
5f8bdc99: bets 900
9488ee22: calls 900
c5583590: folds
*** TURN *** [9c 6s 9h] [2d]
9488ee22: checks
5f8bdc99: bets 3,218
9488ee22: folds
Uncalled bet (3,218) returned to 5f8bdc99
*** SHOWDOWN ***
5f8bdc99 collected 5,850 from pot
*** SUMMARY ***
Total pot 5,850 | Rake 0 | Jackpot 0 | Bingo 0 | Fortune 0 | Tax 0
Board [9c 6s 9h 2d]
Seat 1: 9488ee22 (small blind) folded on the Turn
Seat 2: c5583590 (big blind) folded on the Flop
Seat 3: 48294139 folded before Flop
Seat 5: 5f8bdc99 won (5,850)
Seat 6: Hero (button) folded before Flop


Poker Hand #TM5549282898: Tournament #261234974, Bounty Hunters Special $10.80 [6-Max] Hold'em No Limit - Level10(300/600(90)) - 2026/02/05 14:34:36
Table '3' 6-max Seat #5 is the button
Seat 1: 9488ee22 (22,580 in chips)
Seat 2: c5583590 (5,715 in chips)
Seat 3: 48294139 (34,145 in chips)
Seat 5: 5f8bdc99 (60,215 in chips)
Seat 6: Hero (9,613 in chips)
9488ee22: posts the ante 90
48294139: posts the ante 90
c5583590: posts the ante 90
Hero: posts the ante 90
5f8bdc99: posts the ante 90
Hero: posts small blind 300
9488ee22: posts big blind 600
*** HOLE CARDS ***
Dealt to 9488ee22 
Dealt to c5583590 
Dealt to 48294139 
Dealt to 5f8bdc99 
Dealt to Hero [Ac 5h]
c5583590: raises 600 to 1,200
48294139: folds
5f8bdc99: folds
Hero: raises 8,323 to 9,523 and is all-in
9488ee22: folds
c5583590: calls 4,425 and is all-in
Uncalled bet (3,898) returned to Hero
Hero: shows [Ac 5h]
c5583590: shows [6s Ad]
*** FLOP *** [Th 9s Jd]
*** TURN *** [Th 9s Jd] [6d]
*** RIVER *** [Th 9s Jd 6d] [5d]
*** SHOWDOWN ***
c5583590 collected 12,300 from pot
*** SUMMARY ***
Total pot 12,300 | Rake 0 | Jackpot 0 | Bingo 0 | Fortune 0 | Tax 0
Board [Th 9s Jd 6d 5d]
Seat 1: 9488ee22 (big blind) folded before Flop
Seat 2: c5583590 showed [6s Ad] and won (12,300) with a pair of Sixes
Seat 3: 48294139 folded before Flop
Seat 5: 5f8bdc99 (button) folded before Flop
Seat 6: Hero (small blind) showed [Ac 5h] and lost with a pair of Fives


Poker Hand #TM5549282892: Tournament #261234974, Bounty Hunters Special $10.80 [6-Max] Hold'em No Limit - Level10(300/600(90)) - 2026/02/05 14:34:02
Table '3' 6-max Seat #3 is the button
Seat 1: 9488ee22 (22,670 in chips)
Seat 2: c5583590 (4,455 in chips)
Seat 3: 48294139 (34,235 in chips)
Seat 5: 5f8bdc99 (60,605 in chips)
Seat 6: Hero (10,303 in chips)
9488ee22: posts the ante 90
48294139: posts the ante 90
c5583590: posts the ante 90
Hero: posts the ante 90
5f8bdc99: posts the ante 90
5f8bdc99: posts small blind 300
Hero: posts big blind 600
*** HOLE CARDS ***
Dealt to 9488ee22 
Dealt to c5583590 
Dealt to 48294139 
Dealt to 5f8bdc99 
Dealt to Hero [2c 5c]
9488ee22: folds
c5583590: raises 3,765 to 4,365 and is all-in
48294139: folds
5f8bdc99: folds
Hero: folds
Uncalled bet (3,765) returned to c5583590
*** SHOWDOWN ***
c5583590 collected 1,950 from pot
*** SUMMARY ***
Total pot 1,950 | Rake 0 | Jackpot 0 | Bingo 0 | Fortune 0 | Tax 0
Seat 1: 9488ee22 folded before Flop
Seat 2: c5583590 collected (1,950)
Seat 3: 48294139 (button) folded before Flop
Seat 5: 5f8bdc99 (small blind) folded before Flop
Seat 6: Hero (big blind) folded before Flop


Poker Hand #TM5549282885: Tournament #261234974, Bounty Hunters Special $10.80 [6-Max] Hold'em No Limit - Level10(300/600(90)) - 2026/02/05 14:32:29
Table '3' 6-max Seat #2 is the button
Seat 1: 9488ee22 (10,000 in chips)
Seat 2: c5583590 (4,545 in chips)
Seat 3: 48294139 (44,235 in chips)
Seat 5: 5f8bdc99 (63,095 in chips)
Seat 6: Hero (10,393 in chips)
9488ee22: posts the ante 90
c5583590: posts the ante 90
48294139: posts the ante 90
Hero: posts the ante 90
5f8bdc99: posts the ante 90
48294139: posts small blind 300
5f8bdc99: posts big blind 600
*** HOLE CARDS ***
Dealt to 9488ee22 
Dealt to c5583590 
Dealt to 48294139 
Dealt to 5f8bdc99 
Dealt to Hero [5s 2h]
Hero: folds
9488ee22: calls 600
c5583590: folds
48294139: raises 1,800 to 2,400
5f8bdc99: calls 1,800
9488ee22: calls 1,800
*** FLOP *** [Th 7h 6c]
48294139: checks
5f8bdc99: checks
9488ee22: checks
*** TURN *** [Th 7h 6c] [7d]
48294139: bets 3,825
5f8bdc99: folds
9488ee22: calls 3,825
*** RIVER *** [Th 7h 6c 7d] [3h]
48294139: bets 5,049
9488ee22: calls 3,685 and is all-in
Uncalled bet (1,364) returned to 48294139
48294139: shows [Td Ac] (two pair, Tens and Sevens)
9488ee22: shows [9h Jh] (a flush Jack high)
*** SHOWDOWN ***
9488ee22 collected 22,670 from pot
*** SUMMARY ***
Total pot 22,670 | Rake 0 | Jackpot 0 | Bingo 0 | Fortune 0 | Tax 0
Board [Th 7h 6c 7d 3h]
Seat 1: 9488ee22 showed [9h Jh] and won (22,670) with a flush Jack high
Seat 2: c5583590 (button) folded before Flop
Seat 3: 48294139 (small blind) showed [Td Ac] and lost with two pair, Tens and Sevens
Seat 5: 5f8bdc99 (big blind) folded on the Turn
Seat 6: Hero folded before Flop


Poker Hand #TM5549282881: Tournament #261234974, Bounty Hunters Special $10.80 [6-Max] Hold'em No Limit - Level10(300/600(90)) - 2026/02/05 14:31:58
Table '3' 6-max Seat #6 is the button
Seat 2: c5583590 (4,935 in chips)
Seat 3: 48294139 (44,925 in chips)
Seat 4: 28ceb099 (18,626 in chips)
Seat 5: 5f8bdc99 (63,185 in chips)
Seat 6: Hero (12,283 in chips)
48294139: posts the ante 90
c5583590: posts the ante 90
Hero: posts the ante 90
5f8bdc99: posts the ante 90
28ceb099: posts the ante 90
c5583590: posts small blind 300
48294139: posts big blind 600
*** HOLE CARDS ***
Dealt to c5583590 
Dealt to 48294139 
Dealt to 28ceb099 
Dealt to 5f8bdc99 
Dealt to Hero [Ac 7s]
28ceb099: calls 600
5f8bdc99: folds
Hero: raises 1,200 to 1,800
c5583590: folds
48294139: folds
28ceb099: raises 16,736 to 18,536 and is all-in
Hero: folds
Uncalled bet (16,736) returned to 28ceb099
*** SHOWDOWN ***
28ceb099 collected 4,950 from pot
*** SUMMARY ***
Total pot 4,950 | Rake 0 | Jackpot 0 | Bingo 0 | Fortune 0 | Tax 0
Seat 2: c5583590 (small blind) folded before Flop
Seat 3: 48294139 (big blind) folded before Flop
Seat 4: 28ceb099 collected (4,950)
Seat 5: 5f8bdc99 folded before Flop
Seat 6: Hero (button) folded before Flop


Poker Hand #TM5549282877: Tournament #261234974, Bounty Hunters Special $10.80 [6-Max] Hold'em No Limit - Level10(300/600(90)) - 2026/02/05 14:31:06
Table '3' 6-max Seat #5 is the button
Seat 2: c5583590 (6,225 in chips)
Seat 3: 48294139 (43,065 in chips)
Seat 4: 28ceb099 (18,716 in chips)
Seat 5: 5f8bdc99 (63,275 in chips)
Seat 6: Hero (12,673 in chips)
48294139: posts the ante 90
c5583590: posts the ante 90
Hero: posts the ante 90
5f8bdc99: posts the ante 90
28ceb099: posts the ante 90
Hero: posts small blind 300
c5583590: posts big blind 600
*** HOLE CARDS ***
Dealt to c5583590 
Dealt to 48294139 
Dealt to 28ceb099 
Dealt to 5f8bdc99 
Dealt to Hero [4c As]
48294139: raises 600 to 1,200
28ceb099: folds
5f8bdc99: folds
Hero: folds
c5583590: calls 600
*** FLOP *** [6d Ac 7c]
c5583590: checks
48294139: bets 788
c5583590: folds
Uncalled bet (788) returned to 48294139
*** SHOWDOWN ***
48294139 collected 3,150 from pot
*** SUMMARY ***
Total pot 3,150 | Rake 0 | Jackpot 0 | Bingo 0 | Fortune 0 | Tax 0
Board [6d Ac 7c]
Seat 2: c5583590 (big blind) folded on the Flop
Seat 3: 48294139 won (3,150)
Seat 4: 28ceb099 folded before Flop
Seat 5: 5f8bdc99 (button) folded before Flop
Seat 6: Hero (small blind) folded before Flop


Poker Hand #TM5549282872: Tournament #261234974, Bounty Hunters Special $10.80 [6-Max] Hold'em No Limit - Level9(250/500(75)) - 2026/02/05 14:30:43
Table '3' 6-max Seat #4 is the button
Seat 2: c5583590 (6,300 in chips)
Seat 3: 48294139 (43,140 in chips)
Seat 4: 28ceb099 (18,791 in chips)
Seat 5: 5f8bdc99 (62,475 in chips)
Seat 6: Hero (13,248 in chips)
48294139: posts the ante 75
c5583590: posts the ante 75
Hero: posts the ante 75
5f8bdc99: posts the ante 75
28ceb099: posts the ante 75
5f8bdc99: posts small blind 250
Hero: posts big blind 500
*** HOLE CARDS ***
Dealt to c5583590 
Dealt to 48294139 
Dealt to 28ceb099 
Dealt to 5f8bdc99 
Dealt to Hero [3c Kh]
c5583590: folds
48294139: folds
28ceb099: folds
5f8bdc99: raises 1,250 to 1,750
Hero: folds
Uncalled bet (1,250) returned to 5f8bdc99
*** SHOWDOWN ***
5f8bdc99 collected 1,375 from pot
*** SUMMARY ***
Total pot 1,375 | Rake 0 | Jackpot 0 | Bingo 0 | Fortune 0 | Tax 0
Seat 2: c5583590 folded before Flop
Seat 3: 48294139 folded before Flop
Seat 4: 28ceb099 (button) folded before Flop
Seat 5: 5f8bdc99 (small blind) collected (1,375)
Seat 6: Hero (big blind) folded before Flop


Poker Hand #TM5549282863: Tournament #261234974, Bounty Hunters Special $10.80 [6-Max] Hold'em No Limit - Level9(250/500(75)) - 2026/02/05 14:29:43
Table '3' 6-max Seat #3 is the button
Seat 2: c5583590 (6,375 in chips)
Seat 3: 48294139 (44,315 in chips)
Seat 4: 28ceb099 (19,116 in chips)
Seat 5: 5f8bdc99 (60,825 in chips)
Seat 6: Hero (13,323 in chips)
48294139: posts the ante 75
c5583590: posts the ante 75
Hero: posts the ante 75
5f8bdc99: posts the ante 75
28ceb099: posts the ante 75
28ceb099: posts small blind 250
5f8bdc99: posts big blind 500
*** HOLE CARDS ***
Dealt to c5583590 
Dealt to 48294139 
Dealt to 28ceb099 
Dealt to 5f8bdc99 
Dealt to Hero [4s Jc]
Hero: folds
c5583590: folds
48294139: raises 600 to 1,100
28ceb099: folds
5f8bdc99: calls 600
*** FLOP *** [2d 5d 4d]
5f8bdc99: checks
48294139: checks
*** TURN *** [2d 5d 4d] [Ad]
5f8bdc99: bets 750
48294139: folds
Uncalled bet (750) returned to 5f8bdc99
*** SHOWDOWN ***
5f8bdc99 collected 2,825 from pot
*** SUMMARY ***
Total pot 2,825 | Rake 0 | Jackpot 0 | Bingo 0 | Fortune 0 | Tax 0
Board [2d 5d 4d Ad]
Seat 2: c5583590 folded before Flop
Seat 3: 48294139 (button) folded on the Turn
Seat 4: 28ceb099 (small blind) folded before Flop
Seat 5: 5f8bdc99 (big blind) won (2,825)
Seat 6: Hero folded before Flop


Poker Hand #TM5549282852: Tournament #261234974, Bounty Hunters Special $10.80 [6-Max] Hold'em No Limit - Level9(250/500(75)) - 2026/02/05 14:28:20
Table '3' 6-max Seat #2 is the button
Seat 1: df0b2e2 (9,889 in chips)
Seat 2: c5583590 (8,950 in chips)
Seat 3: 48294139 (29,126 in chips)
Seat 4: 28ceb099 (21,691 in chips)
Seat 5: 5f8bdc99 (60,900 in chips)
Seat 6: Hero (13,398 in chips)
c5583590: posts the ante 75
48294139: posts the ante 75
Hero: posts the ante 75
df0b2e2: posts the ante 75
5f8bdc99: posts the ante 75
28ceb099: posts the ante 75
48294139: posts small blind 250
28ceb099: posts big blind 500
*** HOLE CARDS ***
Dealt to df0b2e2 
Dealt to c5583590 
Dealt to 48294139 
Dealt to 28ceb099 
Dealt to 5f8bdc99 
Dealt to Hero [Jd 3c]
5f8bdc99: folds
Hero: folds
df0b2e2: calls 500
c5583590: calls 500
48294139: raises 2,000 to 2,500
28ceb099: calls 2,000
df0b2e2: calls 2,000
c5583590: calls 2,000
*** FLOP *** [6s 5d 8h]
48294139: bets 7,475
28ceb099: folds
df0b2e2: calls 7,314 and is all-in
c5583590: folds
Uncalled bet (161) returned to 48294139
48294139: shows [8d Ac] (a pair of Eights)
df0b2e2: shows [8c 9h] (a pair of Eights)
*** TURN *** [6s 5d 8h] [2c]
*** RIVER *** [6s 5d 8h 2c] [3h]
*** SHOWDOWN ***
48294139 collected 25,078 from pot
*** SUMMARY ***
Total pot 25,078 | Rake 0 | Jackpot 0 | Bingo 0 | Fortune 0 | Tax 0
Board [6s 5d 8h 2c 3h]
Seat 1: df0b2e2 showed [8c 9h] and lost with a pair of Eights
Seat 2: c5583590 (button) folded on the Flop
Seat 3: 48294139 (small blind) showed [8d Ac] and won (25,078) with a pair of Eights
Seat 4: 28ceb099 (big blind) folded on the Flop
Seat 5: 5f8bdc99 folded before Flop
Seat 6: Hero folded before Flop


Poker Hand #TM5549282847: Tournament #261234974, Bounty Hunters Special $10.80 [6-Max] Hold'em No Limit - Level9(250/500(75)) - 2026/02/05 14:27:48
Table '3' 6-max Seat #1 is the button
Seat 1: df0b2e2 (9,964 in chips)
Seat 2: c5583590 (9,275 in chips)
Seat 3: 48294139 (29,701 in chips)
Seat 4: 28ceb099 (21,766 in chips)
Seat 5: 5f8bdc99 (59,775 in chips)
Seat 6: Hero (13,473 in chips)
48294139: posts the ante 75
c5583590: posts the ante 75
Hero: posts the ante 75
df0b2e2: posts the ante 75
5f8bdc99: posts the ante 75
28ceb099: posts the ante 75
c5583590: posts small blind 250
48294139: posts big blind 500
*** HOLE CARDS ***
Dealt to df0b2e2 
Dealt to c5583590 
Dealt to 48294139 
Dealt to 28ceb099 
Dealt to 5f8bdc99 
Dealt to Hero [5s 7c]
28ceb099: folds
5f8bdc99: raises 500 to 1,000
Hero: folds
df0b2e2: folds
c5583590: folds
48294139: folds
Uncalled bet (500) returned to 5f8bdc99
*** SHOWDOWN ***
5f8bdc99 collected 1,700 from pot
*** SUMMARY ***
Total pot 1,700 | Rake 0 | Jackpot 0 | Bingo 0 | Fortune 0 | Tax 0
Seat 1: df0b2e2 (button) folded before Flop
Seat 2: c5583590 (small blind) folded before Flop
Seat 3: 48294139 (big blind) folded before Flop
Seat 4: 28ceb099 folded before Flop
Seat 5: 5f8bdc99 collected (1,700)
Seat 6: Hero folded before Flop


Poker Hand #TM5549282844: Tournament #261234974, Bounty Hunters Special $10.80 [6-Max] Hold'em No Limit - Level9(250/500(75)) - 2026/02/05 14:27:07
Table '3' 6-max Seat #6 is the button
Seat 1: df0b2e2 (10,539 in chips)
Seat 2: c5583590 (9,850 in chips)
Seat 3: 48294139 (29,776 in chips)
Seat 4: 28ceb099 (20,391 in chips)
Seat 5: 5f8bdc99 (59,850 in chips)
Seat 6: Hero (13,548 in chips)
48294139: posts the ante 75
c5583590: posts the ante 75
Hero: posts the ante 75
5f8bdc99: posts the ante 75
df0b2e2: posts the ante 75
28ceb099: posts the ante 75
df0b2e2: posts small blind 250
c5583590: posts big blind 500
*** HOLE CARDS ***
Dealt to df0b2e2 
Dealt to c5583590 
Dealt to 48294139 
Dealt to 28ceb099 
Dealt to 5f8bdc99 
Dealt to Hero [8s Td]
48294139: folds
28ceb099: calls 500
5f8bdc99: folds
Hero: folds
df0b2e2: calls 250
c5583590: checks
*** FLOP *** [6d Qc Ts]
df0b2e2: checks
c5583590: checks
28ceb099: bets 1,463
df0b2e2: folds
c5583590: folds
Uncalled bet (1,463) returned to 28ceb099
*** SHOWDOWN ***
28ceb099 collected 1,950 from pot
*** SUMMARY ***
Total pot 1,950 | Rake 0 | Jackpot 0 | Bingo 0 | Fortune 0 | Tax 0
Board [6d Qc Ts]
Seat 1: df0b2e2 (small blind) folded on the Flop
Seat 2: c5583590 (big blind) folded on the Flop
Seat 3: 48294139 folded before Flop
Seat 4: 28ceb099 won (1,950)
Seat 5: 5f8bdc99 folded before Flop
Seat 6: Hero (button) folded before Flop


Poker Hand #TM5549282836: Tournament #261234974, Bounty Hunters Special $10.80 [6-Max] Hold'em No Limit - Level9(250/500(75)) - 2026/02/05 14:26:23
Table '3' 6-max Seat #5 is the button
Seat 1: df0b2e2 (17,638 in chips)
Seat 2: c5583590 (9,925 in chips)
Seat 3: 48294139 (29,851 in chips)
Seat 4: 28ceb099 (20,466 in chips)
Seat 5: 5f8bdc99 (52,201 in chips)
Seat 6: Hero (13,873 in chips)
48294139: posts the ante 75
c5583590: posts the ante 75
Hero: posts the ante 75
5f8bdc99: posts the ante 75
df0b2e2: posts the ante 75
28ceb099: posts the ante 75
Hero: posts small blind 250
df0b2e2: posts big blind 500
*** HOLE CARDS ***
Dealt to df0b2e2 
Dealt to c5583590 
Dealt to 48294139 
Dealt to 28ceb099 
Dealt to 5f8bdc99 
Dealt to Hero [Ts 3c]
c5583590: folds
48294139: folds
28ceb099: folds
5f8bdc99: raises 500 to 1,000
Hero: folds
df0b2e2: calls 500
*** FLOP *** [6d Kd Jh]
df0b2e2: checks
5f8bdc99: bets 1,486
df0b2e2: calls 1,486
*** TURN *** [6d Kd Jh] [3h]
df0b2e2: checks
5f8bdc99: bets 4,538
df0b2e2: calls 4,538
*** RIVER *** [6d Kd Jh 3h] [Td]
df0b2e2: checks
5f8bdc99: checks
df0b2e2: shows [Qs Jd] (a pair of Jacks)
5f8bdc99: shows [9c Kh] (a pair of Kings)
*** SHOWDOWN ***
5f8bdc99 collected 14,748 from pot
*** SUMMARY ***
Total pot 14,748 | Rake 0 | Jackpot 0 | Bingo 0 | Fortune 0 | Tax 0
Board [6d Kd Jh 3h Td]
Seat 1: df0b2e2 (big blind) showed [Qs Jd] and lost with a pair of Jacks
Seat 2: c5583590 folded before Flop
Seat 3: 48294139 folded before Flop
Seat 4: 28ceb099 folded before Flop
Seat 5: 5f8bdc99 (button) showed [9c Kh] and won (14,748) with a pair of Kings
Seat 6: Hero (small blind) folded before Flop


Poker Hand #TM5549282831: Tournament #261234974, Bounty Hunters Special $10.80 [6-Max] Hold'em No Limit - Level9(250/500(75)) - 2026/02/05 14:25:38
Table '3' 6-max Seat #4 is the button
Seat 1: df0b2e2 (12,713 in chips)
Seat 2: c5583590 (10,000 in chips)
Seat 3: 48294139 (29,926 in chips)
Seat 4: 28ceb099 (24,341 in chips)
Seat 5: 5f8bdc99 (52,526 in chips)
Seat 6: Hero (14,448 in chips)
48294139: posts the ante 75
c5583590: posts the ante 75
Hero: posts the ante 75
df0b2e2: posts the ante 75
5f8bdc99: posts the ante 75
28ceb099: posts the ante 75
5f8bdc99: posts small blind 250
Hero: posts big blind 500
*** HOLE CARDS ***
Dealt to df0b2e2 
Dealt to c5583590 
Dealt to 48294139 
Dealt to 28ceb099 
Dealt to 5f8bdc99 
Dealt to Hero [Ks 7h]
df0b2e2: calls 500
c5583590: folds
48294139: folds
28ceb099: calls 500
5f8bdc99: folds
Hero: checks
*** FLOP *** [2s 9h Tc]
Hero: checks
df0b2e2: bets 1,100
28ceb099: calls 1,100
Hero: folds
*** TURN *** [2s 9h Tc] [3c]
df0b2e2: bets 2,200
28ceb099: calls 2,200
*** RIVER *** [2s 9h Tc 3c] [6s]
df0b2e2: bets 6,600
28ceb099: folds
Uncalled bet (6,600) returned to df0b2e2
*** SHOWDOWN ***
df0b2e2 collected 8,800 from pot
*** SUMMARY ***
Total pot 8,800 | Rake 0 | Jackpot 0 | Bingo 0 | Fortune 0 | Tax 0
Board [2s 9h Tc 3c 6s]
Seat 1: df0b2e2 showed [Td] and won (8,800)
Seat 2: c5583590 folded before Flop
Seat 3: 48294139 folded before Flop
Seat 4: 28ceb099 (button) folded on the River
Seat 5: 5f8bdc99 (small blind) folded before Flop
Seat 6: Hero (big blind) folded on the Flop


Poker Hand #TM5549282824: Tournament #261234974, Bounty Hunters Special $10.80 [6-Max] Hold'em No Limit - Level9(250/500(75)) - 2026/02/05 14:24:50
Table '3' 6-max Seat #3 is the button
Seat 1: df0b2e2 (12,788 in chips)
Seat 3: 48294139 (30,001 in chips)
Seat 4: 28ceb099 (24,666 in chips)
Seat 5: 5f8bdc99 (53,601 in chips)
Seat 6: Hero (12,898 in chips)
48294139: posts the ante 75
Hero: posts the ante 75
df0b2e2: posts the ante 75
5f8bdc99: posts the ante 75
28ceb099: posts the ante 75
28ceb099: posts small blind 250
5f8bdc99: posts big blind 500
*** HOLE CARDS ***
Dealt to df0b2e2 
Dealt to 48294139 
Dealt to 28ceb099 
Dealt to 5f8bdc99 
Dealt to Hero [Jc Kh]
Hero: raises 500 to 1,000
df0b2e2: folds
48294139: folds
28ceb099: folds
5f8bdc99: calls 500
*** FLOP *** [Ts 7s 4h]
5f8bdc99: checks
Hero: checks
*** TURN *** [Ts 7s 4h] [9c]
5f8bdc99: checks
Hero: checks
*** RIVER *** [Ts 7s 4h 9c] [Jh]
5f8bdc99: checks
Hero: bets 1,313
5f8bdc99: folds
Uncalled bet (1,313) returned to Hero
*** SHOWDOWN ***
Hero collected 2,625 from pot
*** SUMMARY ***
Total pot 2,625 | Rake 0 | Jackpot 0 | Bingo 0 | Fortune 0 | Tax 0
Board [Ts 7s 4h 9c Jh]
Seat 1: df0b2e2 folded before Flop
Seat 3: 48294139 (button) folded before Flop
Seat 4: 28ceb099 (small blind) folded before Flop
Seat 5: 5f8bdc99 (big blind) folded on the River
Seat 6: Hero won (2,625)


Poker Hand #TM5549282819: Tournament #261234974, Bounty Hunters Special $10.80 [6-Max] Hold'em No Limit - Level9(250/500(75)) - 2026/02/05 14:24:02
Table '3' 6-max Seat #1 is the button
Seat 1: df0b2e2 (15,060 in chips)
Seat 3: 48294139 (30,326 in chips)
Seat 4: 28ceb099 (25,741 in chips)
Seat 5: 5f8bdc99 (53,676 in chips)
Seat 6: Hero (9,151 in chips)
48294139: posts the ante 75
Hero: posts the ante 75
df0b2e2: posts the ante 75
5f8bdc99: posts the ante 75
28ceb099: posts the ante 75
48294139: posts small blind 250
28ceb099: posts big blind 500
*** HOLE CARDS ***
Dealt to df0b2e2 
Dealt to 48294139 
Dealt to 28ceb099 
Dealt to 5f8bdc99 
Dealt to Hero [Qh 8h]
5f8bdc99: folds
Hero: raises 500 to 1,000
df0b2e2: calls 1,000
48294139: folds
28ceb099: calls 500
*** FLOP *** [Kh 4c Qd]
28ceb099: checks
Hero: bets 1,197
df0b2e2: calls 1,197
28ceb099: folds
*** TURN *** [Kh 4c Qd] [6c]
Hero: bets 6,879 and is all-in
df0b2e2: folds
Uncalled bet (6,879) returned to Hero
*** SHOWDOWN ***
Hero collected 6,019 from pot
*** SUMMARY ***
Total pot 6,019 | Rake 0 | Jackpot 0 | Bingo 0 | Fortune 0 | Tax 0
Board [Kh 4c Qd 6c]
Seat 1: df0b2e2 (button) folded on the Turn
Seat 3: 48294139 (small blind) folded before Flop
Seat 4: 28ceb099 (big blind) folded on the Flop
Seat 5: 5f8bdc99 folded before Flop
Seat 6: Hero won (6,019)


Poker Hand #TM5549282812: Tournament #261234974, Bounty Hunters Special $10.80 [6-Max] Hold'em No Limit - Level9(250/500(75)) - 2026/02/05 14:23:15
Table '3' 6-max Seat #6 is the button
Seat 1: df0b2e2 (15,385 in chips)
Seat 3: 48294139 (30,901 in chips)
Seat 4: 28ceb099 (29,829 in chips)
Seat 5: 5f8bdc99 (53,751 in chips)
Seat 6: Hero (4,088 in chips)
48294139: posts the ante 75
Hero: posts the ante 75
5f8bdc99: posts the ante 75
df0b2e2: posts the ante 75
28ceb099: posts the ante 75
df0b2e2: posts small blind 250
48294139: posts big blind 500
*** HOLE CARDS ***
Dealt to df0b2e2 
Dealt to 48294139 
Dealt to 28ceb099 
Dealt to 5f8bdc99 
Dealt to Hero [9c 9h]
28ceb099: raises 500 to 1,000
5f8bdc99: folds
Hero: raises 3,013 to 4,013 and is all-in
df0b2e2: folds
48294139: folds
28ceb099: calls 3,013
Hero: shows [9c 9h]
28ceb099: shows [4c 4h]
*** FLOP *** [Kd 3h 8d]
*** TURN *** [Kd 3h 8d] [Ts]
*** RIVER *** [Kd 3h 8d Ts] [7s]
df0b2e2: shows [Kh] (a pair of Kings)
*** SHOWDOWN ***
Hero collected 9,151 from pot
*** SUMMARY ***
Total pot 9,151 | Rake 0 | Jackpot 0 | Bingo 0 | Fortune 0 | Tax 0
Board [Kd 3h 8d Ts 7s]
Seat 1: df0b2e2 (small blind) folded before Flop
Seat 3: 48294139 (big blind) folded before Flop
Seat 4: 28ceb099 showed [4c 4h] and lost with a pair of Fours
Seat 5: 5f8bdc99 folded before Flop
Seat 6: Hero (button) showed [9c 9h] and won (9,151) with a pair of Nines


Poker Hand #TM5549282805: Tournament #261234974, Bounty Hunters Special $10.80 [6-Max] Hold'em No Limit - Level9(250/500(75)) - 2026/02/05 14:22:21
Table '3' 6-max Seat #5 is the button
Seat 1: df0b2e2 (12,760 in chips)
Seat 2: 486d55b9 (65,694 in chips)
Seat 3: 48294139 (30,976 in chips)
Seat 4: 28ceb099 (31,904 in chips)
Seat 5: 5f8bdc99 (53,826 in chips)
Seat 6: Hero (4,413 in chips)
486d55b9: posts the ante 75
48294139: posts the ante 75
Hero: posts the ante 75
5f8bdc99: posts the ante 75
df0b2e2: posts the ante 75
28ceb099: posts the ante 75
Hero: posts small blind 250
df0b2e2: posts big blind 500
*** HOLE CARDS ***
Dealt to df0b2e2 
Dealt to 486d55b9 
Dealt to 48294139 
Dealt to 28ceb099 
Dealt to 5f8bdc99 
Dealt to Hero [2s Th]
486d55b9: folds
48294139: folds
28ceb099: calls 500
5f8bdc99: folds
Hero: folds
df0b2e2: raises 1,500 to 2,000
28ceb099: calls 1,500
*** FLOP *** [6s 9s Ts]
df0b2e2: bets 3,525
28ceb099: folds
Uncalled bet (3,525) returned to df0b2e2
*** SHOWDOWN ***
df0b2e2 collected 4,700 from pot
*** SUMMARY ***
Total pot 4,700 | Rake 0 | Jackpot 0 | Bingo 0 | Fortune 0 | Tax 0
Board [6s 9s Ts]
Seat 1: df0b2e2 (big blind) won (4,700)
Seat 2: 486d55b9 folded before Flop
Seat 3: 48294139 folded before Flop
Seat 4: 28ceb099 folded on the Flop
Seat 5: 5f8bdc99 (button) folded before Flop
Seat 6: Hero (small blind) folded before Flop


Poker Hand #TM5549282795: Tournament #261234974, Bounty Hunters Special $10.80 [6-Max] Hold'em No Limit - Level9(250/500(75)) - 2026/02/05 14:20:53
Table '3' 6-max Seat #4 is the button
Seat 1: df0b2e2 (14,335 in chips)
Seat 2: 486d55b9 (68,686 in chips)
Seat 3: 48294139 (31,051 in chips)
Seat 4: 28ceb099 (31,979 in chips)
Seat 5: 5f8bdc99 (48,534 in chips)
Seat 6: Hero (4,988 in chips)
486d55b9: posts the ante 75
48294139: posts the ante 75
Hero: posts the ante 75
df0b2e2: posts the ante 75
5f8bdc99: posts the ante 75
28ceb099: posts the ante 75
5f8bdc99: posts small blind 250
Hero: posts big blind 500
*** HOLE CARDS ***
Dealt to df0b2e2 
Dealt to 486d55b9 
Dealt to 48294139 
Dealt to 28ceb099 
Dealt to 5f8bdc99 
Dealt to Hero [5s 4d]
df0b2e2: calls 500
486d55b9: raises 1,000 to 1,500
48294139: folds
28ceb099: folds
5f8bdc99: calls 1,250
Hero: folds
df0b2e2: calls 1,000
*** FLOP *** [Ac 2h 6h]
5f8bdc99: checks
df0b2e2: checks
486d55b9: bets 1,417
5f8bdc99: calls 1,417
df0b2e2: folds
*** TURN *** [Ac 2h 6h] [7s]
5f8bdc99: checks
486d55b9: checks
*** RIVER *** [Ac 2h 6h 7s] [Qh]
5f8bdc99: checks
486d55b9: checks
5f8bdc99: shows [As Js] (a pair of Aces)
486d55b9: shows [Ah 8s] (a pair of Aces)
*** SHOWDOWN ***
5f8bdc99 collected 8,284 from pot
*** SUMMARY ***
Total pot 8,284 | Rake 0 | Jackpot 0 | Bingo 0 | Fortune 0 | Tax 0
Board [Ac 2h 6h 7s Qh]
Seat 1: df0b2e2 folded on the Flop
Seat 2: 486d55b9 showed [Ah 8s] and lost with a pair of Aces
Seat 3: 48294139 folded before Flop
Seat 4: 28ceb099 (button) folded before Flop
Seat 5: 5f8bdc99 (small blind) showed [As Js] and won (8,284) with a pair of Aces
Seat 6: Hero (big blind) folded before Flop


Poker Hand #TM5549282790: Tournament #261234974, Bounty Hunters Special $10.80 [6-Max] Hold'em No Limit - Level9(250/500(75)) - 2026/02/05 14:20:26
Table '3' 6-max Seat #2 is the button
Seat 2: 486d55b9 (68,761 in chips)
Seat 4: 28ceb099 (32,554 in chips)
Seat 5: 5f8bdc99 (47,809 in chips)
Seat 6: Hero (5,063 in chips)
486d55b9: posts the ante 75
Hero: posts the ante 75
5f8bdc99: posts the ante 75
28ceb099: posts the ante 75
28ceb099: posts small blind 250
5f8bdc99: posts big blind 500
*** HOLE CARDS ***
Dealt to 486d55b9 
Dealt to 28ceb099 
Dealt to 5f8bdc99 
Dealt to Hero [8c Td]
Hero: folds
486d55b9: folds
28ceb099: calls 250
5f8bdc99: raises 1,500 to 2,000
28ceb099: folds
Uncalled bet (1,500) returned to 5f8bdc99
*** SHOWDOWN ***
5f8bdc99 collected 1,300 from pot
*** SUMMARY ***
Total pot 1,300 | Rake 0 | Jackpot 0 | Bingo 0 | Fortune 0 | Tax 0
Seat 2: 486d55b9 (button) folded before Flop
Seat 4: 28ceb099 (small blind) folded before Flop
Seat 5: 5f8bdc99 (big blind) collected (1,300)
Seat 6: Hero folded before Flop


Poker Hand #TM5549282784: Tournament #261234974, Bounty Hunters Special $10.80 [6-Max] Hold'em No Limit - Level9(250/500(75)) - 2026/02/05 14:19:21
Table '3' 6-max Seat #1 is the button
Seat 1: 9f74b4c (17,811 in chips)
Seat 2: 486d55b9 (50,225 in chips)
Seat 4: 28ceb099 (33,129 in chips)
Seat 5: 5f8bdc99 (47,884 in chips)
Seat 6: Hero (5,138 in chips)
486d55b9: posts the ante 75
Hero: posts the ante 75
5f8bdc99: posts the ante 75
9f74b4c: posts the ante 75
28ceb099: posts the ante 75
486d55b9: posts small blind 250
28ceb099: posts big blind 500
*** HOLE CARDS ***
Dealt to 9f74b4c 
Dealt to 486d55b9 
Dealt to 28ceb099 
Dealt to 5f8bdc99 
Dealt to Hero [6c 9d]
5f8bdc99: folds
Hero: folds
9f74b4c: raises 500 to 1,000
486d55b9: raises 2,750 to 3,750
28ceb099: folds
9f74b4c: raises 13,986 to 17,736 and is all-in
486d55b9: calls 13,986
9f74b4c: shows [Tc 9c]
486d55b9: shows [Qh Qc]
*** FLOP *** [3s Js Jd]
*** TURN *** [3s Js Jd] [7h]
*** RIVER *** [3s Js Jd 7h] [Th]
*** SHOWDOWN ***
486d55b9 collected 36,347 from pot
*** SUMMARY ***
Total pot 36,347 | Rake 0 | Jackpot 0 | Bingo 0 | Fortune 0 | Tax 0
Board [3s Js Jd 7h Th]
Seat 1: 9f74b4c (button) showed [Tc 9c] and lost with two pair, Jacks and Tens
Seat 2: 486d55b9 (small blind) showed [Qh Qc] and won (36,347) with two pair, Queens and Jacks
Seat 4: 28ceb099 (big blind) folded before Flop
Seat 5: 5f8bdc99 folded before Flop
Seat 6: Hero folded before Flop


Poker Hand #TM5549282775: Tournament #261234974, Bounty Hunters Special $10.80 [6-Max] Hold'em No Limit - Level8(200/400(60)) - 2026/02/05 14:18:18
Table '3' 6-max Seat #6 is the button
Seat 1: 9f74b4c (18,071 in chips)
Seat 2: 486d55b9 (50,685 in chips)
Seat 3: 9f421c48 (2,670 in chips)
Seat 4: 28ceb099 (29,619 in chips)
Seat 5: 5f8bdc99 (47,944 in chips)
Seat 6: Hero (5,198 in chips)
486d55b9: posts the ante 60
Hero: posts the ante 60
9f421c48: posts the ante 60
5f8bdc99: posts the ante 60
9f74b4c: posts the ante 60
28ceb099: posts the ante 60
9f74b4c: posts small blind 200
486d55b9: posts big blind 400
*** HOLE CARDS ***
Dealt to 9f74b4c 
Dealt to 486d55b9 
Dealt to 9f421c48 
Dealt to 28ceb099 
Dealt to 5f8bdc99 
Dealt to Hero [Qs 4h]
9f421c48: raises 2,210 to 2,610 and is all-in
28ceb099: calls 2,610
5f8bdc99: folds
Hero: folds
9f74b4c: folds
486d55b9: folds
9f421c48: shows [5d Ad]
28ceb099: shows [6h 6c]
*** FLOP *** [9d 2h 2c]
*** TURN *** [9d 2h 2c] [Jc]
*** RIVER *** [9d 2h 2c Jc] [Kd]
*** SHOWDOWN ***
28ceb099 collected 6,180 from pot
*** SUMMARY ***
Total pot 6,180 | Rake 0 | Jackpot 0 | Bingo 0 | Fortune 0 | Tax 0
Board [9d 2h 2c Jc Kd]
Seat 1: 9f74b4c (small blind) folded before Flop
Seat 2: 486d55b9 (big blind) folded before Flop
Seat 3: 9f421c48 showed [5d Ad] and lost with a pair of Twos
Seat 4: 28ceb099 showed [6h 6c] and won (6,180) with two pair, Sixes and Twos
Seat 5: 5f8bdc99 folded before Flop
Seat 6: Hero (button) folded before Flop


Poker Hand #TM5549282768: Tournament #261234974, Bounty Hunters Special $10.80 [6-Max] Hold'em No Limit - Level8(200/400(60)) - 2026/02/05 14:17:26
Table '3' 6-max Seat #5 is the button
Seat 1: 9f74b4c (18,531 in chips)
Seat 2: 486d55b9 (50,745 in chips)
Seat 3: 9f421c48 (2,730 in chips)
Seat 4: 28ceb099 (32,295 in chips)
Seat 5: 5f8bdc99 (44,428 in chips)
Seat 6: Hero (5,458 in chips)
486d55b9: posts the ante 60
9f421c48: posts the ante 60
Hero: posts the ante 60
5f8bdc99: posts the ante 60
9f74b4c: posts the ante 60
28ceb099: posts the ante 60
Hero: posts small blind 200
9f74b4c: posts big blind 400
*** HOLE CARDS ***
Dealt to 9f74b4c 
Dealt to 486d55b9 
Dealt to 9f421c48 
Dealt to 28ceb099 
Dealt to 5f8bdc99 
Dealt to Hero [Td 3h]
486d55b9: folds
9f421c48: folds
28ceb099: calls 400
5f8bdc99: raises 1,000 to 1,400
Hero: folds
9f74b4c: folds
28ceb099: calls 1,000
*** FLOP *** [7c Jh 4c]
28ceb099: checks
5f8bdc99: bets 1,216
28ceb099: calls 1,216
*** TURN *** [7c Jh 4c] [3c]
28ceb099: checks
5f8bdc99: checks
*** RIVER *** [7c Jh 4c 3c] [5h]
28ceb099: checks
5f8bdc99: checks
28ceb099: shows [9d Th] (Jack high)
5f8bdc99: shows [Kh Jd] (a pair of Jacks)
*** SHOWDOWN ***
5f8bdc99 collected 6,192 from pot
*** SUMMARY ***
Total pot 6,192 | Rake 0 | Jackpot 0 | Bingo 0 | Fortune 0 | Tax 0
Board [7c Jh 4c 3c 5h]
Seat 1: 9f74b4c (big blind) folded before Flop
Seat 2: 486d55b9 folded before Flop
Seat 3: 9f421c48 folded before Flop
Seat 4: 28ceb099 showed [9d Th] and lost with Jack high
Seat 5: 5f8bdc99 (button) showed [Kh Jd] and won (6,192) with a pair of Jacks
Seat 6: Hero (small blind) folded before Flop


Poker Hand #TM5549282762: Tournament #261234974, Bounty Hunters Special $10.80 [6-Max] Hold'em No Limit - Level8(200/400(60)) - 2026/02/05 14:16:48
Table '3' 6-max Seat #4 is the button
Seat 1: 9f74b4c (18,591 in chips)
Seat 2: 486d55b9 (50,805 in chips)
Seat 3: 9f421c48 (2,790 in chips)
Seat 4: 28ceb099 (32,755 in chips)
Seat 5: 5f8bdc99 (44,688 in chips)
Seat 6: Hero (4,558 in chips)
486d55b9: posts the ante 60
9f421c48: posts the ante 60
Hero: posts the ante 60
5f8bdc99: posts the ante 60
9f74b4c: posts the ante 60
28ceb099: posts the ante 60
5f8bdc99: posts small blind 200
Hero: posts big blind 400
*** HOLE CARDS ***
Dealt to 9f74b4c 
Dealt to 486d55b9 
Dealt to 9f421c48 
Dealt to 28ceb099 
Dealt to 5f8bdc99 
Dealt to Hero [8h 8c]
9f74b4c: folds
486d55b9: folds
9f421c48: folds
28ceb099: calls 400
5f8bdc99: folds
Hero: raises 4,098 to 4,498 and is all-in
28ceb099: folds
Uncalled bet (4,098) returned to Hero
*** SHOWDOWN ***
Hero collected 1,360 from pot
*** SUMMARY ***
Total pot 1,360 | Rake 0 | Jackpot 0 | Bingo 0 | Fortune 0 | Tax 0
Seat 1: 9f74b4c folded before Flop
Seat 2: 486d55b9 folded before Flop
Seat 3: 9f421c48 folded before Flop
Seat 4: 28ceb099 (button) folded before Flop
Seat 5: 5f8bdc99 (small blind) folded before Flop
Seat 6: Hero (big blind) collected (1,360)


Poker Hand #TM5549282755: Tournament #261234974, Bounty Hunters Special $10.80 [6-Max] Hold'em No Limit - Level8(200/400(60)) - 2026/02/05 14:15:39
Table '3' 6-max Seat #3 is the button
Seat 1: 9f74b4c (18,651 in chips)
Seat 2: 486d55b9 (50,865 in chips)
Seat 3: 9f421c48 (2,850 in chips)
Seat 4: 28ceb099 (35,069 in chips)
Seat 5: 5f8bdc99 (42,134 in chips)
Seat 6: Hero (4,618 in chips)
486d55b9: posts the ante 60
9f421c48: posts the ante 60
Hero: posts the ante 60
5f8bdc99: posts the ante 60
9f74b4c: posts the ante 60
28ceb099: posts the ante 60
28ceb099: posts small blind 200
5f8bdc99: posts big blind 400
*** HOLE CARDS ***
Dealt to 9f74b4c 
Dealt to 486d55b9 
Dealt to 9f421c48 
Dealt to 28ceb099 
Dealt to 5f8bdc99 
Dealt to Hero [Ad 4s]
Hero: folds
9f74b4c: folds
486d55b9: folds
9f421c48: folds
28ceb099: calls 200
5f8bdc99: raises 1,000 to 1,400
28ceb099: calls 1,000
*** FLOP *** [5d 5s Qh]
28ceb099: checks
5f8bdc99: bets 854
28ceb099: calls 854
*** TURN *** [5d 5s Qh] [5c]
28ceb099: checks
5f8bdc99: bets 2,115
28ceb099: folds
Uncalled bet (2,115) returned to 5f8bdc99
*** SHOWDOWN ***
5f8bdc99 collected 4,868 from pot
*** SUMMARY ***
Total pot 4,868 | Rake 0 | Jackpot 0 | Bingo 0 | Fortune 0 | Tax 0
Board [5d 5s Qh 5c]
Seat 1: 9f74b4c folded before Flop
Seat 2: 486d55b9 folded before Flop
Seat 3: 9f421c48 (button) folded before Flop
Seat 4: 28ceb099 (small blind) folded on the Turn
Seat 5: 5f8bdc99 (big blind) won (4,868)
Seat 6: Hero folded before Flop


Poker Hand #TM5549282751: Tournament #261234974, Bounty Hunters Special $10.80 [6-Max] Hold'em No Limit - Level8(200/400(60)) - 2026/02/05 14:15:05
Table '3' 6-max Seat #2 is the button
Seat 1: 9f74b4c (18,711 in chips)
Seat 2: 486d55b9 (50,925 in chips)
Seat 3: 9f421c48 (3,110 in chips)
Seat 4: 28ceb099 (35,929 in chips)
Seat 5: 5f8bdc99 (40,834 in chips)
Seat 6: Hero (4,678 in chips)
486d55b9: posts the ante 60
Hero: posts the ante 60
9f421c48: posts the ante 60
5f8bdc99: posts the ante 60
9f74b4c: posts the ante 60
28ceb099: posts the ante 60
9f421c48: posts small blind 200
28ceb099: posts big blind 400
*** HOLE CARDS ***
Dealt to 9f74b4c 
Dealt to 486d55b9 
Dealt to 9f421c48 
Dealt to 28ceb099 
Dealt to 5f8bdc99 
Dealt to Hero [8d 7d]
5f8bdc99: raises 400 to 800
Hero: folds
9f74b4c: folds
486d55b9: folds
9f421c48: folds
28ceb099: calls 400
*** FLOP *** [5s Qs Ts]
28ceb099: checks
5f8bdc99: bets 584
28ceb099: folds
Uncalled bet (584) returned to 5f8bdc99
*** SHOWDOWN ***
5f8bdc99 collected 2,160 from pot
*** SUMMARY ***
Total pot 2,160 | Rake 0 | Jackpot 0 | Bingo 0 | Fortune 0 | Tax 0
Board [5s Qs Ts]
Seat 1: 9f74b4c folded before Flop
Seat 2: 486d55b9 (button) folded before Flop
Seat 3: 9f421c48 (small blind) folded before Flop
Seat 4: 28ceb099 (big blind) folded on the Flop
Seat 5: 5f8bdc99 won (2,160)
Seat 6: Hero folded before Flop


Poker Hand #TM5549282739: Tournament #261234974, Bounty Hunters Special $10.80 [6-Max] Hold'em No Limit - Level8(200/400(60)) - 2026/02/05 14:13:32
Table '3' 6-max Seat #1 is the button
Seat 1: 9f74b4c (18,771 in chips)
Seat 2: 486d55b9 (51,185 in chips)
Seat 3: 9f421c48 (11,390 in chips)
Seat 4: 28ceb099 (27,209 in chips)
Seat 5: 5f8bdc99 (40,894 in chips)
Seat 6: Hero (4,738 in chips)
486d55b9: posts the ante 60
Hero: posts the ante 60
9f421c48: posts the ante 60
5f8bdc99: posts the ante 60
9f74b4c: posts the ante 60
28ceb099: posts the ante 60
486d55b9: posts small blind 200
9f421c48: posts big blind 400
*** HOLE CARDS ***
Dealt to 9f74b4c 
Dealt to 486d55b9 
Dealt to 9f421c48 
Dealt to 28ceb099 
Dealt to 5f8bdc99 
Dealt to Hero [6h 9s]
28ceb099: calls 400
5f8bdc99: folds
Hero: folds
9f74b4c: folds
486d55b9: folds
9f421c48: checks
*** FLOP *** [Qd Kc Ad]
9f421c48: checks
28ceb099: bets 680
9f421c48: calls 680
*** TURN *** [Qd Kc Ad] [Kd]
9f421c48: checks
28ceb099: bets 2,040
9f421c48: calls 2,040
*** RIVER *** [Qd Kc Ad Kd] [6s]
9f421c48: checks
28ceb099: bets 5,100
9f421c48: calls 5,100
28ceb099: shows [7d 6d] (a flush Ace high)
9f421c48: shows [Kh 7h] (three of a kind, Kings)
*** SHOWDOWN ***
28ceb099 collected 17,000 from pot
*** SUMMARY ***
Total pot 17,000 | Rake 0 | Jackpot 0 | Bingo 0 | Fortune 0 | Tax 0
Board [Qd Kc Ad Kd 6s]
Seat 1: 9f74b4c (button) folded before Flop
Seat 2: 486d55b9 (small blind) folded before Flop
Seat 3: 9f421c48 (big blind) showed [Kh 7h] and lost with three of a kind, Kings
Seat 4: 28ceb099 showed [7d 6d] and won (17,000) with a flush Ace high
Seat 5: 5f8bdc99 folded before Flop
Seat 6: Hero folded before Flop


Poker Hand #TM5549282727: Tournament #261234974, Bounty Hunters Special $10.80 [6-Max] Hold'em No Limit - Level8(200/400(60)) - 2026/02/05 14:12:11
Table '3' 6-max Seat #6 is the button
Seat 1: 9f74b4c (16,715 in chips)
Seat 2: 486d55b9 (53,001 in chips)
Seat 3: 9f421c48 (11,450 in chips)
Seat 4: 28ceb099 (27,269 in chips)
Seat 5: 5f8bdc99 (40,954 in chips)
Seat 6: Hero (4,798 in chips)
486d55b9: posts the ante 60
Hero: posts the ante 60
9f421c48: posts the ante 60
5f8bdc99: posts the ante 60
9f74b4c: posts the ante 60
28ceb099: posts the ante 60
9f74b4c: posts small blind 200
486d55b9: posts big blind 400
*** HOLE CARDS ***
Dealt to 9f74b4c 
Dealt to 486d55b9 
Dealt to 9f421c48 
Dealt to 28ceb099 
Dealt to 5f8bdc99 
Dealt to Hero [3d Ts]
9f421c48: folds
28ceb099: folds
5f8bdc99: folds
Hero: folds
9f74b4c: raises 600 to 1,000
486d55b9: calls 600
*** FLOP *** [Ad 5s 5d]
9f74b4c: bets 756
486d55b9: calls 756
*** TURN *** [Ad 5s 5d] [Jc]
9f74b4c: bets 1,240
486d55b9: folds
Uncalled bet (1,240) returned to 9f74b4c
*** SHOWDOWN ***
9f74b4c collected 3,872 from pot
*** SUMMARY ***
Total pot 3,872 | Rake 0 | Jackpot 0 | Bingo 0 | Fortune 0 | Tax 0
Board [Ad 5s 5d Jc]
Seat 1: 9f74b4c (small blind) won (3,872)
Seat 2: 486d55b9 (big blind) folded on the Turn
Seat 3: 9f421c48 folded before Flop
Seat 4: 28ceb099 folded before Flop
Seat 5: 5f8bdc99 folded before Flop
Seat 6: Hero (button) folded before Flop


Poker Hand #TM5549282724: Tournament #261234974, Bounty Hunters Special $10.80 [6-Max] Hold'em No Limit - Level8(200/400(60)) - 2026/02/05 14:11:47
Table '3' 6-max Seat #5 is the button
Seat 1: 9f74b4c (16,215 in chips)
Seat 2: 486d55b9 (53,061 in chips)
Seat 3: 9f421c48 (11,510 in chips)
Seat 4: 28ceb099 (27,329 in chips)
Seat 5: 5f8bdc99 (41,014 in chips)
Seat 6: Hero (5,058 in chips)
486d55b9: posts the ante 60
9f421c48: posts the ante 60
Hero: posts the ante 60
5f8bdc99: posts the ante 60
9f74b4c: posts the ante 60
28ceb099: posts the ante 60
Hero: posts small blind 200
9f74b4c: posts big blind 400
*** HOLE CARDS ***
Dealt to 9f74b4c 
Dealt to 486d55b9 
Dealt to 9f421c48 
Dealt to 28ceb099 
Dealt to 5f8bdc99 
Dealt to Hero [5c 7d]
486d55b9: folds
9f421c48: folds
28ceb099: folds
5f8bdc99: folds
Hero: folds
Uncalled bet (200) returned to 9f74b4c
*** SHOWDOWN ***
9f74b4c collected 760 from pot
*** SUMMARY ***
Total pot 760 | Rake 0 | Jackpot 0 | Bingo 0 | Fortune 0 | Tax 0
Seat 1: 9f74b4c (big blind) collected (760)
Seat 2: 486d55b9 folded before Flop
Seat 3: 9f421c48 folded before Flop
Seat 4: 28ceb099 folded before Flop
Seat 5: 5f8bdc99 (button) folded before Flop
Seat 6: Hero (small blind) folded before Flop


Poker Hand #TM5549282713: Tournament #261234974, Bounty Hunters Special $10.80 [6-Max] Hold'em No Limit - Level8(200/400(60)) - 2026/02/05 14:10:43
Table '3' 6-max Seat #4 is the button
Seat 1: 9f74b4c (16,275 in chips)
Seat 2: 486d55b9 (53,121 in chips)
Seat 3: 9f421c48 (11,570 in chips)
Seat 4: 28ceb099 (28,211 in chips)
Seat 5: 5f8bdc99 (39,492 in chips)
Seat 6: Hero (5,518 in chips)
486d55b9: posts the ante 60
9f421c48: posts the ante 60
Hero: posts the ante 60
5f8bdc99: posts the ante 60
9f74b4c: posts the ante 60
28ceb099: posts the ante 60
5f8bdc99: posts small blind 200
Hero: posts big blind 400
*** HOLE CARDS ***
Dealt to 9f74b4c 
Dealt to 486d55b9 
Dealt to 9f421c48 
Dealt to 28ceb099 
Dealt to 5f8bdc99 
Dealt to Hero [Th 3s]
9f74b4c: folds
486d55b9: folds
9f421c48: folds
28ceb099: calls 400
5f8bdc99: calls 200
Hero: checks
*** FLOP *** [3c 5c 8h]
5f8bdc99: bets 422
Hero: folds
28ceb099: calls 422
*** TURN *** [3c 5c 8h] [7h]
5f8bdc99: bets 3,405
28ceb099: folds
Uncalled bet (3,405) returned to 5f8bdc99
*** SHOWDOWN ***
5f8bdc99 collected 2,404 from pot
*** SUMMARY ***
Total pot 2,404 | Rake 0 | Jackpot 0 | Bingo 0 | Fortune 0 | Tax 0
Board [3c 5c 8h 7h]
Seat 1: 9f74b4c folded before Flop
Seat 2: 486d55b9 folded before Flop
Seat 3: 9f421c48 folded before Flop
Seat 4: 28ceb099 (button) folded on the Turn
Seat 5: 5f8bdc99 (small blind) won (2,404)
Seat 6: Hero (big blind) folded on the Flop


Poker Hand #TM5549282702: Tournament #261234974, Bounty Hunters Special $10.80 [6-Max] Hold'em No Limit - Level8(200/400(60)) - 2026/02/05 14:09:32
Table '3' 6-max Seat #3 is the button
Seat 1: 9f74b4c (18,615 in chips)
Seat 2: 486d55b9 (53,181 in chips)
Seat 3: 9f421c48 (11,630 in chips)
Seat 4: 28ceb099 (24,791 in chips)
Seat 5: 5f8bdc99 (40,392 in chips)
Seat 6: Hero (5,578 in chips)
486d55b9: posts the ante 60
9f421c48: posts the ante 60
Hero: posts the ante 60
5f8bdc99: posts the ante 60
9f74b4c: posts the ante 60
28ceb099: posts the ante 60
28ceb099: posts small blind 200
5f8bdc99: posts big blind 400
*** HOLE CARDS ***
Dealt to 9f74b4c 
Dealt to 486d55b9 
Dealt to 9f421c48 
Dealt to 28ceb099 
Dealt to 5f8bdc99 
Dealt to Hero [2h 2s]
Hero: folds
9f74b4c: raises 440 to 840
486d55b9: folds
9f421c48: folds
28ceb099: calls 640
5f8bdc99: calls 440
*** FLOP *** [9h 5h 6s]
28ceb099: checks
5f8bdc99: checks
9f74b4c: checks
*** TURN *** [9h 5h 6s] [2c]
28ceb099: bets 1,440
5f8bdc99: folds
9f74b4c: calls 1,440
*** RIVER *** [9h 5h 6s 2c] [6d]
28ceb099: bets 2,880
9f74b4c: folds
Uncalled bet (2,880) returned to 28ceb099
*** SHOWDOWN ***
28ceb099 collected 5,760 from pot
*** SUMMARY ***
Total pot 5,760 | Rake 0 | Jackpot 0 | Bingo 0 | Fortune 0 | Tax 0
Board [9h 5h 6s 2c 6d]
Seat 1: 9f74b4c folded on the River
Seat 2: 486d55b9 folded before Flop
Seat 3: 9f421c48 (button) folded before Flop
Seat 4: 28ceb099 (small blind) won (5,760)
Seat 5: 5f8bdc99 (big blind) folded on the Turn
Seat 6: Hero folded before Flop


Poker Hand #TM5549282696: Tournament #261234974, Bounty Hunters Special $10.80 [6-Max] Hold'em No Limit - Level8(200/400(60)) - 2026/02/05 14:08:45
Table '3' 6-max Seat #2 is the button
Seat 1: 9f74b4c (18,675 in chips)
Seat 2: 486d55b9 (55,121 in chips)
Seat 3: 9f421c48 (11,890 in chips)
Seat 4: 28ceb099 (22,411 in chips)
Seat 5: 5f8bdc99 (40,452 in chips)
Seat 6: Hero (5,638 in chips)
486d55b9: posts the ante 60
Hero: posts the ante 60
9f421c48: posts the ante 60
5f8bdc99: posts the ante 60
9f74b4c: posts the ante 60
28ceb099: posts the ante 60
9f421c48: posts small blind 200
28ceb099: posts big blind 400
*** HOLE CARDS ***
Dealt to 9f74b4c 
Dealt to 486d55b9 
Dealt to 9f421c48 
Dealt to 28ceb099 
Dealt to 5f8bdc99 
Dealt to Hero [Kd 6s]
5f8bdc99: folds
Hero: folds
9f74b4c: folds
486d55b9: raises 400 to 800
9f421c48: folds
28ceb099: raises 1,080 to 1,880
486d55b9: calls 1,080
*** FLOP *** [9h 6d Ad]
28ceb099: bets 3,240
486d55b9: folds
Uncalled bet (3,240) returned to 28ceb099
*** SHOWDOWN ***
28ceb099 collected 4,320 from pot
*** SUMMARY ***
Total pot 4,320 | Rake 0 | Jackpot 0 | Bingo 0 | Fortune 0 | Tax 0
Board [9h 6d Ad]
Seat 1: 9f74b4c folded before Flop
Seat 2: 486d55b9 (button) folded on the Flop
Seat 3: 9f421c48 (small blind) folded before Flop
Seat 4: 28ceb099 (big blind) won (4,320)
Seat 5: 5f8bdc99 folded before Flop
Seat 6: Hero folded before Flop


Poker Hand #TM5549282691: Tournament #261234974, Bounty Hunters Special $10.80 [6-Max] Hold'em No Limit - Level8(200/400(60)) - 2026/02/05 14:08:12
Table '3' 6-max Seat #1 is the button
Seat 1: 9f74b4c (18,735 in chips)
Seat 2: 486d55b9 (54,421 in chips)
Seat 3: 9f421c48 (12,350 in chips)
Seat 4: 28ceb099 (22,471 in chips)
Seat 5: 5f8bdc99 (40,512 in chips)
Seat 6: Hero (5,698 in chips)
486d55b9: posts the ante 60
Hero: posts the ante 60
9f421c48: posts the ante 60
5f8bdc99: posts the ante 60
9f74b4c: posts the ante 60
28ceb099: posts the ante 60
486d55b9: posts small blind 200
9f421c48: posts big blind 400
*** HOLE CARDS ***
Dealt to 9f74b4c 
Dealt to 486d55b9 
Dealt to 9f421c48 
Dealt to 28ceb099 
Dealt to 5f8bdc99 
Dealt to Hero [Ts 2h]
28ceb099: folds
5f8bdc99: folds
Hero: folds
9f74b4c: folds
486d55b9: raises 1,000 to 1,400
9f421c48: folds
Uncalled bet (1,000) returned to 486d55b9
*** SHOWDOWN ***
486d55b9 collected 1,160 from pot
*** SUMMARY ***
Total pot 1,160 | Rake 0 | Jackpot 0 | Bingo 0 | Fortune 0 | Tax 0
Seat 1: 9f74b4c (button) folded before Flop
Seat 2: 486d55b9 (small blind) collected (1,160)
Seat 3: 9f421c48 (big blind) folded before Flop
Seat 4: 28ceb099 folded before Flop
Seat 5: 5f8bdc99 folded before Flop
Seat 6: Hero folded before Flop


Poker Hand #TM5549282688: Tournament #261234974, Bounty Hunters Special $10.80 [6-Max] Hold'em No Limit - Level8(200/400(60)) - 2026/02/05 14:07:40
Table '3' 6-max Seat #6 is the button
Seat 1: 9f74b4c (18,995 in chips)
Seat 2: 486d55b9 (54,881 in chips)
Seat 3: 9f421c48 (11,450 in chips)
Seat 4: 28ceb099 (22,531 in chips)
Seat 5: 5f8bdc99 (40,572 in chips)
Seat 6: Hero (5,758 in chips)
486d55b9: posts the ante 60
Hero: posts the ante 60
9f421c48: posts the ante 60
5f8bdc99: posts the ante 60
9f74b4c: posts the ante 60
28ceb099: posts the ante 60
9f74b4c: posts small blind 200
486d55b9: posts big blind 400
*** HOLE CARDS ***
Dealt to 9f74b4c 
Dealt to 486d55b9 
Dealt to 9f421c48 
Dealt to 28ceb099 
Dealt to 5f8bdc99 
Dealt to Hero [5s 6h]
9f421c48: raises 400 to 800
28ceb099: folds
5f8bdc99: folds
Hero: folds
9f74b4c: folds
486d55b9: folds
Uncalled bet (400) returned to 9f421c48
*** SHOWDOWN ***
9f421c48 collected 1,360 from pot
*** SUMMARY ***
Total pot 1,360 | Rake 0 | Jackpot 0 | Bingo 0 | Fortune 0 | Tax 0
Seat 1: 9f74b4c (small blind) folded before Flop
Seat 2: 486d55b9 (big blind) folded before Flop
Seat 3: 9f421c48 collected (1,360)
Seat 4: 28ceb099 folded before Flop
Seat 5: 5f8bdc99 folded before Flop
Seat 6: Hero (button) folded before Flop


Poker Hand #TM5549282679: Tournament #261234974, Bounty Hunters Special $10.80 [6-Max] Hold'em No Limit - Level7(175/350(50)) - 2026/02/05 14:06:41
Table '3' 6-max Seat #5 is the button
Seat 1: 9f74b4c (18,045 in chips)
Seat 2: 486d55b9 (54,931 in chips)
Seat 3: 9f421c48 (11,500 in chips)
Seat 4: 28ceb099 (22,931 in chips)
Seat 5: 5f8bdc99 (40,622 in chips)
Seat 6: Hero (6,158 in chips)
486d55b9: posts the ante 50
9f421c48: posts the ante 50
Hero: posts the ante 50
5f8bdc99: posts the ante 50
9f74b4c: posts the ante 50
28ceb099: posts the ante 50
Hero: posts small blind 175
9f74b4c: posts big blind 350
*** HOLE CARDS ***
Dealt to 9f74b4c 
Dealt to 486d55b9 
Dealt to 9f421c48 
Dealt to 28ceb099 
Dealt to 5f8bdc99 
Dealt to Hero [Jc Ts]
486d55b9: folds
9f421c48: folds
28ceb099: calls 350
5f8bdc99: folds
Hero: calls 175
9f74b4c: checks
*** FLOP *** [2c 3s 5d]
Hero: checks
9f74b4c: checks
28ceb099: checks
*** TURN *** [2c 3s 5d] [2h]
Hero: checks
9f74b4c: bets 782
28ceb099: folds
Hero: folds
Uncalled bet (782) returned to 9f74b4c
*** SHOWDOWN ***
9f74b4c collected 1,350 from pot
*** SUMMARY ***
Total pot 1,350 | Rake 0 | Jackpot 0 | Bingo 0 | Fortune 0 | Tax 0
Board [2c 3s 5d 2h]
Seat 1: 9f74b4c (big blind) won (1,350)
Seat 2: 486d55b9 folded before Flop
Seat 3: 9f421c48 folded before Flop
Seat 4: 28ceb099 folded on the Turn
Seat 5: 5f8bdc99 (button) folded before Flop
Seat 6: Hero (small blind) folded on the Turn


Poker Hand #TM5549282672: Tournament #261234974, Bounty Hunters Special $10.80 [6-Max] Hold'em No Limit - Level7(175/350(50)) - 2026/02/05 14:05:50
Table '3' 6-max Seat #4 is the button
Seat 1: 9f74b4c (16,885 in chips)
Seat 2: 486d55b9 (54,981 in chips)
Seat 3: 9f421c48 (11,550 in chips)
Seat 4: 28ceb099 (22,981 in chips)
Seat 5: 5f8bdc99 (40,847 in chips)
Seat 6: Hero (6,943 in chips)
486d55b9: posts the ante 50
9f421c48: posts the ante 50
Hero: posts the ante 50
5f8bdc99: posts the ante 50
9f74b4c: posts the ante 50
28ceb099: posts the ante 50
5f8bdc99: posts small blind 175
Hero: posts big blind 350
*** HOLE CARDS ***
Dealt to 9f74b4c 
Dealt to 486d55b9 
Dealt to 9f421c48 
Dealt to 28ceb099 
Dealt to 5f8bdc99 
Dealt to Hero [5d 2h]
9f74b4c: raises 385 to 735
486d55b9: folds
9f421c48: folds
28ceb099: folds
5f8bdc99: folds
Hero: calls 385
*** FLOP *** [Qc Js Qh]
Hero: checks
9f74b4c: bets 623
Hero: folds
Uncalled bet (623) returned to 9f74b4c
*** SHOWDOWN ***
9f74b4c collected 1,945 from pot
*** SUMMARY ***
Total pot 1,945 | Rake 0 | Jackpot 0 | Bingo 0 | Fortune 0 | Tax 0
Board [Qc Js Qh]
Seat 1: 9f74b4c won (1,945)
Seat 2: 486d55b9 folded before Flop
Seat 3: 9f421c48 folded before Flop
Seat 4: 28ceb099 (button) folded before Flop
Seat 5: 5f8bdc99 (small blind) folded before Flop
Seat 6: Hero (big blind) folded on the Flop


Poker Hand #TM5549282665: Tournament #261234974, Bounty Hunters Special $10.80 [6-Max] Hold'em No Limit - Level7(175/350(50)) - 2026/02/05 14:04:50
Table '3' 6-max Seat #3 is the button
Seat 1: 9f74b4c (15,165 in chips)
Seat 2: 486d55b9 (55,031 in chips)
Seat 3: 9f421c48 (11,600 in chips)
Seat 4: 28ceb099 (23,766 in chips)
Seat 5: 5f8bdc99 (41,632 in chips)
Seat 6: Hero (6,993 in chips)
486d55b9: posts the ante 50
9f421c48: posts the ante 50
Hero: posts the ante 50
5f8bdc99: posts the ante 50
9f74b4c: posts the ante 50
28ceb099: posts the ante 50
28ceb099: posts small blind 175
5f8bdc99: posts big blind 350
*** HOLE CARDS ***
Dealt to 9f74b4c 
Dealt to 486d55b9 
Dealt to 9f421c48 
Dealt to 28ceb099 
Dealt to 5f8bdc99 
Dealt to Hero [6h 8s]
Hero: folds
9f74b4c: raises 385 to 735
486d55b9: folds
9f421c48: folds
28ceb099: calls 560
5f8bdc99: calls 385
*** FLOP *** [7s Ah Kd]
28ceb099: checks
5f8bdc99: checks
9f74b4c: bets 802
28ceb099: folds
5f8bdc99: folds
Uncalled bet (802) returned to 9f74b4c
*** SHOWDOWN ***
9f74b4c collected 2,505 from pot
*** SUMMARY ***
Total pot 2,505 | Rake 0 | Jackpot 0 | Bingo 0 | Fortune 0 | Tax 0
Board [7s Ah Kd]
Seat 1: 9f74b4c won (2,505)
Seat 2: 486d55b9 folded before Flop
Seat 3: 9f421c48 (button) folded before Flop
Seat 4: 28ceb099 (small blind) folded on the Flop
Seat 5: 5f8bdc99 (big blind) folded on the Flop
Seat 6: Hero folded before Flop


Poker Hand #TM5549282658: Tournament #261234974, Bounty Hunters Special $10.80 [6-Max] Hold'em No Limit - Level7(175/350(50)) - 2026/02/05 14:03:58
Table '3' 6-max Seat #2 is the button
Seat 1: 9f74b4c (15,215 in chips)
Seat 2: 486d55b9 (55,081 in chips)
Seat 3: 9f421c48 (11,825 in chips)
Seat 4: 28ceb099 (21,234 in chips)
Seat 5: 5f8bdc99 (41,682 in chips)
Seat 6: Hero (9,150 in chips)
486d55b9: posts the ante 50
Hero: posts the ante 50
9f421c48: posts the ante 50
5f8bdc99: posts the ante 50
9f74b4c: posts the ante 50
28ceb099: posts the ante 50
9f421c48: posts small blind 175
28ceb099: posts big blind 350
*** HOLE CARDS ***
Dealt to 9f74b4c 
Dealt to 486d55b9 
Dealt to 9f421c48 
Dealt to 28ceb099 
Dealt to 5f8bdc99 
Dealt to Hero [9h Kh]
5f8bdc99: folds
Hero: raises 350 to 700
9f74b4c: folds
486d55b9: folds
9f421c48: folds
28ceb099: calls 350
*** FLOP *** [4h Td 7d]
28ceb099: checks
Hero: checks
*** TURN *** [4h Td 7d] [Qs]
28ceb099: bets 1,407
Hero: calls 1,407
*** RIVER *** [4h Td 7d Qs] [8s]
28ceb099: bets 2,345
Hero: folds
Uncalled bet (2,345) returned to 28ceb099
*** SHOWDOWN ***
28ceb099 collected 4,689 from pot
*** SUMMARY ***
Total pot 4,689 | Rake 0 | Jackpot 0 | Bingo 0 | Fortune 0 | Tax 0
Board [4h Td 7d Qs 8s]
Seat 1: 9f74b4c folded before Flop
Seat 2: 486d55b9 (button) folded before Flop
Seat 3: 9f421c48 (small blind) folded before Flop
Seat 4: 28ceb099 (big blind) won (4,689)
Seat 5: 5f8bdc99 folded before Flop
Seat 6: Hero folded on the River


Poker Hand #TM5549282651: Tournament #261234974, Bounty Hunters Special $10.80 [6-Max] Hold'em No Limit - Level7(175/350(50)) - 2026/02/05 14:03:25
Table '3' 6-max Seat #1 is the button
Seat 1: 9f74b4c (15,615 in chips)
Seat 2: 486d55b9 (55,306 in chips)
Seat 3: 9f421c48 (12,225 in chips)
Seat 4: 28ceb099 (20,109 in chips)
Seat 5: 5f8bdc99 (41,732 in chips)
Seat 6: Hero (9,200 in chips)
486d55b9: posts the ante 50
Hero: posts the ante 50
9f421c48: posts the ante 50
5f8bdc99: posts the ante 50
9f74b4c: posts the ante 50
28ceb099: posts the ante 50
486d55b9: posts small blind 175
9f421c48: posts big blind 350
*** HOLE CARDS ***
Dealt to 9f74b4c 
Dealt to 486d55b9 
Dealt to 9f421c48 
Dealt to 28ceb099 
Dealt to 5f8bdc99 
Dealt to Hero [4h 5d]
28ceb099: calls 350
5f8bdc99: folds
Hero: folds
9f74b4c: calls 350
486d55b9: folds
9f421c48: checks
*** FLOP *** [Kh 2h 8c]
9f421c48: checks
28ceb099: bets 1,144
9f74b4c: folds
9f421c48: folds
Uncalled bet (1,144) returned to 28ceb099
*** SHOWDOWN ***
28ceb099 collected 1,525 from pot
*** SUMMARY ***
Total pot 1,525 | Rake 0 | Jackpot 0 | Bingo 0 | Fortune 0 | Tax 0
Board [Kh 2h 8c]
Seat 1: 9f74b4c (button) folded on the Flop
Seat 2: 486d55b9 (small blind) folded before Flop
Seat 3: 9f421c48 (big blind) folded on the Flop
Seat 4: 28ceb099 won (1,525)
Seat 5: 5f8bdc99 folded before Flop
Seat 6: Hero folded before Flop


Poker Hand #TM5549282647: Tournament #261234974, Bounty Hunters Special $10.80 [6-Max] Hold'em No Limit - Level7(175/350(50)) - 2026/02/05 14:03:00
Table '3' 6-max Seat #6 is the button
Seat 1: 9f74b4c (15,840 in chips)
Seat 2: 486d55b9 (55,706 in chips)
Seat 3: 9f421c48 (12,275 in chips)
Seat 4: 28ceb099 (20,159 in chips)
Seat 5: 5f8bdc99 (41,782 in chips)
Seat 6: Hero (8,425 in chips)
486d55b9: posts the ante 50
Hero: posts the ante 50
9f421c48: posts the ante 50
5f8bdc99: posts the ante 50
9f74b4c: posts the ante 50
28ceb099: posts the ante 50
9f74b4c: posts small blind 175
486d55b9: posts big blind 350
*** HOLE CARDS ***
Dealt to 9f74b4c 
Dealt to 486d55b9 
Dealt to 9f421c48 
Dealt to 28ceb099 
Dealt to 5f8bdc99 
Dealt to Hero [Ad 8c]
9f421c48: folds
28ceb099: folds
5f8bdc99: folds
Hero: raises 350 to 700
9f74b4c: folds
486d55b9: folds
Uncalled bet (350) returned to Hero
*** SHOWDOWN ***
Hero collected 1,175 from pot
*** SUMMARY ***
Total pot 1,175 | Rake 0 | Jackpot 0 | Bingo 0 | Fortune 0 | Tax 0
Seat 1: 9f74b4c (small blind) folded before Flop
Seat 2: 486d55b9 (big blind) folded before Flop
Seat 3: 9f421c48 folded before Flop
Seat 4: 28ceb099 folded before Flop
Seat 5: 5f8bdc99 folded before Flop
Seat 6: Hero (button) collected (1,175)


Poker Hand #TM5549282639: Tournament #261234974, Bounty Hunters Special $10.80 [6-Max] Hold'em No Limit - Level7(175/350(50)) - 2026/02/05 14:02:12
Table '3' 6-max Seat #5 is the button
Seat 1: 9f74b4c (16,240 in chips)
Seat 2: 486d55b9 (55,756 in chips)
Seat 3: 9f421c48 (5,775 in chips)
Seat 4: 28ceb099 (25,934 in chips)
Seat 5: 5f8bdc99 (41,832 in chips)
Seat 6: Hero (8,650 in chips)
486d55b9: posts the ante 50
9f421c48: posts the ante 50
Hero: posts the ante 50
5f8bdc99: posts the ante 50
9f74b4c: posts the ante 50
28ceb099: posts the ante 50
Hero: posts small blind 175
9f74b4c: posts big blind 350
*** HOLE CARDS ***
Dealt to 9f74b4c 
Dealt to 486d55b9 
Dealt to 9f421c48 
Dealt to 28ceb099 
Dealt to 5f8bdc99 
Dealt to Hero [3d 2d]
486d55b9: folds
9f421c48: raises 350 to 700
28ceb099: raises 1,113 to 1,813
5f8bdc99: folds
Hero: folds
9f74b4c: folds
9f421c48: raises 3,912 to 5,725 and is all-in
28ceb099: calls 3,912
9f421c48: shows [As Qc]
28ceb099: shows [Qs Qh]
*** FLOP *** [Ac Td Ts]
*** TURN *** [Ac Td Ts] [6c]
*** RIVER *** [Ac Td Ts 6c] [Kh]
*** SHOWDOWN ***
9f421c48 collected 12,275 from pot
*** SUMMARY ***
Total pot 12,275 | Rake 0 | Jackpot 0 | Bingo 0 | Fortune 0 | Tax 0
Board [Ac Td Ts 6c Kh]
Seat 1: 9f74b4c (big blind) folded before Flop
Seat 2: 486d55b9 folded before Flop
Seat 3: 9f421c48 showed [As Qc] and won (12,275) with two pair, Aces and Tens
Seat 4: 28ceb099 showed [Qs Qh] and lost with two pair, Queens and Tens
Seat 5: 5f8bdc99 (button) folded before Flop
Seat 6: Hero (small blind) folded before Flop


Poker Hand #TM5549282629: Tournament #261234974, Bounty Hunters Special $10.80 [6-Max] Hold'em No Limit - Level7(175/350(50)) - 2026/02/05 14:01:24
Table '3' 6-max Seat #4 is the button
Seat 1: 9f74b4c (16,290 in chips)
Seat 2: 486d55b9 (55,806 in chips)
Seat 3: 9f421c48 (5,825 in chips)
Seat 4: 28ceb099 (25,984 in chips)
Seat 5: 5f8bdc99 (42,232 in chips)
Seat 6: Hero (8,050 in chips)
486d55b9: posts the ante 50
9f421c48: posts the ante 50
Hero: posts the ante 50
5f8bdc99: posts the ante 50
9f74b4c: posts the ante 50
28ceb099: posts the ante 50
5f8bdc99: posts small blind 175
Hero: posts big blind 350
*** HOLE CARDS ***
Dealt to 9f74b4c 
Dealt to 486d55b9 
Dealt to 9f421c48 
Dealt to 28ceb099 
Dealt to 5f8bdc99 
Dealt to Hero [6d 9d]
9f74b4c: folds
486d55b9: folds
9f421c48: folds
28ceb099: folds
5f8bdc99: calls 175
Hero: checks
*** FLOP *** [4c 2c Jh]
5f8bdc99: checks
Hero: checks
*** TURN *** [4c 2c Jh] [9h]
5f8bdc99: checks
Hero: checks
*** RIVER *** [4c 2c Jh 9h] [Jd]
5f8bdc99: checks
Hero: bets 500
5f8bdc99: folds
Uncalled bet (500) returned to Hero
*** SHOWDOWN ***
Hero collected 1,000 from pot
*** SUMMARY ***
Total pot 1,000 | Rake 0 | Jackpot 0 | Bingo 0 | Fortune 0 | Tax 0
Board [4c 2c Jh 9h Jd]
Seat 1: 9f74b4c folded before Flop
Seat 2: 486d55b9 folded before Flop
Seat 3: 9f421c48 folded before Flop
Seat 4: 28ceb099 (button) folded before Flop
Seat 5: 5f8bdc99 (small blind) folded on the River
Seat 6: Hero (big blind) won (1,000)


Poker Hand #TM5549282623: Tournament #261234974, Bounty Hunters Special $10.80 [6-Max] Hold'em No Limit - Level7(175/350(50)) - 2026/02/05 13:54:36
Table '3' 6-max Seat #3 is the button
Seat 1: 9f74b4c (16,340 in chips)
Seat 2: 486d55b9 (55,856 in chips)
Seat 3: 9f421c48 (5,875 in chips)
Seat 4: 28ceb099 (23,134 in chips)
Seat 5: 5f8bdc99 (42,982 in chips)
Seat 6: Hero (10,000 in chips)
486d55b9: posts the ante 50
9f421c48: posts the ante 50
Hero: posts the ante 50
5f8bdc99: posts the ante 50
9f74b4c: posts the ante 50
28ceb099: posts the ante 50
28ceb099: posts small blind 175
5f8bdc99: posts big blind 350
*** HOLE CARDS ***
Dealt to 9f74b4c 
Dealt to 486d55b9 
Dealt to 9f421c48 
Dealt to 28ceb099 
Dealt to 5f8bdc99 
Dealt to Hero [7s Ks]
Hero: raises 350 to 700
9f74b4c: folds
486d55b9: folds
9f421c48: folds
28ceb099: calls 525
5f8bdc99: calls 350
*** FLOP *** [8h 7c 9s]
28ceb099: checks
5f8bdc99: checks
Hero: bets 1,200
28ceb099: calls 1,200
5f8bdc99: folds
*** TURN *** [8h 7c 9s] [Qd]
28ceb099: checks
Hero: checks
*** RIVER *** [8h 7c 9s Qd] [Ts]
28ceb099: checks
Hero: checks
28ceb099: shows [9h Td] (two pair, Tens and Nines)
Hero: shows [7s Ks] (a pair of Sevens)
*** SHOWDOWN ***
28ceb099 collected 4,800 from pot
*** SUMMARY ***
Total pot 4,800 | Rake 0 | Jackpot 0 | Bingo 0 | Fortune 0 | Tax 0
Board [8h 7c 9s Qd Ts]
Seat 1: 9f74b4c folded before Flop
Seat 2: 486d55b9 folded before Flop
Seat 3: 9f421c48 (button) folded before Flop
Seat 4: 28ceb099 (small blind) showed [9h Td] and won (4,800) with two pair, Tens and Nines
Seat 5: 5f8bdc99 (big blind) folded on the Flop
Seat 6: Hero showed [7s Ks] and lost with a pair of Sevens


