Poker Hand #TM5634799097: Tournament #266084623, Bounty Hunters Special $8.88 Hold'em No Limit - Level19(1,500/3,000(450)) - 2026/02/26 11:20:02
Table '41' 8-max Seat #8 is the button
Seat 1: 8a3a9041 (86,249 in chips)
Seat 2: a2367f9a (137,640 in chips)
Seat 3: e0222b2c (178,641 in chips)
Seat 4: 3e1eca4d (95,540 in chips)
Seat 6: 194c1cca (111,796 in chips)
Seat 7: Hero (31,813 in chips)
Seat 8: a5fbd8f7 (147,669 in chips)
e0222b2c: posts the ante 450
8a3a9041: posts the ante 450
Hero: posts the ante 450
a2367f9a: posts the ante 450
194c1cca: posts the ante 450
a5fbd8f7: posts the ante 450
3e1eca4d: posts the ante 450
8a3a9041: posts small blind 1,500
a2367f9a: posts big blind 3,000
*** HOLE CARDS ***
Dealt to 8a3a9041 
Dealt to a2367f9a 
Dealt to e0222b2c 
Dealt to 3e1eca4d 
Dealt to 194c1cca 
Dealt to Hero [As Kh]
Dealt to a5fbd8f7 
e0222b2c: raises 3,000 to 6,000
3e1eca4d: folds
194c1cca: folds
Hero: raises 25,363 to 31,363 and is all-in
a5fbd8f7: folds
8a3a9041: raises 54,436 to 85,799 and is all-in
a2367f9a: folds
e0222b2c: calls 79,799
8a3a9041: shows [Kd Kc]
e0222b2c: shows [Ks Ad]
Hero: shows [As Kh]
*** FLOP *** [3s 6s 8d]
*** TURN *** [3s 6s 8d] [Qh]
*** RIVER *** [3s 6s 8d Qh] [4d]
a2367f9a: shows [3c 3h] (three of a kind, Threes)
*** SHOWDOWN ***
8a3a9041 collected 100,239 from pot
8a3a9041 collected 108,872 from pot
*** SUMMARY ***
Total pot 209,111 | Rake 0 | Jackpot 0 | Bingo 0 | Fortune 0 | Tax 0
Board [3s 6s 8d Qh 4d]
Seat 1: 8a3a9041 (small blind) showed [Kd Kc] and won (209,111) with a pair of Kings
Seat 2: a2367f9a (big blind) folded before Flop
Seat 3: e0222b2c showed [Ks Ad] and lost with Ace high
Seat 4: 3e1eca4d folded before Flop
Seat 6: 194c1cca folded before Flop
Seat 7: Hero showed [As Kh] and lost with Ace high
Seat 8: a5fbd8f7 (button) folded before Flop


Poker Hand #TM5633599076: Tournament #266084623, Bounty Hunters Special $8.88 Hold'em No Limit - Level19(1,500/3,000(450)) - 2026/02/26 11:19:00
Table '41' 8-max Seat #7 is the button
Seat 1: 8a3a9041 (89,699 in chips)
Seat 2: a2367f9a (150,080 in chips)
Seat 3: e0222b2c (179,091 in chips)
Seat 4: 3e1eca4d (95,990 in chips)
Seat 6: 194c1cca (112,246 in chips)
Seat 7: Hero (32,263 in chips)
Seat 8: a5fbd8f7 (129,979 in chips)
e0222b2c: posts the ante 450
8a3a9041: posts the ante 450
Hero: posts the ante 450
a2367f9a: posts the ante 450
194c1cca: posts the ante 450
a5fbd8f7: posts the ante 450
3e1eca4d: posts the ante 450
a5fbd8f7: posts small blind 1,500
8a3a9041: posts big blind 3,000
*** HOLE CARDS ***
Dealt to 8a3a9041 
Dealt to a2367f9a 
Dealt to e0222b2c 
Dealt to 3e1eca4d 
Dealt to 194c1cca 
Dealt to Hero [5h Jh]
Dealt to a5fbd8f7 
a2367f9a: raises 3,000 to 6,000
e0222b2c: folds
3e1eca4d: folds
194c1cca: folds
Hero: folds
a5fbd8f7: calls 4,500
8a3a9041: folds
*** FLOP *** [Jc 6c As]
a5fbd8f7: checks
a2367f9a: checks
*** TURN *** [Jc 6c As] [2s]
a5fbd8f7: checks
a2367f9a: bets 5,990
a5fbd8f7: calls 5,990
*** RIVER *** [Jc 6c As 2s] [9d]
a5fbd8f7: checks
a2367f9a: checks
a5fbd8f7: shows [Ah Kh] (a pair of Aces)
a2367f9a: shows [Qd Ks] (Ace high)
*** SHOWDOWN ***
a5fbd8f7 collected 30,130 from pot
*** SUMMARY ***
Total pot 30,130 | Rake 0 | Jackpot 0 | Bingo 0 | Fortune 0 | Tax 0
Board [Jc 6c As 2s 9d]
Seat 1: 8a3a9041 (big blind) folded before Flop
Seat 2: a2367f9a showed [Qd Ks] and lost with Ace high
Seat 3: e0222b2c folded before Flop
Seat 4: 3e1eca4d folded before Flop
Seat 6: 194c1cca folded before Flop
Seat 7: Hero (button) folded before Flop
Seat 8: a5fbd8f7 (small blind) showed [Ah Kh] and won (30,130) with a pair of Aces


Poker Hand #TM5633599059: Tournament #266084623, Bounty Hunters Special $8.88 Hold'em No Limit - Level18(1,250/2,500(350)) - 2026/02/26 11:17:58
Table '41' 8-max Seat #6 is the button
Seat 1: 8a3a9041 (90,049 in chips)
Seat 2: a2367f9a (150,430 in chips)
Seat 3: e0222b2c (179,441 in chips)
Seat 4: 3e1eca4d (96,340 in chips)
Seat 5: 94496e1b (32,833 in chips)
Seat 6: 194c1cca (73,563 in chips)
Seat 7: Hero (33,863 in chips)
Seat 8: a5fbd8f7 (132,829 in chips)
e0222b2c: posts the ante 350
8a3a9041: posts the ante 350
94496e1b: posts the ante 350
Hero: posts the ante 350
a2367f9a: posts the ante 350
194c1cca: posts the ante 350
a5fbd8f7: posts the ante 350
3e1eca4d: posts the ante 350
Hero: posts small blind 1,250
a5fbd8f7: posts big blind 2,500
*** HOLE CARDS ***
Dealt to 8a3a9041 
Dealt to a2367f9a 
Dealt to e0222b2c 
Dealt to 3e1eca4d 
Dealt to 94496e1b 
Dealt to 194c1cca 
Dealt to Hero [3d Js]
Dealt to a5fbd8f7 
8a3a9041: folds
a2367f9a: folds
e0222b2c: folds
3e1eca4d: folds
94496e1b: raises 29,983 to 32,483 and is all-in
194c1cca: raises 40,730 to 73,213 and is all-in
Hero: folds
a5fbd8f7: folds
Uncalled bet (40,730) returned to 194c1cca
194c1cca: shows [As 7s]
94496e1b: shows [Ad Th]
*** FLOP *** [Qh 2s 7d]
*** TURN *** [Qh 2s 7d] [5d]
*** RIVER *** [Qh 2s 7d 5d] [5s]
*** SHOWDOWN ***
194c1cca collected 71,516 from pot
*** SUMMARY ***
Total pot 71,516 | Rake 0 | Jackpot 0 | Bingo 0 | Fortune 0 | Tax 0
Board [Qh 2s 7d 5d 5s]
Seat 1: 8a3a9041 folded before Flop
Seat 2: a2367f9a folded before Flop
Seat 3: e0222b2c folded before Flop
Seat 4: 3e1eca4d folded before Flop
Seat 5: 94496e1b showed [Ad Th] and lost with a pair of Fives
Seat 6: 194c1cca (button) showed [As 7s] and won (71,516) with two pair, Sevens and Fives
Seat 7: Hero (small blind) folded before Flop
Seat 8: a5fbd8f7 (big blind) folded before Flop


Poker Hand #TM5633599043: Tournament #266084623, Bounty Hunters Special $8.88 Hold'em No Limit - Level18(1,250/2,500(350)) - 2026/02/26 11:17:18
Table '41' 8-max Seat #5 is the button
Seat 1: 8a3a9041 (90,399 in chips)
Seat 2: a2367f9a (150,780 in chips)
Seat 3: e0222b2c (179,791 in chips)
Seat 4: 3e1eca4d (90,140 in chips)
Seat 5: 94496e1b (33,183 in chips)
Seat 6: 194c1cca (75,163 in chips)
Seat 7: Hero (36,713 in chips)
Seat 8: a5fbd8f7 (133,179 in chips)
e0222b2c: posts the ante 350
8a3a9041: posts the ante 350
94496e1b: posts the ante 350
Hero: posts the ante 350
a2367f9a: posts the ante 350
194c1cca: posts the ante 350
a5fbd8f7: posts the ante 350
3e1eca4d: posts the ante 350
194c1cca: posts small blind 1,250
Hero: posts big blind 2,500
*** HOLE CARDS ***
Dealt to 8a3a9041 
Dealt to a2367f9a 
Dealt to e0222b2c 
Dealt to 3e1eca4d 
Dealt to 94496e1b 
Dealt to 194c1cca 
Dealt to Hero [3d 7c]
Dealt to a5fbd8f7 
a5fbd8f7: folds
8a3a9041: folds
a2367f9a: folds
e0222b2c: folds
3e1eca4d: raises 3,000 to 5,500
94496e1b: folds
194c1cca: folds
Hero: folds
Uncalled bet (3,000) returned to 3e1eca4d
*** SHOWDOWN ***
3e1eca4d collected 9,050 from pot
*** SUMMARY ***
Total pot 9,050 | Rake 0 | Jackpot 0 | Bingo 0 | Fortune 0 | Tax 0
Seat 1: 8a3a9041 folded before Flop
Seat 2: a2367f9a folded before Flop
Seat 3: e0222b2c folded before Flop
Seat 4: 3e1eca4d collected (9,050)
Seat 5: 94496e1b (button) folded before Flop
Seat 6: 194c1cca (small blind) folded before Flop
Seat 7: Hero (big blind) folded before Flop
Seat 8: a5fbd8f7 folded before Flop


Poker Hand #TM5633599020: Tournament #266084623, Bounty Hunters Special $8.88 Hold'em No Limit - Level18(1,250/2,500(350)) - 2026/02/26 11:16:01
Table '41' 8-max Seat #4 is the button
Seat 1: 8a3a9041 (90,749 in chips)
Seat 2: a2367f9a (151,130 in chips)
Seat 3: e0222b2c (180,141 in chips)
Seat 4: 3e1eca4d (90,490 in chips)
Seat 5: 94496e1b (38,533 in chips)
Seat 6: 194c1cca (67,713 in chips)
Seat 7: Hero (37,063 in chips)
Seat 8: a5fbd8f7 (133,529 in chips)
e0222b2c: posts the ante 350
8a3a9041: posts the ante 350
Hero: posts the ante 350
94496e1b: posts the ante 350
a2367f9a: posts the ante 350
194c1cca: posts the ante 350
a5fbd8f7: posts the ante 350
3e1eca4d: posts the ante 350
94496e1b: posts small blind 1,250
194c1cca: posts big blind 2,500
*** HOLE CARDS ***
Dealt to 8a3a9041 
Dealt to a2367f9a 
Dealt to e0222b2c 
Dealt to 3e1eca4d 
Dealt to 94496e1b 
Dealt to 194c1cca 
Dealt to Hero [Td 6d]
Dealt to a5fbd8f7 
Hero: folds
a5fbd8f7: folds
8a3a9041: folds
a2367f9a: folds
e0222b2c: folds
3e1eca4d: folds
94496e1b: calls 1,250
194c1cca: checks
*** FLOP *** [5d 5h Ks]
94496e1b: bets 2,500
194c1cca: raises 6,250 to 8,750
94496e1b: folds
Uncalled bet (6,250) returned to 194c1cca
*** SHOWDOWN ***
194c1cca collected 12,800 from pot
*** SUMMARY ***
Total pot 12,800 | Rake 0 | Jackpot 0 | Bingo 0 | Fortune 0 | Tax 0
Board [5d 5h Ks]
Seat 1: 8a3a9041 folded before Flop
Seat 2: a2367f9a folded before Flop
Seat 3: e0222b2c folded before Flop
Seat 4: 3e1eca4d (button) folded before Flop
Seat 5: 94496e1b (small blind) folded on the Flop
Seat 6: 194c1cca (big blind) won (12,800)
Seat 7: Hero folded before Flop
Seat 8: a5fbd8f7 folded before Flop


Poker Hand #TM5633599008: Tournament #266084623, Bounty Hunters Special $8.88 Hold'em No Limit - Level18(1,250/2,500(350)) - 2026/02/26 11:15:23
Table '41' 8-max Seat #3 is the button
Seat 1: 8a3a9041 (91,099 in chips)
Seat 2: a2367f9a (151,480 in chips)
Seat 3: e0222b2c (180,491 in chips)
Seat 4: 3e1eca4d (92,090 in chips)
Seat 5: 94496e1b (41,383 in chips)
Seat 6: 194c1cca (68,063 in chips)
Seat 7: Hero (37,413 in chips)
Seat 8: a5fbd8f7 (127,329 in chips)
e0222b2c: posts the ante 350
8a3a9041: posts the ante 350
Hero: posts the ante 350
94496e1b: posts the ante 350
a2367f9a: posts the ante 350
194c1cca: posts the ante 350
a5fbd8f7: posts the ante 350
3e1eca4d: posts the ante 350
3e1eca4d: posts small blind 1,250
94496e1b: posts big blind 2,500
*** HOLE CARDS ***
Dealt to 8a3a9041 
Dealt to a2367f9a 
Dealt to e0222b2c 
Dealt to 3e1eca4d 
Dealt to 94496e1b 
Dealt to 194c1cca 
Dealt to Hero [8c 9s]
Dealt to a5fbd8f7 
194c1cca: folds
Hero: folds
a5fbd8f7: raises 2,500 to 5,000
8a3a9041: folds
a2367f9a: folds
e0222b2c: folds
3e1eca4d: folds
94496e1b: folds
Uncalled bet (2,500) returned to a5fbd8f7
*** SHOWDOWN ***
a5fbd8f7 collected 9,050 from pot
*** SUMMARY ***
Total pot 9,050 | Rake 0 | Jackpot 0 | Bingo 0 | Fortune 0 | Tax 0
Seat 1: 8a3a9041 folded before Flop
Seat 2: a2367f9a folded before Flop
Seat 3: e0222b2c (button) folded before Flop
Seat 4: 3e1eca4d (small blind) folded before Flop
Seat 5: 94496e1b (big blind) folded before Flop
Seat 6: 194c1cca folded before Flop
Seat 7: Hero folded before Flop
Seat 8: a5fbd8f7 collected (9,050)


Poker Hand #TM5633598985: Tournament #266084623, Bounty Hunters Special $8.88 Hold'em No Limit - Level18(1,250/2,500(350)) - 2026/02/26 11:14:17
Table '41' 8-max Seat #2 is the button
Seat 1: 8a3a9041 (91,449 in chips)
Seat 2: a2367f9a (142,780 in chips)
Seat 3: e0222b2c (182,091 in chips)
Seat 4: 3e1eca4d (97,440 in chips)
Seat 5: 94496e1b (41,733 in chips)
Seat 6: 194c1cca (68,413 in chips)
Seat 7: Hero (37,763 in chips)
Seat 8: a5fbd8f7 (127,679 in chips)
e0222b2c: posts the ante 350
8a3a9041: posts the ante 350
Hero: posts the ante 350
94496e1b: posts the ante 350
a2367f9a: posts the ante 350
194c1cca: posts the ante 350
a5fbd8f7: posts the ante 350
3e1eca4d: posts the ante 350
e0222b2c: posts small blind 1,250
3e1eca4d: posts big blind 2,500
*** HOLE CARDS ***
Dealt to 8a3a9041 
Dealt to a2367f9a 
Dealt to e0222b2c 
Dealt to 3e1eca4d 
Dealt to 94496e1b 
Dealt to 194c1cca 
Dealt to Hero [9d 8h]
Dealt to a5fbd8f7 
94496e1b: folds
194c1cca: folds
Hero: folds
a5fbd8f7: folds
8a3a9041: folds
a2367f9a: raises 2,500 to 5,000
e0222b2c: folds
3e1eca4d: calls 2,500
*** FLOP *** [Td 6c Qh]
3e1eca4d: checks
a2367f9a: checks
*** TURN *** [Td 6c Qh] [2d]
3e1eca4d: checks
a2367f9a: checks
*** RIVER *** [Td 6c Qh 2d] [Ad]
3e1eca4d: checks
a2367f9a: bets 6,250
3e1eca4d: folds
Uncalled bet (6,250) returned to a2367f9a
*** SHOWDOWN ***
a2367f9a collected 14,050 from pot
*** SUMMARY ***
Total pot 14,050 | Rake 0 | Jackpot 0 | Bingo 0 | Fortune 0 | Tax 0
Board [Td 6c Qh 2d Ad]
Seat 1: 8a3a9041 folded before Flop
Seat 2: a2367f9a (button) won (14,050)
Seat 3: e0222b2c (small blind) folded before Flop
Seat 4: 3e1eca4d (big blind) folded on the River
Seat 5: 94496e1b folded before Flop
Seat 6: 194c1cca folded before Flop
Seat 7: Hero folded before Flop
Seat 8: a5fbd8f7 folded before Flop


Poker Hand #TM5633598978: Tournament #266084623, Bounty Hunters Special $8.88 Hold'em No Limit - Level18(1,250/2,500(350)) - 2026/02/26 11:13:56
Table '41' 8-max Seat #1 is the button
Seat 1: 8a3a9041 (91,799 in chips)
Seat 2: a2367f9a (144,380 in chips)
Seat 3: e0222b2c (178,391 in chips)
Seat 4: 3e1eca4d (97,790 in chips)
Seat 5: 94496e1b (42,083 in chips)
Seat 6: 194c1cca (68,763 in chips)
Seat 7: Hero (38,113 in chips)
Seat 8: a5fbd8f7 (128,029 in chips)
e0222b2c: posts the ante 350
8a3a9041: posts the ante 350
Hero: posts the ante 350
94496e1b: posts the ante 350
a2367f9a: posts the ante 350
194c1cca: posts the ante 350
a5fbd8f7: posts the ante 350
3e1eca4d: posts the ante 350
a2367f9a: posts small blind 1,250
e0222b2c: posts big blind 2,500
*** HOLE CARDS ***
Dealt to 8a3a9041 
Dealt to a2367f9a 
Dealt to e0222b2c 
Dealt to 3e1eca4d 
Dealt to 94496e1b 
Dealt to 194c1cca 
Dealt to Hero [2h Th]
Dealt to a5fbd8f7 
3e1eca4d: folds
94496e1b: folds
194c1cca: folds
Hero: folds
a5fbd8f7: folds
8a3a9041: folds
a2367f9a: folds
Uncalled bet (1,250) returned to e0222b2c
*** SHOWDOWN ***
e0222b2c collected 5,300 from pot
*** SUMMARY ***
Total pot 5,300 | Rake 0 | Jackpot 0 | Bingo 0 | Fortune 0 | Tax 0
Seat 1: 8a3a9041 (button) folded before Flop
Seat 2: a2367f9a (small blind) folded before Flop
Seat 3: e0222b2c (big blind) collected (5,300)
Seat 4: 3e1eca4d folded before Flop
Seat 5: 94496e1b folded before Flop
Seat 6: 194c1cca folded before Flop
Seat 7: Hero folded before Flop
Seat 8: a5fbd8f7 folded before Flop


Poker Hand #TM5633598957: Tournament #266084623, Bounty Hunters Special $8.88 Hold'em No Limit - Level18(1,250/2,500(350)) - 2026/02/26 11:12:47
Table '41' 8-max Seat #8 is the button
Seat 1: 8a3a9041 (97,149 in chips)
Seat 2: a2367f9a (149,730 in chips)
Seat 3: e0222b2c (183,741 in chips)
Seat 4: 3e1eca4d (80,340 in chips)
Seat 5: 94496e1b (42,433 in chips)
Seat 6: 194c1cca (69,113 in chips)
Seat 7: Hero (38,463 in chips)
Seat 8: a5fbd8f7 (128,379 in chips)
e0222b2c: posts the ante 350
8a3a9041: posts the ante 350
Hero: posts the ante 350
94496e1b: posts the ante 350
a2367f9a: posts the ante 350
194c1cca: posts the ante 350
a5fbd8f7: posts the ante 350
3e1eca4d: posts the ante 350
8a3a9041: posts small blind 1,250
a2367f9a: posts big blind 2,500
*** HOLE CARDS ***
Dealt to 8a3a9041 
Dealt to a2367f9a 
Dealt to e0222b2c 
Dealt to 3e1eca4d 
Dealt to 94496e1b 
Dealt to 194c1cca 
Dealt to Hero [3h 4s]
Dealt to a5fbd8f7 
e0222b2c: raises 2,500 to 5,000
3e1eca4d: calls 5,000
94496e1b: folds
194c1cca: folds
Hero: folds
a5fbd8f7: folds
8a3a9041: calls 3,750
a2367f9a: calls 2,500
*** FLOP *** [Ad Jd 2s]
8a3a9041: checks
a2367f9a: checks
e0222b2c: checks
3e1eca4d: bets 13,750
8a3a9041: folds
a2367f9a: folds
e0222b2c: folds
Uncalled bet (13,750) returned to 3e1eca4d
*** SHOWDOWN ***
3e1eca4d collected 22,800 from pot
*** SUMMARY ***
Total pot 22,800 | Rake 0 | Jackpot 0 | Bingo 0 | Fortune 0 | Tax 0
Board [Ad Jd 2s]
Seat 1: 8a3a9041 (small blind) folded on the Flop
Seat 2: a2367f9a (big blind) folded on the Flop
Seat 3: e0222b2c folded on the Flop
Seat 4: 3e1eca4d won (22,800)
Seat 5: 94496e1b folded before Flop
Seat 6: 194c1cca folded before Flop
Seat 7: Hero folded before Flop
Seat 8: a5fbd8f7 (button) folded before Flop


Poker Hand #TM5633598946: Tournament #266084623, Bounty Hunters Special $8.88 Hold'em No Limit - Level18(1,250/2,500(350)) - 2026/02/26 11:12:11
Table '41' 8-max Seat #7 is the button
Seat 1: 8a3a9041 (93,449 in chips)
Seat 2: a2367f9a (150,080 in chips)
Seat 3: e0222b2c (184,091 in chips)
Seat 4: 3e1eca4d (80,690 in chips)
Seat 5: 94496e1b (42,783 in chips)
Seat 6: 194c1cca (69,463 in chips)
Seat 7: Hero (38,813 in chips)
Seat 8: a5fbd8f7 (129,979 in chips)
e0222b2c: posts the ante 350
8a3a9041: posts the ante 350
Hero: posts the ante 350
94496e1b: posts the ante 350
a2367f9a: posts the ante 350
194c1cca: posts the ante 350
a5fbd8f7: posts the ante 350
3e1eca4d: posts the ante 350
a5fbd8f7: posts small blind 1,250
8a3a9041: posts big blind 2,500
*** HOLE CARDS ***
Dealt to 8a3a9041 
Dealt to a2367f9a 
Dealt to e0222b2c 
Dealt to 3e1eca4d 
Dealt to 94496e1b 
Dealt to 194c1cca 
Dealt to Hero [5c 8h]
Dealt to a5fbd8f7 
a2367f9a: folds
e0222b2c: folds
3e1eca4d: folds
94496e1b: folds
194c1cca: folds
Hero: folds
a5fbd8f7: folds
Uncalled bet (1,250) returned to 8a3a9041
*** SHOWDOWN ***
8a3a9041 collected 5,300 from pot
*** SUMMARY ***
Total pot 5,300 | Rake 0 | Jackpot 0 | Bingo 0 | Fortune 0 | Tax 0
Seat 1: 8a3a9041 (big blind) collected (5,300)
Seat 2: a2367f9a folded before Flop
Seat 3: e0222b2c folded before Flop
Seat 4: 3e1eca4d folded before Flop
Seat 5: 94496e1b folded before Flop
Seat 6: 194c1cca folded before Flop
Seat 7: Hero (button) folded before Flop
Seat 8: a5fbd8f7 (small blind) folded before Flop


Poker Hand #TM5633598929: Tournament #266084623, Bounty Hunters Special $8.88 Hold'em No Limit - Level18(1,250/2,500(350)) - 2026/02/26 11:11:24
Table '41' 8-max Seat #6 is the button
Seat 1: 8a3a9041 (82,249 in chips)
Seat 2: a2367f9a (150,430 in chips)
Seat 3: e0222b2c (189,441 in chips)
Seat 4: 3e1eca4d (81,040 in chips)
Seat 5: 94496e1b (43,133 in chips)
Seat 6: 194c1cca (69,813 in chips)
Seat 7: Hero (40,413 in chips)
Seat 8: a5fbd8f7 (132,829 in chips)
e0222b2c: posts the ante 350
8a3a9041: posts the ante 350
94496e1b: posts the ante 350
Hero: posts the ante 350
a2367f9a: posts the ante 350
194c1cca: posts the ante 350
a5fbd8f7: posts the ante 350
3e1eca4d: posts the ante 350
Hero: posts small blind 1,250
a5fbd8f7: posts big blind 2,500
*** HOLE CARDS ***
Dealt to 8a3a9041 
Dealt to a2367f9a 
Dealt to e0222b2c 
Dealt to 3e1eca4d 
Dealt to 94496e1b 
Dealt to 194c1cca 
Dealt to Hero [6d 3s]
Dealt to a5fbd8f7 
8a3a9041: raises 2,500 to 5,000
a2367f9a: folds
e0222b2c: calls 5,000
3e1eca4d: folds
94496e1b: folds
194c1cca: folds
Hero: folds
a5fbd8f7: folds
*** FLOP *** [As 2h Ks]
8a3a9041: bets 8,275
e0222b2c: folds
Uncalled bet (8,275) returned to 8a3a9041
*** SHOWDOWN ***
8a3a9041 collected 16,550 from pot
*** SUMMARY ***
Total pot 16,550 | Rake 0 | Jackpot 0 | Bingo 0 | Fortune 0 | Tax 0
Board [As 2h Ks]
Seat 1: 8a3a9041 won (16,550)
Seat 2: a2367f9a folded before Flop
Seat 3: e0222b2c folded on the Flop
Seat 4: 3e1eca4d folded before Flop
Seat 5: 94496e1b folded before Flop
Seat 6: 194c1cca (button) folded before Flop
Seat 7: Hero (small blind) folded before Flop
Seat 8: a5fbd8f7 (big blind) folded before Flop


Poker Hand #TM5633598914: Tournament #266084623, Bounty Hunters Special $8.88 Hold'em No Limit - Level18(1,250/2,500(350)) - 2026/02/26 11:10:38
Table '41' 8-max Seat #5 is the button
Seat 1: 8a3a9041 (82,599 in chips)
Seat 2: a2367f9a (150,780 in chips)
Seat 3: e0222b2c (189,791 in chips)
Seat 4: 3e1eca4d (72,340 in chips)
Seat 5: 94496e1b (43,483 in chips)
Seat 6: 194c1cca (71,413 in chips)
Seat 7: Hero (45,763 in chips)
Seat 8: a5fbd8f7 (133,179 in chips)
e0222b2c: posts the ante 350
8a3a9041: posts the ante 350
94496e1b: posts the ante 350
Hero: posts the ante 350
a2367f9a: posts the ante 350
194c1cca: posts the ante 350
a5fbd8f7: posts the ante 350
3e1eca4d: posts the ante 350
194c1cca: posts small blind 1,250
Hero: posts big blind 2,500
*** HOLE CARDS ***
Dealt to 8a3a9041 
Dealt to a2367f9a 
Dealt to e0222b2c 
Dealt to 3e1eca4d 
Dealt to 94496e1b 
Dealt to 194c1cca 
Dealt to Hero [3s Kd]
Dealt to a5fbd8f7 
a5fbd8f7: folds
8a3a9041: folds
a2367f9a: folds
e0222b2c: folds
3e1eca4d: raises 2,500 to 5,000
94496e1b: folds
194c1cca: folds
Hero: calls 2,500
*** FLOP *** [4c Jh 9s]
Hero: checks
3e1eca4d: bets 9,976
Hero: folds
Uncalled bet (9,976) returned to 3e1eca4d
*** SHOWDOWN ***
3e1eca4d collected 14,050 from pot
*** SUMMARY ***
Total pot 14,050 | Rake 0 | Jackpot 0 | Bingo 0 | Fortune 0 | Tax 0
Board [4c Jh 9s]
Seat 1: 8a3a9041 folded before Flop
Seat 2: a2367f9a folded before Flop
Seat 3: e0222b2c folded before Flop
Seat 4: 3e1eca4d won (14,050)
Seat 5: 94496e1b (button) folded before Flop
Seat 6: 194c1cca (small blind) folded before Flop
Seat 7: Hero (big blind) folded on the Flop
Seat 8: a5fbd8f7 folded before Flop


Poker Hand #TM5633598886: Tournament #266084623, Bounty Hunters Special $8.88 Hold'em No Limit - Level17(1,000/2,000(300)) - 2026/02/26 11:08:47
Table '41' 8-max Seat #4 is the button
Seat 1: 8a3a9041 (82,899 in chips)
Seat 2: a2367f9a (151,080 in chips)
Seat 3: e0222b2c (190,091 in chips)
Seat 4: 3e1eca4d (34,770 in chips)
Seat 5: 94496e1b (44,783 in chips)
Seat 6: 194c1cca (106,183 in chips)
Seat 7: Hero (46,063 in chips)
Seat 8: a5fbd8f7 (133,479 in chips)
e0222b2c: posts the ante 300
8a3a9041: posts the ante 300
Hero: posts the ante 300
94496e1b: posts the ante 300
a2367f9a: posts the ante 300
194c1cca: posts the ante 300
a5fbd8f7: posts the ante 300
3e1eca4d: posts the ante 300
94496e1b: posts small blind 1,000
194c1cca: posts big blind 2,000
*** HOLE CARDS ***
Dealt to 8a3a9041 
Dealt to a2367f9a 
Dealt to e0222b2c 
Dealt to 3e1eca4d 
Dealt to 94496e1b 
Dealt to 194c1cca 
Dealt to Hero [Js Ts]
Dealt to a5fbd8f7 
Hero: folds
a5fbd8f7: folds
8a3a9041: folds
a2367f9a: folds
e0222b2c: folds
3e1eca4d: raises 2,000 to 4,000
94496e1b: folds
194c1cca: raises 101,883 to 105,883 and is all-in
3e1eca4d: calls 30,470 and is all-in
Uncalled bet (71,413) returned to 194c1cca
194c1cca: shows [Qh Th]
3e1eca4d: shows [As 4s]
*** FLOP *** [Jd Ah Ac]
*** TURN *** [Jd Ah Ac] [2s]
*** RIVER *** [Jd Ah Ac 2s] [8s]
*** SHOWDOWN ***
3e1eca4d collected 72,340 from pot
*** SUMMARY ***
Total pot 72,340 | Rake 0 | Jackpot 0 | Bingo 0 | Fortune 0 | Tax 0
Board [Jd Ah Ac 2s 8s]
Seat 1: 8a3a9041 folded before Flop
Seat 2: a2367f9a folded before Flop
Seat 3: e0222b2c folded before Flop
Seat 4: 3e1eca4d (button) showed [As 4s] and won (72,340) with three of a kind, Aces
Seat 5: 94496e1b (small blind) folded before Flop
Seat 6: 194c1cca (big blind) showed [Qh Th] and lost with a pair of Aces
Seat 7: Hero folded before Flop
Seat 8: a5fbd8f7 folded before Flop


Poker Hand #TM5633598853: Tournament #266084623, Bounty Hunters Special $8.88 Hold'em No Limit - Level17(1,000/2,000(300)) - 2026/02/26 11:06:50
Table '41' 8-max Seat #3 is the button
Seat 1: 8a3a9041 (83,199 in chips)
Seat 2: a2367f9a (132,130 in chips)
Seat 3: e0222b2c (190,391 in chips)
Seat 4: 3e1eca4d (36,070 in chips)
Seat 5: 94496e1b (60,933 in chips)
Seat 6: 194c1cca (106,483 in chips)
Seat 7: Hero (46,363 in chips)
Seat 8: a5fbd8f7 (133,779 in chips)
e0222b2c: posts the ante 300
8a3a9041: posts the ante 300
Hero: posts the ante 300
94496e1b: posts the ante 300
a2367f9a: posts the ante 300
194c1cca: posts the ante 300
a5fbd8f7: posts the ante 300
3e1eca4d: posts the ante 300
3e1eca4d: posts small blind 1,000
94496e1b: posts big blind 2,000
*** HOLE CARDS ***
Dealt to 8a3a9041 
Dealt to a2367f9a 
Dealt to e0222b2c 
Dealt to 3e1eca4d 
Dealt to 94496e1b 
Dealt to 194c1cca 
Dealt to Hero [Ks 3c]
Dealt to a5fbd8f7 
194c1cca: folds
Hero: folds
a5fbd8f7: folds
8a3a9041: folds
a2367f9a: raises 2,000 to 4,000
e0222b2c: folds
3e1eca4d: folds
94496e1b: calls 2,000
*** FLOP *** [4h 3d 7c]
94496e1b: checks
a2367f9a: checks
*** TURN *** [4h 3d 7c] [Ac]
94496e1b: checks
a2367f9a: bets 2,850
94496e1b: calls 2,850
*** RIVER *** [4h 3d 7c Ac] [6h]
94496e1b: checks
a2367f9a: bets 9,000
94496e1b: calls 9,000
a2367f9a: shows [6c 6s] (three of a kind, Sixes)
94496e1b: shows [8s Ah] (a pair of Aces)
*** SHOWDOWN ***
a2367f9a collected 35,100 from pot
*** SUMMARY ***
Total pot 35,100 | Rake 0 | Jackpot 0 | Bingo 0 | Fortune 0 | Tax 0
Board [4h 3d 7c Ac 6h]
Seat 1: 8a3a9041 folded before Flop
Seat 2: a2367f9a showed [6c 6s] and won (35,100) with three of a kind, Sixes
Seat 3: e0222b2c (button) folded before Flop
Seat 4: 3e1eca4d (small blind) folded before Flop
Seat 5: 94496e1b (big blind) showed [8s Ah] and lost with a pair of Aces
Seat 6: 194c1cca folded before Flop
Seat 7: Hero folded before Flop
Seat 8: a5fbd8f7 folded before Flop


Poker Hand #TM5633598830: Tournament #266084623, Bounty Hunters Special $8.88 Hold'em No Limit - Level17(1,000/2,000(300)) - 2026/02/26 11:05:38
Table '41' 8-max Seat #1 is the button
Seat 1: 8a3a9041 (99,984 in chips)
Seat 3: e0222b2c (191,691 in chips)
Seat 4: 3e1eca4d (16,785 in chips)
Seat 5: 94496e1b (61,233 in chips)
Seat 6: 194c1cca (106,783 in chips)
Seat 7: Hero (46,663 in chips)
Seat 8: a5fbd8f7 (134,079 in chips)
e0222b2c: posts the ante 300
8a3a9041: posts the ante 300
Hero: posts the ante 300
94496e1b: posts the ante 300
194c1cca: posts the ante 300
a5fbd8f7: posts the ante 300
3e1eca4d: posts the ante 300
e0222b2c: posts small blind 1,000
3e1eca4d: posts big blind 2,000
*** HOLE CARDS ***
Dealt to 8a3a9041 
Dealt to e0222b2c 
Dealt to 3e1eca4d 
Dealt to 94496e1b 
Dealt to 194c1cca 
Dealt to Hero [5h 6c]
Dealt to a5fbd8f7 
94496e1b: folds
194c1cca: folds
Hero: folds
a5fbd8f7: folds
8a3a9041: raises 2,000 to 4,000
e0222b2c: folds
3e1eca4d: calls 2,000
*** FLOP *** [3d 5c Qs]
3e1eca4d: checks
8a3a9041: bets 7,550
3e1eca4d: raises 4,935 to 12,485 and is all-in
8a3a9041: calls 4,935
3e1eca4d: shows [5s 3c] (two pair, Fives and Threes)
8a3a9041: shows [As 7h] (Ace high)
*** TURN *** [3d 5c Qs] [2s]
*** RIVER *** [3d 5c Qs 2s] [Ad]
*** SHOWDOWN ***
3e1eca4d collected 36,070 from pot
*** SUMMARY ***
Total pot 36,070 | Rake 0 | Jackpot 0 | Bingo 0 | Fortune 0 | Tax 0
Board [3d 5c Qs 2s Ad]
Seat 1: 8a3a9041 (button) showed [As 7h] and lost with a pair of Aces
Seat 3: e0222b2c (small blind) folded before Flop
Seat 4: 3e1eca4d (big blind) showed [5s 3c] and won (36,070) with two pair, Fives and Threes
Seat 5: 94496e1b folded before Flop
Seat 6: 194c1cca folded before Flop
Seat 7: Hero folded before Flop
Seat 8: a5fbd8f7 folded before Flop


Poker Hand #TM5633598807: Tournament #266084623, Bounty Hunters Special $8.88 Hold'em No Limit - Level17(1,000/2,000(300)) - 2026/02/26 11:04:26
Table '41' 8-max Seat #8 is the button
Seat 1: 8a3a9041 (101,284 in chips)
Seat 3: e0222b2c (196,391 in chips)
Seat 4: 3e1eca4d (17,085 in chips)
Seat 5: 94496e1b (61,533 in chips)
Seat 6: 194c1cca (107,083 in chips)
Seat 7: Hero (46,963 in chips)
Seat 8: a5fbd8f7 (126,879 in chips)
e0222b2c: posts the ante 300
8a3a9041: posts the ante 300
Hero: posts the ante 300
94496e1b: posts the ante 300
194c1cca: posts the ante 300
a5fbd8f7: posts the ante 300
3e1eca4d: posts the ante 300
8a3a9041: posts small blind 1,000
e0222b2c: posts big blind 2,000
*** HOLE CARDS ***
Dealt to 8a3a9041 
Dealt to e0222b2c 
Dealt to 3e1eca4d 
Dealt to 94496e1b 
Dealt to 194c1cca 
Dealt to Hero [7s 5d]
Dealt to a5fbd8f7 
3e1eca4d: folds
94496e1b: folds
194c1cca: folds
Hero: folds
a5fbd8f7: raises 2,400 to 4,400
8a3a9041: folds
e0222b2c: calls 2,400
*** FLOP *** [Tc Ks 5s]
e0222b2c: checks
a5fbd8f7: bets 3,927
e0222b2c: folds
Uncalled bet (3,927) returned to a5fbd8f7
*** SHOWDOWN ***
a5fbd8f7 collected 11,900 from pot
*** SUMMARY ***
Total pot 11,900 | Rake 0 | Jackpot 0 | Bingo 0 | Fortune 0 | Tax 0
Board [Tc Ks 5s]
Seat 1: 8a3a9041 (small blind) folded before Flop
Seat 3: e0222b2c (big blind) folded on the Flop
Seat 4: 3e1eca4d folded before Flop
Seat 5: 94496e1b folded before Flop
Seat 6: 194c1cca folded before Flop
Seat 7: Hero folded before Flop
Seat 8: a5fbd8f7 (button) won (11,900)


Poker Hand #TM5633598794: Tournament #266084623, Bounty Hunters Special $8.88 Hold'em No Limit - Level17(1,000/2,000(300)) - 2026/02/26 11:03:51
Table '41' 8-max Seat #7 is the button
Seat 1: 8a3a9041 (98,184 in chips)
Seat 2: 5e5f9c42 (17,575 in chips)
Seat 3: e0222b2c (196,691 in chips)
Seat 4: 3e1eca4d (17,385 in chips)
Seat 5: 94496e1b (61,833 in chips)
Seat 6: 194c1cca (107,383 in chips)
Seat 7: Hero (47,263 in chips)
Seat 8: a5fbd8f7 (128,179 in chips)
e0222b2c: posts the ante 300
8a3a9041: posts the ante 300
Hero: posts the ante 300
94496e1b: posts the ante 300
194c1cca: posts the ante 300
a5fbd8f7: posts the ante 300
5e5f9c42: posts the ante 300
3e1eca4d: posts the ante 300
a5fbd8f7: posts small blind 1,000
8a3a9041: posts big blind 2,000
*** HOLE CARDS ***
Dealt to 8a3a9041 
Dealt to 5e5f9c42 
Dealt to e0222b2c 
Dealt to 3e1eca4d 
Dealt to 94496e1b 
Dealt to 194c1cca 
Dealt to Hero [6h 9s]
Dealt to a5fbd8f7 
5e5f9c42: folds
e0222b2c: folds
3e1eca4d: folds
94496e1b: folds
194c1cca: folds
Hero: folds
a5fbd8f7: folds
Uncalled bet (1,000) returned to 8a3a9041
*** SHOWDOWN ***
8a3a9041 collected 4,400 from pot
*** SUMMARY ***
Total pot 4,400 | Rake 0 | Jackpot 0 | Bingo 0 | Fortune 0 | Tax 0
Seat 1: 8a3a9041 (big blind) collected (4,400)
Seat 2: 5e5f9c42 folded before Flop
Seat 3: e0222b2c folded before Flop
Seat 4: 3e1eca4d folded before Flop
Seat 5: 94496e1b folded before Flop
Seat 6: 194c1cca folded before Flop
Seat 7: Hero (button) folded before Flop
Seat 8: a5fbd8f7 (small blind) folded before Flop


Poker Hand #TM5633598774: Tournament #266084623, Bounty Hunters Special $8.88 Hold'em No Limit - Level17(1,000/2,000(300)) - 2026/02/26 11:02:24
Table '41' 8-max Seat #6 is the button
Seat 1: 8a3a9041 (98,484 in chips)
Seat 2: 5e5f9c42 (17,875 in chips)
Seat 3: e0222b2c (196,991 in chips)
Seat 4: 3e1eca4d (14,985 in chips)
Seat 5: 94496e1b (59,433 in chips)
Seat 6: 194c1cca (107,683 in chips)
Seat 7: Hero (48,563 in chips)
Seat 8: a5fbd8f7 (130,479 in chips)
e0222b2c: posts the ante 300
8a3a9041: posts the ante 300
94496e1b: posts the ante 300
Hero: posts the ante 300
194c1cca: posts the ante 300
a5fbd8f7: posts the ante 300
5e5f9c42: posts the ante 300
3e1eca4d: posts the ante 300
Hero: posts small blind 1,000
a5fbd8f7: posts big blind 2,000
*** HOLE CARDS ***
Dealt to 8a3a9041 
Dealt to 5e5f9c42 
Dealt to e0222b2c 
Dealt to 3e1eca4d 
Dealt to 94496e1b 
Dealt to 194c1cca 
Dealt to Hero [Jd Qs]
Dealt to a5fbd8f7 
8a3a9041: folds
5e5f9c42: folds
e0222b2c: folds
3e1eca4d: raises 12,685 to 14,685 and is all-in
94496e1b: raises 44,448 to 59,133 and is all-in
194c1cca: folds
Hero: folds
a5fbd8f7: folds
Uncalled bet (44,448) returned to 94496e1b
94496e1b: shows [8d Ac]
3e1eca4d: shows [As 4h]
*** FLOP *** [2h 7d Qd]
*** TURN *** [2h 7d Qd] [7c]
*** RIVER *** [2h 7d Qd 7c] [9c]
*** SHOWDOWN ***
94496e1b collected 17,385 from pot
3e1eca4d collected 17,385 from pot
*** SUMMARY ***
Total pot 34,770 | Rake 0 | Jackpot 0 | Bingo 0 | Fortune 0 | Tax 0
Board [2h 7d Qd 7c 9c]
Seat 1: 8a3a9041 folded before Flop
Seat 2: 5e5f9c42 folded before Flop
Seat 3: e0222b2c folded before Flop
Seat 4: 3e1eca4d showed [As 4h] and won (17,385) with a pair of Sevens
Seat 5: 94496e1b showed [8d Ac] and won (17,385) with a pair of Sevens
Seat 6: 194c1cca (button) folded before Flop
Seat 7: Hero (small blind) folded before Flop
Seat 8: a5fbd8f7 (big blind) folded before Flop


Poker Hand #TM5633598766: Tournament #266084623, Bounty Hunters Special $8.88 Hold'em No Limit - Level16(750/1,500(200)) - 2026/02/26 11:01:57
Table '41' 8-max Seat #5 is the button
Seat 1: 8a3a9041 (98,684 in chips)
Seat 2: 5e5f9c42 (18,075 in chips)
Seat 3: e0222b2c (197,191 in chips)
Seat 4: 3e1eca4d (15,185 in chips)
Seat 5: 94496e1b (59,633 in chips)
Seat 6: 194c1cca (104,783 in chips)
Seat 7: Hero (50,263 in chips)
Seat 8: a5fbd8f7 (130,679 in chips)
e0222b2c: posts the ante 200
8a3a9041: posts the ante 200
94496e1b: posts the ante 200
Hero: posts the ante 200
194c1cca: posts the ante 200
a5fbd8f7: posts the ante 200
5e5f9c42: posts the ante 200
3e1eca4d: posts the ante 200
194c1cca: posts small blind 750
Hero: posts big blind 1,500
*** HOLE CARDS ***
Dealt to 8a3a9041 
Dealt to 5e5f9c42 
Dealt to e0222b2c 
Dealt to 3e1eca4d 
Dealt to 94496e1b 
Dealt to 194c1cca 
Dealt to Hero [4s 2c]
Dealt to a5fbd8f7 
a5fbd8f7: folds
8a3a9041: folds
5e5f9c42: folds
e0222b2c: folds
3e1eca4d: folds
94496e1b: folds
194c1cca: calls 750
Hero: checks
*** FLOP *** [Kh 9d Ts]
194c1cca: bets 3,450
Hero: folds
Uncalled bet (3,450) returned to 194c1cca
*** SHOWDOWN ***
194c1cca collected 4,600 from pot
*** SUMMARY ***
Total pot 4,600 | Rake 0 | Jackpot 0 | Bingo 0 | Fortune 0 | Tax 0
Board [Kh 9d Ts]
Seat 1: 8a3a9041 folded before Flop
Seat 2: 5e5f9c42 folded before Flop
Seat 3: e0222b2c folded before Flop
Seat 4: 3e1eca4d folded before Flop
Seat 5: 94496e1b (button) folded before Flop
Seat 6: 194c1cca (small blind) won (4,600)
Seat 7: Hero (big blind) folded on the Flop
Seat 8: a5fbd8f7 folded before Flop


Poker Hand #TM5633598742: Tournament #266084623, Bounty Hunters Special $8.88 Hold'em No Limit - Level16(750/1,500(200)) - 2026/02/26 10:54:20
Table '41' 8-max Seat #1 is the button
Seat 1: 8a3a9041 (98,884 in chips)
Seat 4: 99133945 (17,660 in chips)
Seat 5: 94496e1b (41,173 in chips)
Seat 6: 194c1cca (104,983 in chips)
Seat 7: Hero (50,463 in chips)
Seat 8: a5fbd8f7 (130,879 in chips)
99133945: posts the ante 200
8a3a9041: posts the ante 200
Hero: posts the ante 200
94496e1b: posts the ante 200
194c1cca: posts the ante 200
a5fbd8f7: posts the ante 200
99133945: posts small blind 750
94496e1b: posts big blind 1,500
*** HOLE CARDS ***
Dealt to 8a3a9041 
Dealt to 99133945 
Dealt to 94496e1b 
Dealt to 194c1cca 
Dealt to Hero [4c 2c]
Dealt to a5fbd8f7 
194c1cca: folds
Hero: folds
a5fbd8f7: folds
8a3a9041: folds
99133945: calls 750
94496e1b: raises 39,473 to 40,973 and is all-in
99133945: calls 15,960 and is all-in
Uncalled bet (23,513) returned to 94496e1b
94496e1b: shows [8h Ac]
99133945: shows [Qc Js]
*** FLOP *** [Td 4h 2d]
*** TURN *** [Td 4h 2d] [Ad]
*** RIVER *** [Td 4h 2d Ad] [9s]
*** SHOWDOWN ***
94496e1b collected 36,120 from pot
*** SUMMARY ***
Total pot 36,120 | Rake 0 | Jackpot 0 | Bingo 0 | Fortune 0 | Tax 0
Board [Td 4h 2d Ad 9s]
Seat 1: 8a3a9041 (button) folded before Flop
Seat 4: 99133945 (small blind) showed [Qc Js] and lost with Ace high
Seat 5: 94496e1b (big blind) showed [8h Ac] and won (36,120) with a pair of Aces
Seat 6: 194c1cca folded before Flop
Seat 7: Hero folded before Flop
Seat 8: a5fbd8f7 folded before Flop


Poker Hand #TM5633598713: Tournament #266084623, Bounty Hunters Special $8.88 Hold'em No Limit - Level16(750/1,500(200)) - 2026/02/26 10:52:50
Table '41' 8-max Seat #8 is the button
Seat 1: 8a3a9041 (99,834 in chips)
Seat 3: beaa0d19 (30,979 in chips)
Seat 4: 99133945 (3,302 in chips)
Seat 5: 94496e1b (50,440 in chips)
Seat 6: 194c1cca (108,285 in chips)
Seat 7: Hero (20,123 in chips)
Seat 8: a5fbd8f7 (131,079 in chips)
99133945: posts the ante 200
8a3a9041: posts the ante 200
Hero: posts the ante 200
94496e1b: posts the ante 200
194c1cca: posts the ante 200
beaa0d19: posts the ante 200
a5fbd8f7: posts the ante 200
8a3a9041: posts small blind 750
beaa0d19: posts big blind 1,500
*** HOLE CARDS ***
Dealt to 8a3a9041 
Dealt to beaa0d19 
Dealt to 99133945 
Dealt to 94496e1b 
Dealt to 194c1cca 
Dealt to Hero [Kc Kh]
Dealt to a5fbd8f7 
99133945: raises 1,602 to 3,102 and is all-in
94496e1b: calls 3,102
194c1cca: calls 3,102
Hero: raises 16,821 to 19,923 and is all-in
a5fbd8f7: folds
8a3a9041: folds
beaa0d19: raises 10,856 to 30,779 and is all-in
94496e1b: raises 19,461 to 50,240 and is all-in
194c1cca: folds
Uncalled bet (19,461) returned to 94496e1b
94496e1b: shows [9h Jh]
Hero: shows [Kc Kh]
beaa0d19: shows [Qd As]
99133945: shows [2c 5d]
*** FLOP *** [8c 2h 2s]
*** TURN *** [8c 2h 2s] [Js]
*** RIVER *** [8c 2h 2s Js] [5h]
*** SHOWDOWN ***
99133945 collected 17,660 from pot
Hero collected 50,463 from pot
94496e1b collected 21,712 from pot
*** SUMMARY ***
Total pot 89,835 | Rake 0 | Jackpot 0 | Bingo 0 | Fortune 0 | Tax 0
Board [8c 2h 2s Js 5h]
Seat 1: 8a3a9041 (small blind) folded before Flop
Seat 3: beaa0d19 (big blind) showed [Qd As] and lost with a pair of Twos
Seat 4: 99133945 showed [2c 5d] and won (17,660) with a full house, Twos full of Fives
Seat 5: 94496e1b showed [9h Jh] and won (21,712) with two pair, Jacks and Twos
Seat 6: 194c1cca folded before Flop
Seat 7: Hero showed [Kc Kh] and won (50,463) with two pair, Kings and Twos
Seat 8: a5fbd8f7 (button) folded before Flop


Poker Hand #TM5633598704: Tournament #266084623, Bounty Hunters Special $8.88 Hold'em No Limit - Level16(750/1,500(200)) - 2026/02/26 10:52:18
Table '41' 8-max Seat #7 is the button
Seat 1: 8a3a9041 (101,534 in chips)
Seat 3: beaa0d19 (31,179 in chips)
Seat 4: 99133945 (3,502 in chips)
Seat 5: 94496e1b (50,640 in chips)
Seat 6: 194c1cca (108,485 in chips)
Seat 7: Hero (16,673 in chips)
Seat 8: a5fbd8f7 (132,029 in chips)
99133945: posts the ante 200
8a3a9041: posts the ante 200
Hero: posts the ante 200
94496e1b: posts the ante 200
194c1cca: posts the ante 200
beaa0d19: posts the ante 200
a5fbd8f7: posts the ante 200
a5fbd8f7: posts small blind 750
8a3a9041: posts big blind 1,500
*** HOLE CARDS ***
Dealt to 8a3a9041 
Dealt to beaa0d19 
Dealt to 99133945 
Dealt to 94496e1b 
Dealt to 194c1cca 
Dealt to Hero [7h Ac]
Dealt to a5fbd8f7 
beaa0d19: folds
99133945: folds
94496e1b: folds
194c1cca: folds
Hero: raises 14,973 to 16,473 and is all-in
a5fbd8f7: folds
8a3a9041: folds
Uncalled bet (14,973) returned to Hero
*** SHOWDOWN ***
Hero collected 5,150 from pot
*** SUMMARY ***
Total pot 5,150 | Rake 0 | Jackpot 0 | Bingo 0 | Fortune 0 | Tax 0
Seat 1: 8a3a9041 (big blind) folded before Flop
Seat 3: beaa0d19 folded before Flop
Seat 4: 99133945 folded before Flop
Seat 5: 94496e1b folded before Flop
Seat 6: 194c1cca folded before Flop
Seat 7: Hero (button) collected (5,150)
Seat 8: a5fbd8f7 (small blind) folded before Flop


Poker Hand #TM5633598688: Tournament #266084623, Bounty Hunters Special $8.88 Hold'em No Limit - Level16(750/1,500(200)) - 2026/02/26 10:51:38
Table '41' 8-max Seat #6 is the button
Seat 1: 8a3a9041 (101,734 in chips)
Seat 2: 79105914 (22,981 in chips)
Seat 3: beaa0d19 (31,379 in chips)
Seat 4: 99133945 (3,702 in chips)
Seat 5: 94496e1b (50,840 in chips)
Seat 6: 194c1cca (82,054 in chips)
Seat 7: Hero (17,623 in chips)
Seat 8: a5fbd8f7 (133,729 in chips)
99133945: posts the ante 200
8a3a9041: posts the ante 200
94496e1b: posts the ante 200
Hero: posts the ante 200
194c1cca: posts the ante 200
beaa0d19: posts the ante 200
79105914: posts the ante 200
a5fbd8f7: posts the ante 200
Hero: posts small blind 750
a5fbd8f7: posts big blind 1,500
*** HOLE CARDS ***
Dealt to 8a3a9041 
Dealt to 79105914 
Dealt to beaa0d19 
Dealt to 99133945 
Dealt to 94496e1b 
Dealt to 194c1cca 
Dealt to Hero [5c Qd]
Dealt to a5fbd8f7 
8a3a9041: folds
79105914: raises 21,281 to 22,781 and is all-in
beaa0d19: folds
99133945: folds
94496e1b: folds
194c1cca: raises 59,073 to 81,854 and is all-in
Hero: folds
a5fbd8f7: folds
Uncalled bet (59,073) returned to 194c1cca
194c1cca: shows [Th Tc]
79105914: shows [Kd As]
*** FLOP *** [6c 2s Ts]
*** TURN *** [6c 2s Ts] [8d]
*** RIVER *** [6c 2s Ts 8d] [9d]
*** SHOWDOWN ***
194c1cca collected 49,412 from pot
*** SUMMARY ***
Total pot 49,412 | Rake 0 | Jackpot 0 | Bingo 0 | Fortune 0 | Tax 0
Board [6c 2s Ts 8d 9d]
Seat 1: 8a3a9041 folded before Flop
Seat 2: 79105914 showed [Kd As] and lost with Ace high
Seat 3: beaa0d19 folded before Flop
Seat 4: 99133945 folded before Flop
Seat 5: 94496e1b folded before Flop
Seat 6: 194c1cca (button) showed [Th Tc] and won (49,412) with three of a kind, Tens
Seat 7: Hero (small blind) folded before Flop
Seat 8: a5fbd8f7 (big blind) folded before Flop


Poker Hand #TM5633598673: Tournament #266084623, Bounty Hunters Special $8.88 Hold'em No Limit - Level16(750/1,500(200)) - 2026/02/26 10:50:50
Table '41' 8-max Seat #5 is the button
Seat 1: 8a3a9041 (101,934 in chips)
Seat 2: 79105914 (23,181 in chips)
Seat 3: beaa0d19 (31,579 in chips)
Seat 4: 99133945 (3,902 in chips)
Seat 5: 94496e1b (51,040 in chips)
Seat 6: 194c1cca (79,154 in chips)
Seat 7: Hero (19,323 in chips)
Seat 8: a5fbd8f7 (133,929 in chips)
99133945: posts the ante 200
8a3a9041: posts the ante 200
94496e1b: posts the ante 200
Hero: posts the ante 200
194c1cca: posts the ante 200
beaa0d19: posts the ante 200
79105914: posts the ante 200
a5fbd8f7: posts the ante 200
194c1cca: posts small blind 750
Hero: posts big blind 1,500
*** HOLE CARDS ***
Dealt to 8a3a9041 
Dealt to 79105914 
Dealt to beaa0d19 
Dealt to 99133945 
Dealt to 94496e1b 
Dealt to 194c1cca 
Dealt to Hero [3h 8h]
Dealt to a5fbd8f7 
a5fbd8f7: folds
8a3a9041: folds
79105914: folds
beaa0d19: folds
99133945: folds
94496e1b: folds
194c1cca: calls 750
Hero: checks
*** FLOP *** [Jh Ks 5d]
194c1cca: checks
Hero: checks
*** TURN *** [Jh Ks 5d] [7c]
194c1cca: bets 1,500
Hero: folds
Uncalled bet (1,500) returned to 194c1cca
*** SHOWDOWN ***
194c1cca collected 4,600 from pot
*** SUMMARY ***
Total pot 4,600 | Rake 0 | Jackpot 0 | Bingo 0 | Fortune 0 | Tax 0
Board [Jh Ks 5d 7c]
Seat 1: 8a3a9041 folded before Flop
Seat 2: 79105914 folded before Flop
Seat 3: beaa0d19 folded before Flop
Seat 4: 99133945 folded before Flop
Seat 5: 94496e1b (button) folded before Flop
Seat 6: 194c1cca (small blind) won (4,600)
Seat 7: Hero (big blind) folded on the Turn
Seat 8: a5fbd8f7 folded before Flop


Poker Hand #TM5633598653: Tournament #266084623, Bounty Hunters Special $8.88 Hold'em No Limit - Level16(750/1,500(200)) - 2026/02/26 10:49:46
Table '41' 8-max Seat #4 is the button
Seat 1: 8a3a9041 (102,134 in chips)
Seat 2: 79105914 (23,381 in chips)
Seat 3: beaa0d19 (61,454 in chips)
Seat 4: 99133945 (4,102 in chips)
Seat 5: 94496e1b (51,990 in chips)
Seat 6: 194c1cca (47,329 in chips)
Seat 7: Hero (19,523 in chips)
Seat 8: a5fbd8f7 (134,129 in chips)
99133945: posts the ante 200
8a3a9041: posts the ante 200
Hero: posts the ante 200
94496e1b: posts the ante 200
194c1cca: posts the ante 200
beaa0d19: posts the ante 200
79105914: posts the ante 200
a5fbd8f7: posts the ante 200
94496e1b: posts small blind 750
194c1cca: posts big blind 1,500
*** HOLE CARDS ***
Dealt to 8a3a9041 
Dealt to 79105914 
Dealt to beaa0d19 
Dealt to 99133945 
Dealt to 94496e1b 
Dealt to 194c1cca 
Dealt to Hero [5c 7h]
Dealt to a5fbd8f7 
Hero: folds
a5fbd8f7: folds
8a3a9041: folds
79105914: folds
beaa0d19: raises 1,500 to 3,000
99133945: folds
94496e1b: folds
194c1cca: calls 1,500
*** FLOP *** [6c As 7c]
194c1cca: checks
beaa0d19: bets 4,175
194c1cca: calls 4,175
*** TURN *** [6c As 7c] [Qh]
194c1cca: checks
beaa0d19: checks
*** RIVER *** [6c As 7c Qh] [5h]
194c1cca: bets 22,500
beaa0d19: calls 22,500
194c1cca: shows [Qs Ah] (two pair, Aces and Queens)
beaa0d19: shows [6s 5s] (two pair, Sixes and Fives)
*** SHOWDOWN ***
194c1cca collected 61,700 from pot
*** SUMMARY ***
Total pot 61,700 | Rake 0 | Jackpot 0 | Bingo 0 | Fortune 0 | Tax 0
Board [6c As 7c Qh 5h]
Seat 1: 8a3a9041 folded before Flop
Seat 2: 79105914 folded before Flop
Seat 3: beaa0d19 showed [6s 5s] and lost with two pair, Sixes and Fives
Seat 4: 99133945 (button) folded before Flop
Seat 5: 94496e1b (small blind) folded before Flop
Seat 6: 194c1cca (big blind) showed [Qs Ah] and won (61,700) with two pair, Aces and Queens
Seat 7: Hero folded before Flop
Seat 8: a5fbd8f7 folded before Flop


Poker Hand #TM5633598646: Tournament #266084623, Bounty Hunters Special $8.88 Hold'em No Limit - Level16(750/1,500(200)) - 2026/02/26 10:49:12
Table '41' 8-max Seat #3 is the button
Seat 1: 8a3a9041 (102,334 in chips)
Seat 2: 79105914 (23,581 in chips)
Seat 3: beaa0d19 (61,654 in chips)
Seat 4: 99133945 (5,052 in chips)
Seat 5: 94496e1b (53,690 in chips)
Seat 6: 194c1cca (47,529 in chips)
Seat 7: Hero (15,873 in chips)
Seat 8: a5fbd8f7 (134,329 in chips)
99133945: posts the ante 200
8a3a9041: posts the ante 200
Hero: posts the ante 200
94496e1b: posts the ante 200
194c1cca: posts the ante 200
beaa0d19: posts the ante 200
79105914: posts the ante 200
a5fbd8f7: posts the ante 200
99133945: posts small blind 750
94496e1b: posts big blind 1,500
*** HOLE CARDS ***
Dealt to 8a3a9041 
Dealt to 79105914 
Dealt to beaa0d19 
Dealt to 99133945 
Dealt to 94496e1b 
Dealt to 194c1cca 
Dealt to Hero [Qc Ac]
Dealt to a5fbd8f7 
194c1cca: folds
Hero: raises 1,500 to 3,000
a5fbd8f7: folds
8a3a9041: folds
79105914: folds
beaa0d19: folds
99133945: folds
94496e1b: folds
Uncalled bet (1,500) returned to Hero
*** SHOWDOWN ***
Hero collected 5,350 from pot
*** SUMMARY ***
Total pot 5,350 | Rake 0 | Jackpot 0 | Bingo 0 | Fortune 0 | Tax 0
Seat 1: 8a3a9041 folded before Flop
Seat 2: 79105914 folded before Flop
Seat 3: beaa0d19 (button) folded before Flop
Seat 4: 99133945 (small blind) folded before Flop
Seat 5: 94496e1b (big blind) folded before Flop
Seat 6: 194c1cca folded before Flop
Seat 7: Hero collected (5,350)
Seat 8: a5fbd8f7 folded before Flop


Poker Hand #TM5633598630: Tournament #266084623, Bounty Hunters Special $8.88 Hold'em No Limit - Level16(750/1,500(200)) - 2026/02/26 10:48:27
Table '41' 8-max Seat #2 is the button
Seat 1: 8a3a9041 (102,534 in chips)
Seat 2: 79105914 (26,781 in chips)
Seat 3: beaa0d19 (55,754 in chips)
Seat 4: 99133945 (6,752 in chips)
Seat 5: 94496e1b (53,890 in chips)
Seat 6: 194c1cca (47,729 in chips)
Seat 7: Hero (16,073 in chips)
Seat 8: a5fbd8f7 (134,529 in chips)
99133945: posts the ante 200
8a3a9041: posts the ante 200
Hero: posts the ante 200
94496e1b: posts the ante 200
194c1cca: posts the ante 200
beaa0d19: posts the ante 200
79105914: posts the ante 200
a5fbd8f7: posts the ante 200
beaa0d19: posts small blind 750
99133945: posts big blind 1,500
*** HOLE CARDS ***
Dealt to 8a3a9041 
Dealt to 79105914 
Dealt to beaa0d19 
Dealt to 99133945 
Dealt to 94496e1b 
Dealt to 194c1cca 
Dealt to Hero [Th 9c]
Dealt to a5fbd8f7 
94496e1b: folds
194c1cca: folds
Hero: folds
a5fbd8f7: folds
8a3a9041: folds
79105914: raises 1,500 to 3,000
beaa0d19: calls 2,250
99133945: folds
*** FLOP *** [8h 3h 3d]
beaa0d19: checks
79105914: checks
*** TURN *** [8h 3h 3d] [5s]
beaa0d19: bets 4,550
79105914: folds
Uncalled bet (4,550) returned to beaa0d19
*** SHOWDOWN ***
beaa0d19 collected 9,100 from pot
*** SUMMARY ***
Total pot 9,100 | Rake 0 | Jackpot 0 | Bingo 0 | Fortune 0 | Tax 0
Board [8h 3h 3d 5s]
Seat 1: 8a3a9041 folded before Flop
Seat 2: 79105914 (button) folded on the Turn
Seat 3: beaa0d19 (small blind) won (9,100)
Seat 4: 99133945 (big blind) folded before Flop
Seat 5: 94496e1b folded before Flop
Seat 6: 194c1cca folded before Flop
Seat 7: Hero folded before Flop
Seat 8: a5fbd8f7 folded before Flop


Poker Hand #TM5633598618: Tournament #266084623, Bounty Hunters Special $8.88 Hold'em No Limit - Level16(750/1,500(200)) - 2026/02/26 10:47:54
Table '41' 8-max Seat #1 is the button
Seat 1: 8a3a9041 (102,734 in chips)
Seat 2: 79105914 (27,731 in chips)
Seat 3: beaa0d19 (57,454 in chips)
Seat 4: 99133945 (6,952 in chips)
Seat 5: 94496e1b (54,090 in chips)
Seat 6: 194c1cca (44,079 in chips)
Seat 7: Hero (16,273 in chips)
Seat 8: a5fbd8f7 (134,729 in chips)
99133945: posts the ante 200
8a3a9041: posts the ante 200
Hero: posts the ante 200
94496e1b: posts the ante 200
194c1cca: posts the ante 200
beaa0d19: posts the ante 200
79105914: posts the ante 200
a5fbd8f7: posts the ante 200
79105914: posts small blind 750
beaa0d19: posts big blind 1,500
*** HOLE CARDS ***
Dealt to 8a3a9041 
Dealt to 79105914 
Dealt to beaa0d19 
Dealt to 99133945 
Dealt to 94496e1b 
Dealt to 194c1cca 
Dealt to Hero [6h 8c]
Dealt to a5fbd8f7 
99133945: folds
94496e1b: folds
194c1cca: raises 1,500 to 3,000
Hero: folds
a5fbd8f7: folds
8a3a9041: folds
79105914: folds
beaa0d19: folds
Uncalled bet (1,500) returned to 194c1cca
*** SHOWDOWN ***
194c1cca collected 5,350 from pot
*** SUMMARY ***
Total pot 5,350 | Rake 0 | Jackpot 0 | Bingo 0 | Fortune 0 | Tax 0
Seat 1: 8a3a9041 (button) folded before Flop
Seat 2: 79105914 (small blind) folded before Flop
Seat 3: beaa0d19 (big blind) folded before Flop
Seat 4: 99133945 folded before Flop
Seat 5: 94496e1b folded before Flop
Seat 6: 194c1cca collected (5,350)
Seat 7: Hero folded before Flop
Seat 8: a5fbd8f7 folded before Flop


Poker Hand #TM5633598611: Tournament #266084623, Bounty Hunters Special $8.88 Hold'em No Limit - Level16(750/1,500(200)) - 2026/02/26 10:47:23
Table '41' 8-max Seat #8 is the button
Seat 1: 8a3a9041 (103,684 in chips)
Seat 2: 79105914 (29,431 in chips)
Seat 3: beaa0d19 (53,804 in chips)
Seat 4: 99133945 (7,152 in chips)
Seat 5: 94496e1b (54,290 in chips)
Seat 6: 194c1cca (44,279 in chips)
Seat 7: Hero (16,473 in chips)
Seat 8: a5fbd8f7 (134,929 in chips)
99133945: posts the ante 200
8a3a9041: posts the ante 200
Hero: posts the ante 200
94496e1b: posts the ante 200
194c1cca: posts the ante 200
beaa0d19: posts the ante 200
79105914: posts the ante 200
a5fbd8f7: posts the ante 200
8a3a9041: posts small blind 750
79105914: posts big blind 1,500
*** HOLE CARDS ***
Dealt to 8a3a9041 
Dealt to 79105914 
Dealt to beaa0d19 
Dealt to 99133945 
Dealt to 94496e1b 
Dealt to 194c1cca 
Dealt to Hero [5d Tc]
Dealt to a5fbd8f7 
beaa0d19: raises 1,500 to 3,000
99133945: folds
94496e1b: folds
194c1cca: folds
Hero: folds
a5fbd8f7: folds
8a3a9041: folds
79105914: folds
Uncalled bet (1,500) returned to beaa0d19
*** SHOWDOWN ***
beaa0d19 collected 5,350 from pot
*** SUMMARY ***
Total pot 5,350 | Rake 0 | Jackpot 0 | Bingo 0 | Fortune 0 | Tax 0
Seat 1: 8a3a9041 (small blind) folded before Flop
Seat 2: 79105914 (big blind) folded before Flop
Seat 3: beaa0d19 collected (5,350)
Seat 4: 99133945 folded before Flop
Seat 5: 94496e1b folded before Flop
Seat 6: 194c1cca folded before Flop
Seat 7: Hero folded before Flop
Seat 8: a5fbd8f7 (button) folded before Flop


Poker Hand #TM5633598568: Tournament #266084623, Bounty Hunters Special $8.88 Hold'em No Limit - Level15(600/1,200(180)) - 2026/02/26 10:45:21
Table '41' 8-max Seat #7 is the button
Seat 1: 8a3a9041 (105,064 in chips)
Seat 2: 79105914 (29,611 in chips)
Seat 3: beaa0d19 (53,984 in chips)
Seat 4: 99133945 (7,332 in chips)
Seat 5: 94496e1b (69,766 in chips)
Seat 6: 194c1cca (44,459 in chips)
Seat 7: Hero (16,653 in chips)
Seat 8: a5fbd8f7 (117,173 in chips)
99133945: posts the ante 180
8a3a9041: posts the ante 180
Hero: posts the ante 180
94496e1b: posts the ante 180
194c1cca: posts the ante 180
beaa0d19: posts the ante 180
79105914: posts the ante 180
a5fbd8f7: posts the ante 180
a5fbd8f7: posts small blind 600
8a3a9041: posts big blind 1,200
*** HOLE CARDS ***
Dealt to 8a3a9041 
Dealt to 79105914 
Dealt to beaa0d19 
Dealt to 99133945 
Dealt to 94496e1b 
Dealt to 194c1cca 
Dealt to Hero [Qs 4s]
Dealt to a5fbd8f7 
79105914: folds
beaa0d19: folds
99133945: folds
94496e1b: raises 1,200 to 2,400
194c1cca: folds
Hero: folds
a5fbd8f7: calls 1,800
8a3a9041: folds
*** FLOP *** [2d Td Kc]
a5fbd8f7: checks
94496e1b: checks
*** TURN *** [2d Td Kc] [7s]
a5fbd8f7: bets 2,456
94496e1b: calls 2,456
*** RIVER *** [2d Td Kc 7s] [Jd]
a5fbd8f7: checks
94496e1b: bets 10,440
a5fbd8f7: calls 10,440
94496e1b: shows [4c Ac] (Ace high)
a5fbd8f7: shows [Ah Tc] (a pair of Tens)
*** SHOWDOWN ***
a5fbd8f7 collected 33,232 from pot
*** SUMMARY ***
Total pot 33,232 | Rake 0 | Jackpot 0 | Bingo 0 | Fortune 0 | Tax 0
Board [2d Td Kc 7s Jd]
Seat 1: 8a3a9041 (big blind) folded before Flop
Seat 2: 79105914 folded before Flop
Seat 3: beaa0d19 folded before Flop
Seat 4: 99133945 folded before Flop
Seat 5: 94496e1b showed [4c Ac] and lost with Ace high
Seat 6: 194c1cca folded before Flop
Seat 7: Hero (button) folded before Flop
Seat 8: a5fbd8f7 (small blind) showed [Ah Tc] and won (33,232) with a pair of Tens


Poker Hand #TM5633598549: Tournament #266084623, Bounty Hunters Special $8.88 Hold'em No Limit - Level15(600/1,200(180)) - 2026/02/26 10:44:19
Table '41' 8-max Seat #6 is the button
Seat 1: 8a3a9041 (105,244 in chips)
Seat 2: 79105914 (29,791 in chips)
Seat 3: beaa0d19 (54,164 in chips)
Seat 4: 99133945 (7,512 in chips)
Seat 5: 94496e1b (65,506 in chips)
Seat 6: 194c1cca (44,639 in chips)
Seat 7: Hero (17,433 in chips)
Seat 8: a5fbd8f7 (119,753 in chips)
99133945: posts the ante 180
8a3a9041: posts the ante 180
94496e1b: posts the ante 180
Hero: posts the ante 180
194c1cca: posts the ante 180
beaa0d19: posts the ante 180
79105914: posts the ante 180
a5fbd8f7: posts the ante 180
Hero: posts small blind 600
a5fbd8f7: posts big blind 1,200
*** HOLE CARDS ***
Dealt to 8a3a9041 
Dealt to 79105914 
Dealt to beaa0d19 
Dealt to 99133945 
Dealt to 94496e1b 
Dealt to 194c1cca 
Dealt to Hero [8d 9h]
Dealt to a5fbd8f7 
8a3a9041: folds
79105914: folds
beaa0d19: folds
99133945: folds
94496e1b: raises 1,200 to 2,400
194c1cca: folds
Hero: folds
a5fbd8f7: calls 1,200
*** FLOP *** [Qs 7s 7h]
a5fbd8f7: checks
94496e1b: bets 1,710
a5fbd8f7: folds
Uncalled bet (1,710) returned to 94496e1b
*** SHOWDOWN ***
94496e1b collected 6,840 from pot
*** SUMMARY ***
Total pot 6,840 | Rake 0 | Jackpot 0 | Bingo 0 | Fortune 0 | Tax 0
Board [Qs 7s 7h]
Seat 1: 8a3a9041 folded before Flop
Seat 2: 79105914 folded before Flop
Seat 3: beaa0d19 folded before Flop
Seat 4: 99133945 folded before Flop
Seat 5: 94496e1b won (6,840)
Seat 6: 194c1cca (button) folded before Flop
Seat 7: Hero (small blind) folded before Flop
Seat 8: a5fbd8f7 (big blind) folded on the Flop


Poker Hand #TM5633598531: Tournament #266084623, Bounty Hunters Special $8.88 Hold'em No Limit - Level15(600/1,200(180)) - 2026/02/26 10:43:27
Table '41' 8-max Seat #5 is the button
Seat 1: 8a3a9041 (110,224 in chips)
Seat 2: 79105914 (29,971 in chips)
Seat 3: beaa0d19 (54,344 in chips)
Seat 4: 99133945 (7,692 in chips)
Seat 5: 94496e1b (57,646 in chips)
Seat 6: 194c1cca (45,419 in chips)
Seat 7: Hero (18,813 in chips)
Seat 8: a5fbd8f7 (119,933 in chips)
99133945: posts the ante 180
8a3a9041: posts the ante 180
94496e1b: posts the ante 180
Hero: posts the ante 180
194c1cca: posts the ante 180
beaa0d19: posts the ante 180
79105914: posts the ante 180
a5fbd8f7: posts the ante 180
194c1cca: posts small blind 600
Hero: posts big blind 1,200
*** HOLE CARDS ***
Dealt to 8a3a9041 
Dealt to 79105914 
Dealt to beaa0d19 
Dealt to 99133945 
Dealt to 94496e1b 
Dealt to 194c1cca 
Dealt to Hero [7h 2c]
Dealt to a5fbd8f7 
a5fbd8f7: folds
8a3a9041: calls 1,200
79105914: folds
beaa0d19: folds
99133945: folds
94496e1b: raises 3,600 to 4,800
194c1cca: folds
Hero: folds
8a3a9041: calls 3,600
*** FLOP *** [Jd 4h 7c]
8a3a9041: checks
94496e1b: bets 4,238
8a3a9041: folds
Uncalled bet (4,238) returned to 94496e1b
*** SHOWDOWN ***
94496e1b collected 12,840 from pot
*** SUMMARY ***
Total pot 12,840 | Rake 0 | Jackpot 0 | Bingo 0 | Fortune 0 | Tax 0
Board [Jd 4h 7c]
Seat 1: 8a3a9041 folded on the Flop
Seat 2: 79105914 folded before Flop
Seat 3: beaa0d19 folded before Flop
Seat 4: 99133945 folded before Flop
Seat 5: 94496e1b (button) won (12,840)
Seat 6: 194c1cca (small blind) folded before Flop
Seat 7: Hero (big blind) folded before Flop
Seat 8: a5fbd8f7 folded before Flop


Poker Hand #TM5633598510: Tournament #266084623, Bounty Hunters Special $8.88 Hold'em No Limit - Level15(600/1,200(180)) - 2026/02/26 10:42:18
Table '41' 8-max Seat #4 is the button
Seat 1: 8a3a9041 (98,944 in chips)
Seat 2: 79105914 (30,151 in chips)
Seat 3: beaa0d19 (54,524 in chips)
Seat 4: 99133945 (7,872 in chips)
Seat 5: 94496e1b (58,426 in chips)
Seat 6: 194c1cca (47,999 in chips)
Seat 7: Hero (18,993 in chips)
Seat 8: a5fbd8f7 (127,133 in chips)
99133945: posts the ante 180
8a3a9041: posts the ante 180
Hero: posts the ante 180
94496e1b: posts the ante 180
194c1cca: posts the ante 180
beaa0d19: posts the ante 180
79105914: posts the ante 180
a5fbd8f7: posts the ante 180
94496e1b: posts small blind 600
194c1cca: posts big blind 1,200
*** HOLE CARDS ***
Dealt to 8a3a9041 
Dealt to 79105914 
Dealt to beaa0d19 
Dealt to 99133945 
Dealt to 94496e1b 
Dealt to 194c1cca 
Dealt to Hero [Jh 2c]
Dealt to a5fbd8f7 
Hero: folds
a5fbd8f7: raises 1,200 to 2,400
8a3a9041: calls 2,400
79105914: folds
beaa0d19: folds
99133945: folds
94496e1b: folds
194c1cca: calls 1,200
*** FLOP *** [5c Ks 4d]
194c1cca: checks
a5fbd8f7: checks
8a3a9041: bets 4,620
194c1cca: folds
a5fbd8f7: calls 4,620
*** TURN *** [5c Ks 4d] [Td]
a5fbd8f7: checks
8a3a9041: checks
*** RIVER *** [5c Ks 4d Td] [7s]
a5fbd8f7: checks
8a3a9041: checks
a5fbd8f7: shows [6s As] (Ace high)
8a3a9041: shows [9h 9d] (a pair of Nines)
*** SHOWDOWN ***
8a3a9041 collected 18,480 from pot
*** SUMMARY ***
Total pot 18,480 | Rake 0 | Jackpot 0 | Bingo 0 | Fortune 0 | Tax 0
Board [5c Ks 4d Td 7s]
Seat 1: 8a3a9041 showed [9h 9d] and won (18,480) with a pair of Nines
Seat 2: 79105914 folded before Flop
Seat 3: beaa0d19 folded before Flop
Seat 4: 99133945 (button) folded before Flop
Seat 5: 94496e1b (small blind) folded before Flop
Seat 6: 194c1cca (big blind) folded on the Flop
Seat 7: Hero folded before Flop
Seat 8: a5fbd8f7 showed [6s As] and lost with Ace high


Poker Hand #TM5633598477: Tournament #266084623, Bounty Hunters Special $8.88 Hold'em No Limit - Level15(600/1,200(180)) - 2026/02/26 10:40:24
Table '41' 8-max Seat #2 is the button
Seat 1: 8a3a9041 (109,971 in chips)
Seat 2: 79105914 (30,331 in chips)
Seat 4: 99133945 (8,652 in chips)
Seat 5: 94496e1b (61,006 in chips)
Seat 6: 194c1cca (33,072 in chips)
Seat 7: Hero (19,173 in chips)
Seat 8: a5fbd8f7 (127,313 in chips)
99133945: posts the ante 180
8a3a9041: posts the ante 180
Hero: posts the ante 180
94496e1b: posts the ante 180
194c1cca: posts the ante 180
79105914: posts the ante 180
a5fbd8f7: posts the ante 180
99133945: posts small blind 600
94496e1b: posts big blind 1,200
*** HOLE CARDS ***
Dealt to 8a3a9041 
Dealt to 79105914 
Dealt to 99133945 
Dealt to 94496e1b 
Dealt to 194c1cca 
Dealt to Hero [7d Ah]
Dealt to a5fbd8f7 
194c1cca: raises 1,200 to 2,400
Hero: folds
a5fbd8f7: folds
8a3a9041: calls 2,400
79105914: folds
99133945: folds
94496e1b: calls 1,200
*** FLOP *** [2c Ks Ad]
94496e1b: checks
194c1cca: bets 2,447
8a3a9041: calls 2,447
94496e1b: folds
*** TURN *** [2c Ks Ad] [Kc]
194c1cca: bets 6,000
8a3a9041: calls 6,000
*** RIVER *** [2c Ks Ad Kc] [Jh]
194c1cca: bets 22,045 and is all-in
8a3a9041: folds
Uncalled bet (22,045) returned to 194c1cca
*** SHOWDOWN ***
194c1cca collected 25,954 from pot
*** SUMMARY ***
Total pot 25,954 | Rake 0 | Jackpot 0 | Bingo 0 | Fortune 0 | Tax 0
Board [2c Ks Ad Kc Jh]
Seat 1: 8a3a9041 folded on the River
Seat 2: 79105914 (button) folded before Flop
Seat 4: 99133945 (small blind) folded before Flop
Seat 5: 94496e1b (big blind) folded on the Flop
Seat 6: 194c1cca won (25,954)
Seat 7: Hero folded before Flop
Seat 8: a5fbd8f7 folded before Flop


Poker Hand #TM5633598453: Tournament #266084623, Bounty Hunters Special $8.88 Hold'em No Limit - Level14(500/1,000(150)) - 2026/02/26 10:39:16
Table '41' 8-max Seat #1 is the button
Seat 1: 8a3a9041 (101,011 in chips)
Seat 2: 79105914 (30,981 in chips)
Seat 3: 444cb467 (7,560 in chips)
Seat 4: 99133945 (8,802 in chips)
Seat 5: 94496e1b (61,156 in chips)
Seat 6: 194c1cca (33,222 in chips)
Seat 7: Hero (19,323 in chips)
Seat 8: a5fbd8f7 (127,463 in chips)
99133945: posts the ante 150
8a3a9041: posts the ante 150
Hero: posts the ante 150
94496e1b: posts the ante 150
194c1cca: posts the ante 150
79105914: posts the ante 150
a5fbd8f7: posts the ante 150
444cb467: posts the ante 150
79105914: posts small blind 500
444cb467: posts big blind 1,000
*** HOLE CARDS ***
Dealt to 8a3a9041 
Dealt to 79105914 
Dealt to 444cb467 
Dealt to 99133945 
Dealt to 94496e1b 
Dealt to 194c1cca 
Dealt to Hero [4s 6s]
Dealt to a5fbd8f7 
99133945: folds
94496e1b: folds
194c1cca: folds
Hero: folds
a5fbd8f7: folds
8a3a9041: raises 1,000 to 2,000
79105914: folds
444cb467: calls 1,000
*** FLOP *** [7h Kd 5c]
444cb467: checks
8a3a9041: bets 2,850
444cb467: raises 2,560 to 5,410 and is all-in
8a3a9041: calls 2,560
444cb467: shows [7s Jd] (a pair of Sevens)
8a3a9041: shows [7d As] (a pair of Sevens)
*** TURN *** [7h Kd 5c] [5d]
*** RIVER *** [7h Kd 5c 5d] [Ah]
*** SHOWDOWN ***
8a3a9041 collected 16,520 from pot
*** SUMMARY ***
Total pot 16,520 | Rake 0 | Jackpot 0 | Bingo 0 | Fortune 0 | Tax 0
Board [7h Kd 5c 5d Ah]
Seat 1: 8a3a9041 (button) showed [7d As] and won (16,520) with two pair, Aces and Sevens
Seat 2: 79105914 (small blind) folded before Flop
Seat 3: 444cb467 (big blind) showed [7s Jd] and lost with two pair, Sevens and Fives
Seat 4: 99133945 folded before Flop
Seat 5: 94496e1b folded before Flop
Seat 6: 194c1cca folded before Flop
Seat 7: Hero folded before Flop
Seat 8: a5fbd8f7 folded before Flop


Poker Hand #TM5633598440: Tournament #266084623, Bounty Hunters Special $8.88 Hold'em No Limit - Level14(500/1,000(150)) - 2026/02/26 10:38:29
Table '41' 8-max Seat #8 is the button
Seat 1: 8a3a9041 (101,661 in chips)
Seat 2: 79105914 (25,550 in chips)
Seat 3: 444cb467 (7,710 in chips)
Seat 4: 99133945 (8,952 in chips)
Seat 5: 94496e1b (61,306 in chips)
Seat 6: 194c1cca (33,372 in chips)
Seat 7: Hero (23,354 in chips)
Seat 8: a5fbd8f7 (127,613 in chips)
99133945: posts the ante 150
8a3a9041: posts the ante 150
Hero: posts the ante 150
94496e1b: posts the ante 150
194c1cca: posts the ante 150
79105914: posts the ante 150
a5fbd8f7: posts the ante 150
444cb467: posts the ante 150
8a3a9041: posts small blind 500
79105914: posts big blind 1,000
*** HOLE CARDS ***
Dealt to 8a3a9041 
Dealt to 79105914 
Dealt to 444cb467 
Dealt to 99133945 
Dealt to 94496e1b 
Dealt to 194c1cca 
Dealt to Hero [Jd Js]
Dealt to a5fbd8f7 
444cb467: folds
99133945: folds
94496e1b: folds
194c1cca: folds
Hero: raises 1,000 to 2,000
a5fbd8f7: folds
8a3a9041: folds
79105914: calls 1,000
*** FLOP *** [Kd Qd Jh]
79105914: checks
Hero: bets 1,881
79105914: calls 1,881
*** TURN *** [Kd Qd Jh] [Ts]
79105914: checks
Hero: checks
*** RIVER *** [Kd Qd Jh Ts] [7s]
79105914: checks
Hero: checks
79105914: shows [9d Qs] (a straight, King to Nine)
Hero: shows [Jd Js] (three of a kind, Jacks)
*** SHOWDOWN ***
79105914 collected 9,462 from pot
*** SUMMARY ***
Total pot 9,462 | Rake 0 | Jackpot 0 | Bingo 0 | Fortune 0 | Tax 0
Board [Kd Qd Jh Ts 7s]
Seat 1: 8a3a9041 (small blind) folded before Flop
Seat 2: 79105914 (big blind) showed [9d Qs] and won (9,462) with a straight, King to Nine
Seat 3: 444cb467 folded before Flop
Seat 4: 99133945 folded before Flop
Seat 5: 94496e1b folded before Flop
Seat 6: 194c1cca folded before Flop
Seat 7: Hero showed [Jd Js] and lost with three of a kind, Jacks
Seat 8: a5fbd8f7 (button) folded before Flop


Poker Hand #TM5633598420: Tournament #266084623, Bounty Hunters Special $8.88 Hold'em No Limit - Level14(500/1,000(150)) - 2026/02/26 10:37:31
Table '41' 8-max Seat #7 is the button
Seat 1: 8a3a9041 (102,811 in chips)
Seat 2: 79105914 (21,500 in chips)
Seat 3: 444cb467 (7,860 in chips)
Seat 4: 99133945 (9,102 in chips)
Seat 5: 94496e1b (61,456 in chips)
Seat 6: 194c1cca (33,522 in chips)
Seat 7: Hero (23,504 in chips)
Seat 8: a5fbd8f7 (129,763 in chips)
99133945: posts the ante 150
8a3a9041: posts the ante 150
Hero: posts the ante 150
94496e1b: posts the ante 150
194c1cca: posts the ante 150
79105914: posts the ante 150
a5fbd8f7: posts the ante 150
444cb467: posts the ante 150
a5fbd8f7: posts small blind 500
8a3a9041: posts big blind 1,000
*** HOLE CARDS ***
Dealt to 8a3a9041 
Dealt to 79105914 
Dealt to 444cb467 
Dealt to 99133945 
Dealt to 94496e1b 
Dealt to 194c1cca 
Dealt to Hero [4c 7s]
Dealt to a5fbd8f7 
79105914: raises 1,000 to 2,000
444cb467: folds
99133945: folds
94496e1b: folds
194c1cca: folds
Hero: folds
a5fbd8f7: calls 1,500
8a3a9041: folds
*** FLOP *** [Kh 3d Qh]
a5fbd8f7: checks
79105914: checks
*** TURN *** [Kh 3d Qh] [7h]
a5fbd8f7: checks
79105914: checks
*** RIVER *** [Kh 3d Qh 7h] [9h]
a5fbd8f7: checks
79105914: bets 6,200
a5fbd8f7: folds
Uncalled bet (6,200) returned to 79105914
*** SHOWDOWN ***
79105914 collected 6,200 from pot
*** SUMMARY ***
Total pot 6,200 | Rake 0 | Jackpot 0 | Bingo 0 | Fortune 0 | Tax 0
Board [Kh 3d Qh 7h 9h]
Seat 1: 8a3a9041 (big blind) folded before Flop
Seat 2: 79105914 won (6,200)
Seat 3: 444cb467 folded before Flop
Seat 4: 99133945 folded before Flop
Seat 5: 94496e1b folded before Flop
Seat 6: 194c1cca folded before Flop
Seat 7: Hero (button) folded before Flop
Seat 8: a5fbd8f7 (small blind) folded on the River


Poker Hand #TM5633598403: Tournament #266084623, Bounty Hunters Special $8.88 Hold'em No Limit - Level14(500/1,000(150)) - 2026/02/26 10:36:30
Table '41' 8-max Seat #6 is the button
Seat 1: 8a3a9041 (102,961 in chips)
Seat 2: 79105914 (9,550 in chips)
Seat 3: 444cb467 (8,010 in chips)
Seat 4: 99133945 (9,252 in chips)
Seat 5: 94496e1b (71,006 in chips)
Seat 6: 194c1cca (33,672 in chips)
Seat 7: Hero (24,154 in chips)
Seat 8: a5fbd8f7 (130,913 in chips)
99133945: posts the ante 150
8a3a9041: posts the ante 150
94496e1b: posts the ante 150
Hero: posts the ante 150
194c1cca: posts the ante 150
79105914: posts the ante 150
a5fbd8f7: posts the ante 150
444cb467: posts the ante 150
Hero: posts small blind 500
a5fbd8f7: posts big blind 1,000
*** HOLE CARDS ***
Dealt to 8a3a9041 
Dealt to 79105914 
Dealt to 444cb467 
Dealt to 99133945 
Dealt to 94496e1b 
Dealt to 194c1cca 
Dealt to Hero [Th Qh]
Dealt to a5fbd8f7 
8a3a9041: folds
79105914: raises 8,400 to 9,400 and is all-in
444cb467: folds
99133945: folds
94496e1b: calls 9,400
194c1cca: folds
Hero: folds
a5fbd8f7: folds
79105914: shows [As Ts]
94496e1b: shows [Ac Jc]
*** FLOP *** [8h 6c Jh]
*** TURN *** [8h 6c Jh] [9s]
*** RIVER *** [8h 6c Jh 9s] [7h]
*** SHOWDOWN ***
79105914 collected 21,500 from pot
*** SUMMARY ***
Total pot 21,500 | Rake 0 | Jackpot 0 | Bingo 0 | Fortune 0 | Tax 0
Board [8h 6c Jh 9s 7h]
Seat 1: 8a3a9041 folded before Flop
Seat 2: 79105914 showed [As Ts] and won (21,500) with a straight, Jack to Seven
Seat 3: 444cb467 folded before Flop
Seat 4: 99133945 folded before Flop
Seat 5: 94496e1b showed [Ac Jc] and lost with a pair of Jacks
Seat 6: 194c1cca (button) folded before Flop
Seat 7: Hero (small blind) folded before Flop
Seat 8: a5fbd8f7 (big blind) folded before Flop


Poker Hand #TM5633598387: Tournament #266084623, Bounty Hunters Special $8.88 Hold'em No Limit - Level14(500/1,000(150)) - 2026/02/26 10:35:54
Table '41' 8-max Seat #5 is the button
Seat 1: 8a3a9041 (100,411 in chips)
Seat 2: 79105914 (9,700 in chips)
Seat 3: 444cb467 (8,160 in chips)
Seat 4: 99133945 (9,402 in chips)
Seat 5: 94496e1b (71,156 in chips)
Seat 6: 194c1cca (34,322 in chips)
Seat 7: Hero (25,304 in chips)
Seat 8: a5fbd8f7 (131,063 in chips)
99133945: posts the ante 150
8a3a9041: posts the ante 150
94496e1b: posts the ante 150
Hero: posts the ante 150
194c1cca: posts the ante 150
79105914: posts the ante 150
a5fbd8f7: posts the ante 150
444cb467: posts the ante 150
194c1cca: posts small blind 500
Hero: posts big blind 1,000
*** HOLE CARDS ***
Dealt to 8a3a9041 
Dealt to 79105914 
Dealt to 444cb467 
Dealt to 99133945 
Dealt to 94496e1b 
Dealt to 194c1cca 
Dealt to Hero [4h Qs]
Dealt to a5fbd8f7 
a5fbd8f7: folds
8a3a9041: raises 1,000 to 2,000
79105914: folds
444cb467: folds
99133945: folds
94496e1b: folds
194c1cca: folds
Hero: folds
Uncalled bet (1,000) returned to 8a3a9041
*** SHOWDOWN ***
8a3a9041 collected 3,700 from pot
*** SUMMARY ***
Total pot 3,700 | Rake 0 | Jackpot 0 | Bingo 0 | Fortune 0 | Tax 0
Seat 1: 8a3a9041 collected (3,700)
Seat 2: 79105914 folded before Flop
Seat 3: 444cb467 folded before Flop
Seat 4: 99133945 folded before Flop
Seat 5: 94496e1b (button) folded before Flop
Seat 6: 194c1cca (small blind) folded before Flop
Seat 7: Hero (big blind) folded before Flop
Seat 8: a5fbd8f7 folded before Flop


Poker Hand #TM5633598358: Tournament #266084623, Bounty Hunters Special $8.88 Hold'em No Limit - Level14(500/1,000(150)) - 2026/02/26 10:34:33
Table '41' 8-max Seat #4 is the button
Seat 1: 8a3a9041 (82,261 in chips)
Seat 2: 79105914 (9,850 in chips)
Seat 3: 444cb467 (8,310 in chips)
Seat 4: 99133945 (9,552 in chips)
Seat 5: 94496e1b (87,406 in chips)
Seat 6: 194c1cca (35,472 in chips)
Seat 7: Hero (25,454 in chips)
Seat 8: a5fbd8f7 (131,213 in chips)
99133945: posts the ante 150
8a3a9041: posts the ante 150
Hero: posts the ante 150
94496e1b: posts the ante 150
194c1cca: posts the ante 150
79105914: posts the ante 150
a5fbd8f7: posts the ante 150
444cb467: posts the ante 150
94496e1b: posts small blind 500
194c1cca: posts big blind 1,000
*** HOLE CARDS ***
Dealt to 8a3a9041 
Dealt to 79105914 
Dealt to 444cb467 
Dealt to 99133945 
Dealt to 94496e1b 
Dealt to 194c1cca 
Dealt to Hero [2d Tc]
Dealt to a5fbd8f7 
Hero: folds
a5fbd8f7: folds
8a3a9041: raises 1,000 to 2,000
79105914: folds
444cb467: folds
99133945: folds
94496e1b: calls 1,500
194c1cca: folds
*** FLOP *** [4d Jh Kh]
94496e1b: checks
8a3a9041: checks
*** TURN *** [4d Jh Kh] [8s]
94496e1b: bets 4,800
8a3a9041: calls 4,800
*** RIVER *** [4d Jh Kh 8s] [9d]
94496e1b: bets 9,300
8a3a9041: calls 9,300
94496e1b: shows [8d Jd] (two pair, Jacks and Eights)
8a3a9041: shows [9c 9h] (three of a kind, Nines)
*** SHOWDOWN ***
8a3a9041 collected 34,400 from pot
*** SUMMARY ***
Total pot 34,400 | Rake 0 | Jackpot 0 | Bingo 0 | Fortune 0 | Tax 0
Board [4d Jh Kh 8s 9d]
Seat 1: 8a3a9041 showed [9c 9h] and won (34,400) with three of a kind, Nines
Seat 2: 79105914 folded before Flop
Seat 3: 444cb467 folded before Flop
Seat 4: 99133945 (button) folded before Flop
Seat 5: 94496e1b (small blind) showed [8d Jd] and lost with two pair, Jacks and Eights
Seat 6: 194c1cca (big blind) folded before Flop
Seat 7: Hero folded before Flop
Seat 8: a5fbd8f7 folded before Flop


Poker Hand #TM5633598335: Tournament #266084623, Bounty Hunters Special $8.88 Hold'em No Limit - Level14(500/1,000(150)) - 2026/02/26 10:33:30
Table '41' 8-max Seat #3 is the button
Seat 1: 8a3a9041 (82,411 in chips)
Seat 2: 79105914 (10,000 in chips)
Seat 3: 444cb467 (3,455 in chips)
Seat 4: 99133945 (10,202 in chips)
Seat 5: 94496e1b (90,861 in chips)
Seat 6: 194c1cca (35,622 in chips)
Seat 7: Hero (25,604 in chips)
Seat 8: a5fbd8f7 (131,363 in chips)
99133945: posts the ante 150
8a3a9041: posts the ante 150
Hero: posts the ante 150
94496e1b: posts the ante 150
194c1cca: posts the ante 150
79105914: posts the ante 150
a5fbd8f7: posts the ante 150
444cb467: posts the ante 150
99133945: posts small blind 500
94496e1b: posts big blind 1,000
*** HOLE CARDS ***
Dealt to 8a3a9041 
Dealt to 79105914 
Dealt to 444cb467 
Dealt to 99133945 
Dealt to 94496e1b 
Dealt to 194c1cca 
Dealt to Hero [Tc 3d]
Dealt to a5fbd8f7 
194c1cca: folds
Hero: folds
a5fbd8f7: folds
8a3a9041: folds
79105914: folds
444cb467: raises 2,305 to 3,305 and is all-in
99133945: folds
94496e1b: calls 2,305
444cb467: shows [Ac Ks]
94496e1b: shows [7d 4h]
*** FLOP *** [5s 9d 8s]
*** TURN *** [5s 9d 8s] [Kc]
*** RIVER *** [5s 9d 8s Kc] [Qc]
*** SHOWDOWN ***
444cb467 collected 8,310 from pot
*** SUMMARY ***
Total pot 8,310 | Rake 0 | Jackpot 0 | Bingo 0 | Fortune 0 | Tax 0
Board [5s 9d 8s Kc Qc]
Seat 1: 8a3a9041 folded before Flop
Seat 2: 79105914 folded before Flop
Seat 3: 444cb467 (button) showed [Ac Ks] and won (8,310) with a pair of Kings
Seat 4: 99133945 (small blind) folded before Flop
Seat 5: 94496e1b (big blind) showed [7d 4h] and lost with King high
Seat 6: 194c1cca folded before Flop
Seat 7: Hero folded before Flop
Seat 8: a5fbd8f7 folded before Flop


Poker Hand #TM5633598331: Tournament #266084623, Bounty Hunters Special $8.88 Hold'em No Limit - Level14(500/1,000(150)) - 2026/02/26 10:33:01
Table '41' 8-max Seat #1 is the button
Seat 1: 8a3a9041 (82,561 in chips)
Seat 3: 444cb467 (4,105 in chips)
Seat 4: 99133945 (11,352 in chips)
Seat 5: 94496e1b (91,011 in chips)
Seat 6: 194c1cca (33,222 in chips)
Seat 7: Hero (25,754 in chips)
Seat 8: a5fbd8f7 (131,513 in chips)
99133945: posts the ante 150
8a3a9041: posts the ante 150
Hero: posts the ante 150
94496e1b: posts the ante 150
194c1cca: posts the ante 150
a5fbd8f7: posts the ante 150
444cb467: posts the ante 150
444cb467: posts small blind 500
99133945: posts big blind 1,000
*** HOLE CARDS ***
Dealt to 8a3a9041 
Dealt to 444cb467 
Dealt to 99133945 
Dealt to 94496e1b 
Dealt to 194c1cca 
Dealt to Hero [7c 8h]
Dealt to a5fbd8f7 
94496e1b: folds
194c1cca: raises 1,000 to 2,000
Hero: folds
a5fbd8f7: folds
8a3a9041: folds
444cb467: folds
99133945: folds
Uncalled bet (1,000) returned to 194c1cca
*** SHOWDOWN ***
194c1cca collected 3,550 from pot
*** SUMMARY ***
Total pot 3,550 | Rake 0 | Jackpot 0 | Bingo 0 | Fortune 0 | Tax 0
Seat 1: 8a3a9041 (button) folded before Flop
Seat 3: 444cb467 (small blind) folded before Flop
Seat 4: 99133945 (big blind) folded before Flop
Seat 5: 94496e1b folded before Flop
Seat 6: 194c1cca collected (3,550)
Seat 7: Hero folded before Flop
Seat 8: a5fbd8f7 folded before Flop


Poker Hand #TM5633598297: Tournament #266084623, Bounty Hunters Special $8.88 Hold'em No Limit - Level13(400/800(120)) - 2026/02/26 10:30:53
Table '41' 8-max Seat #8 is the button
Seat 1: 8a3a9041 (49,195 in chips)
Seat 2: 61806f8e (23,166 in chips)
Seat 3: 444cb467 (4,225 in chips)
Seat 4: 99133945 (11,472 in chips)
Seat 5: 94496e1b (100,731 in chips)
Seat 7: Hero (25,874 in chips)
Seat 8: a5fbd8f7 (131,633 in chips)
99133945: posts the ante 120
61806f8e: posts the ante 120
8a3a9041: posts the ante 120
Hero: posts the ante 120
94496e1b: posts the ante 120
a5fbd8f7: posts the ante 120
444cb467: posts the ante 120
8a3a9041: posts small blind 400
61806f8e: posts big blind 800
*** HOLE CARDS ***
Dealt to 8a3a9041 
Dealt to 61806f8e 
Dealt to 444cb467 
Dealt to 99133945 
Dealt to 94496e1b 
Dealt to Hero [Qd 3d]
Dealt to a5fbd8f7 
444cb467: folds
99133945: folds
94496e1b: raises 800 to 1,600
Hero: folds
a5fbd8f7: folds
8a3a9041: calls 1,200
61806f8e: calls 800
*** FLOP *** [5d Ks 5s]
8a3a9041: checks
61806f8e: checks
94496e1b: bets 2,000
8a3a9041: calls 2,000
61806f8e: raises 6,000 to 8,000
94496e1b: calls 6,000
8a3a9041: calls 6,000
*** TURN *** [5d Ks 5s] [4s]
8a3a9041: checks
61806f8e: bets 13,446 and is all-in
94496e1b: folds
8a3a9041: calls 13,446
61806f8e: shows [5h 4h] (a full house, Fives full of Fours)
8a3a9041: shows [5c Kc] (a full house, Fives full of Kings)
*** RIVER *** [5d Ks 5s 4s] [2d]
94496e1b: shows [Kh Qs] (two pair, Kings and Fives)
*** SHOWDOWN ***
8a3a9041 collected 56,532 from pot
*** SUMMARY ***
Total pot 56,532 | Rake 0 | Jackpot 0 | Bingo 0 | Fortune 0 | Tax 0
Board [5d Ks 5s 4s 2d]
Seat 1: 8a3a9041 (small blind) showed [5c Kc] and won (56,532) with a full house, Fives full of Kings
Seat 2: 61806f8e (big blind) showed [5h 4h] and lost with a full house, Fives full of Fours
Seat 3: 444cb467 folded before Flop
Seat 4: 99133945 folded before Flop
Seat 5: 94496e1b folded on the Turn
Seat 7: Hero folded before Flop
Seat 8: a5fbd8f7 (button) folded before Flop


Poker Hand #TM5633598280: Tournament #266084623, Bounty Hunters Special $8.88 Hold'em No Limit - Level13(400/800(120)) - 2026/02/26 10:30:24
Table '41' 8-max Seat #7 is the button
Seat 1: 8a3a9041 (48,075 in chips)
Seat 2: 61806f8e (23,286 in chips)
Seat 3: 444cb467 (4,345 in chips)
Seat 4: 99133945 (11,592 in chips)
Seat 5: 94496e1b (100,851 in chips)
Seat 7: Hero (25,994 in chips)
Seat 8: a5fbd8f7 (132,153 in chips)
99133945: posts the ante 120
61806f8e: posts the ante 120
8a3a9041: posts the ante 120
Hero: posts the ante 120
94496e1b: posts the ante 120
a5fbd8f7: posts the ante 120
444cb467: posts the ante 120
a5fbd8f7: posts small blind 400
8a3a9041: posts big blind 800
*** HOLE CARDS ***
Dealt to 8a3a9041 
Dealt to 61806f8e 
Dealt to 444cb467 
Dealt to 99133945 
Dealt to 94496e1b 
Dealt to Hero [5s Kd]
Dealt to a5fbd8f7 
61806f8e: folds
444cb467: folds
99133945: folds
94496e1b: folds
Hero: folds
a5fbd8f7: folds
Uncalled bet (400) returned to 8a3a9041
*** SHOWDOWN ***
8a3a9041 collected 1,640 from pot
*** SUMMARY ***
Total pot 1,640 | Rake 0 | Jackpot 0 | Bingo 0 | Fortune 0 | Tax 0
Seat 1: 8a3a9041 (big blind) collected (1,640)
Seat 2: 61806f8e folded before Flop
Seat 3: 444cb467 folded before Flop
Seat 4: 99133945 folded before Flop
Seat 5: 94496e1b folded before Flop
Seat 7: Hero (button) folded before Flop
Seat 8: a5fbd8f7 (small blind) folded before Flop


Poker Hand #TM5633598259: Tournament #266084623, Bounty Hunters Special $8.88 Hold'em No Limit - Level13(400/800(120)) - 2026/02/26 10:29:12
Table '41' 8-max Seat #6 is the button
Seat 1: 8a3a9041 (48,195 in chips)
Seat 2: 61806f8e (23,406 in chips)
Seat 3: 444cb467 (4,465 in chips)
Seat 4: 99133945 (11,712 in chips)
Seat 5: 94496e1b (100,971 in chips)
Seat 6: e4e79525 (22,174 in chips)
Seat 7: Hero (26,514 in chips)
Seat 8: a5fbd8f7 (108,859 in chips)
99133945: posts the ante 120
61806f8e: posts the ante 120
8a3a9041: posts the ante 120
94496e1b: posts the ante 120
Hero: posts the ante 120
e4e79525: posts the ante 120
a5fbd8f7: posts the ante 120
444cb467: posts the ante 120
Hero: posts small blind 400
a5fbd8f7: posts big blind 800
*** HOLE CARDS ***
Dealt to 8a3a9041 
Dealt to 61806f8e 
Dealt to 444cb467 
Dealt to 99133945 
Dealt to 94496e1b 
Dealt to e4e79525 
Dealt to Hero [4d 9h]
Dealt to a5fbd8f7 
8a3a9041: folds
61806f8e: folds
444cb467: folds
99133945: folds
94496e1b: folds
e4e79525: raises 800 to 1,600
Hero: folds
a5fbd8f7: raises 4,220 to 5,820
e4e79525: raises 16,234 to 22,054 and is all-in
a5fbd8f7: calls 16,234
e4e79525: shows [Ks Ah]
a5fbd8f7: shows [Jd Jc]
*** FLOP *** [8c 3d 5h]
*** TURN *** [8c 3d 5h] [Tc]
*** RIVER *** [8c 3d 5h Tc] [Jh]
*** SHOWDOWN ***
a5fbd8f7 collected 45,468 from pot
*** SUMMARY ***
Total pot 45,468 | Rake 0 | Jackpot 0 | Bingo 0 | Fortune 0 | Tax 0
Board [8c 3d 5h Tc Jh]
Seat 1: 8a3a9041 folded before Flop
Seat 2: 61806f8e folded before Flop
Seat 3: 444cb467 folded before Flop
Seat 4: 99133945 folded before Flop
Seat 5: 94496e1b folded before Flop
Seat 6: e4e79525 (button) showed [Ks Ah] and lost with Ace high
Seat 7: Hero (small blind) folded before Flop
Seat 8: a5fbd8f7 (big blind) showed [Jd Jc] and won (45,468) with three of a kind, Jacks


Poker Hand #TM5633598246: Tournament #266084623, Bounty Hunters Special $8.88 Hold'em No Limit - Level13(400/800(120)) - 2026/02/26 10:28:32
Table '41' 8-max Seat #5 is the button
Seat 1: 8a3a9041 (48,315 in chips)
Seat 2: 61806f8e (20,686 in chips)
Seat 3: 444cb467 (4,585 in chips)
Seat 4: 99133945 (11,832 in chips)
Seat 5: 94496e1b (101,091 in chips)
Seat 6: e4e79525 (22,694 in chips)
Seat 7: Hero (28,234 in chips)
99133945: posts the ante 120
61806f8e: posts the ante 120
8a3a9041: posts the ante 120
94496e1b: posts the ante 120
Hero: posts the ante 120
e4e79525: posts the ante 120
444cb467: posts the ante 120
e4e79525: posts small blind 400
Hero: posts big blind 800
*** HOLE CARDS ***
Dealt to 8a3a9041 
Dealt to 61806f8e 
Dealt to 444cb467 
Dealt to 99133945 
Dealt to 94496e1b 
Dealt to e4e79525 
Dealt to Hero [Ac 3d]
8a3a9041: folds
61806f8e: raises 800 to 1,600
444cb467: folds
99133945: folds
94496e1b: folds
e4e79525: folds
Hero: calls 800
*** FLOP *** [6h 5h Qh]
Hero: checks
61806f8e: bets 1,466
Hero: folds
Uncalled bet (1,466) returned to 61806f8e
*** SHOWDOWN ***
61806f8e collected 4,440 from pot
*** SUMMARY ***
Total pot 4,440 | Rake 0 | Jackpot 0 | Bingo 0 | Fortune 0 | Tax 0
Board [6h 5h Qh]
Seat 1: 8a3a9041 folded before Flop
Seat 2: 61806f8e won (4,440)
Seat 3: 444cb467 folded before Flop
Seat 4: 99133945 folded before Flop
Seat 5: 94496e1b (button) folded before Flop
Seat 6: e4e79525 (small blind) folded before Flop
Seat 7: Hero (big blind) folded on the Flop


Poker Hand #TM5633598238: Tournament #266084623, Bounty Hunters Special $8.88 Hold'em No Limit - Level13(400/800(120)) - 2026/02/26 10:28:07
Table '41' 8-max Seat #4 is the button
Seat 1: 8a3a9041 (48,435 in chips)
Seat 2: 61806f8e (20,806 in chips)
Seat 3: 444cb467 (4,705 in chips)
Seat 4: 99133945 (11,952 in chips)
Seat 5: 94496e1b (101,611 in chips)
Seat 6: e4e79525 (21,574 in chips)
Seat 7: Hero (28,354 in chips)
99133945: posts the ante 120
61806f8e: posts the ante 120
8a3a9041: posts the ante 120
Hero: posts the ante 120
94496e1b: posts the ante 120
e4e79525: posts the ante 120
444cb467: posts the ante 120
94496e1b: posts small blind 400
e4e79525: posts big blind 800
*** HOLE CARDS ***
Dealt to 8a3a9041 
Dealt to 61806f8e 
Dealt to 444cb467 
Dealt to 99133945 
Dealt to 94496e1b 
Dealt to e4e79525 
Dealt to Hero [8c 9h]
Hero: folds
8a3a9041: folds
61806f8e: folds
444cb467: folds
99133945: folds
94496e1b: folds
Uncalled bet (400) returned to e4e79525
*** SHOWDOWN ***
e4e79525 collected 1,640 from pot
*** SUMMARY ***
Total pot 1,640 | Rake 0 | Jackpot 0 | Bingo 0 | Fortune 0 | Tax 0
Seat 1: 8a3a9041 folded before Flop
Seat 2: 61806f8e folded before Flop
Seat 3: 444cb467 folded before Flop
Seat 4: 99133945 (button) folded before Flop
Seat 5: 94496e1b (small blind) folded before Flop
Seat 6: e4e79525 (big blind) collected (1,640)
Seat 7: Hero folded before Flop


Poker Hand #TM5633598205: Tournament #266084623, Bounty Hunters Special $8.88 Hold'em No Limit - Level13(400/800(120)) - 2026/02/26 10:26:12
Table '41' 8-max Seat #3 is the button
Seat 1: 8a3a9041 (48,555 in chips)
Seat 2: 61806f8e (20,926 in chips)
Seat 3: 444cb467 (4,825 in chips)
Seat 4: 99133945 (12,472 in chips)
Seat 5: 94496e1b (75,336 in chips)
Seat 6: e4e79525 (21,694 in chips)
Seat 7: Hero (28,474 in chips)
Seat 8: 1bafcae5 (25,155 in chips)
1bafcae5: posts the ante 120
99133945: posts the ante 120
61806f8e: posts the ante 120
8a3a9041: posts the ante 120
Hero: posts the ante 120
94496e1b: posts the ante 120
e4e79525: posts the ante 120
444cb467: posts the ante 120
99133945: posts small blind 400
94496e1b: posts big blind 800
*** HOLE CARDS ***
Dealt to 8a3a9041 
Dealt to 61806f8e 
Dealt to 444cb467 
Dealt to 99133945 
Dealt to 94496e1b 
Dealt to e4e79525 
Dealt to Hero [Jh 5s]
Dealt to 1bafcae5 
e4e79525: folds
Hero: folds
1bafcae5: raises 800 to 1,600
8a3a9041: folds
61806f8e: folds
444cb467: folds
99133945: folds
94496e1b: calls 800
*** FLOP *** [5c 4c Kh]
94496e1b: checks
1bafcae5: bets 1,505
94496e1b: calls 1,505
*** TURN *** [5c 4c Kh] [2d]
94496e1b: checks
1bafcae5: checks
*** RIVER *** [5c 4c Kh 2d] [Js]
94496e1b: bets 6,560
1bafcae5: raises 15,370 to 21,930 and is all-in
94496e1b: calls 15,370
1bafcae5: shows [Jd Jc] (three of a kind, Jacks)
94496e1b: shows [3c Ad] (a straight, Ace to Five)
*** SHOWDOWN ***
94496e1b collected 51,430 from pot
*** SUMMARY ***
Total pot 51,430 | Rake 0 | Jackpot 0 | Bingo 0 | Fortune 0 | Tax 0
Board [5c 4c Kh 2d Js]
Seat 1: 8a3a9041 folded before Flop
Seat 2: 61806f8e folded before Flop
Seat 3: 444cb467 (button) folded before Flop
Seat 4: 99133945 (small blind) folded before Flop
Seat 5: 94496e1b (big blind) showed [3c Ad] and won (51,430) with a straight, Ace to Five
Seat 6: e4e79525 folded before Flop
Seat 7: Hero folded before Flop
Seat 8: 1bafcae5 showed [Jd Jc] and lost with three of a kind, Jacks


Poker Hand #TM5633598185: Tournament #266084623, Bounty Hunters Special $8.88 Hold'em No Limit - Level13(400/800(120)) - 2026/02/26 10:24:44
Table '41' 8-max Seat #2 is the button
Seat 1: 8a3a9041 (48,675 in chips)
Seat 2: 61806f8e (11,756 in chips)
Seat 3: 444cb467 (8,710 in chips)
Seat 4: 99133945 (13,392 in chips)
Seat 5: 94496e1b (79,221 in chips)
Seat 6: e4e79525 (21,814 in chips)
Seat 7: Hero (28,594 in chips)
Seat 8: 1bafcae5 (25,275 in chips)
1bafcae5: posts the ante 120
99133945: posts the ante 120
61806f8e: posts the ante 120
8a3a9041: posts the ante 120
Hero: posts the ante 120
94496e1b: posts the ante 120
e4e79525: posts the ante 120
444cb467: posts the ante 120
444cb467: posts small blind 400
99133945: posts big blind 800
*** HOLE CARDS ***
Dealt to 8a3a9041 
Dealt to 61806f8e 
Dealt to 444cb467 
Dealt to 99133945 
Dealt to 94496e1b 
Dealt to e4e79525 
Dealt to Hero [6c 5c]
Dealt to 1bafcae5 
94496e1b: raises 800 to 1,600
e4e79525: folds
Hero: folds
1bafcae5: folds
8a3a9041: folds
61806f8e: calls 1,600
444cb467: calls 1,200
99133945: folds
*** FLOP *** [8c 6s Td]
444cb467: checks
94496e1b: checks
61806f8e: bets 2,165
444cb467: calls 2,165
94496e1b: calls 2,165
*** TURN *** [8c 6s Td] [2h]
444cb467: checks
94496e1b: checks
61806f8e: bets 7,871 and is all-in
444cb467: folds
94496e1b: folds
Uncalled bet (7,871) returned to 61806f8e
*** SHOWDOWN ***
61806f8e collected 13,055 from pot
*** SUMMARY ***
Total pot 13,055 | Rake 0 | Jackpot 0 | Bingo 0 | Fortune 0 | Tax 0
Board [8c 6s Td 2h]
Seat 1: 8a3a9041 folded before Flop
Seat 2: 61806f8e (button) won (13,055)
Seat 3: 444cb467 (small blind) folded on the Turn
Seat 4: 99133945 (big blind) folded before Flop
Seat 5: 94496e1b folded on the Turn
Seat 6: e4e79525 folded before Flop
Seat 7: Hero folded before Flop
Seat 8: 1bafcae5 folded before Flop


Poker Hand #TM5633598170: Tournament #266084623, Bounty Hunters Special $8.88 Hold'em No Limit - Level13(400/800(120)) - 2026/02/26 10:24:03
Table '41' 8-max Seat #1 is the button
Seat 1: 8a3a9041 (45,835 in chips)
Seat 2: 61806f8e (12,276 in chips)
Seat 3: 444cb467 (10,430 in chips)
Seat 4: 99133945 (13,512 in chips)
Seat 5: 94496e1b (79,341 in chips)
Seat 6: e4e79525 (21,934 in chips)
Seat 7: Hero (28,714 in chips)
Seat 8: 1bafcae5 (25,395 in chips)
1bafcae5: posts the ante 120
99133945: posts the ante 120
61806f8e: posts the ante 120
8a3a9041: posts the ante 120
Hero: posts the ante 120
94496e1b: posts the ante 120
e4e79525: posts the ante 120
444cb467: posts the ante 120
61806f8e: posts small blind 400
444cb467: posts big blind 800
*** HOLE CARDS ***
Dealt to 8a3a9041 
Dealt to 61806f8e 
Dealt to 444cb467 
Dealt to 99133945 
Dealt to 94496e1b 
Dealt to e4e79525 
Dealt to Hero [Qd 7s]
Dealt to 1bafcae5 
99133945: folds
94496e1b: folds
e4e79525: folds
Hero: folds
1bafcae5: folds
8a3a9041: raises 800 to 1,600
61806f8e: folds
444cb467: calls 800
*** FLOP *** [Qc Ks 2c]
444cb467: checks
8a3a9041: bets 2,280
444cb467: folds
Uncalled bet (2,280) returned to 8a3a9041
*** SHOWDOWN ***
8a3a9041 collected 4,560 from pot
*** SUMMARY ***
Total pot 4,560 | Rake 0 | Jackpot 0 | Bingo 0 | Fortune 0 | Tax 0
Board [Qc Ks 2c]
Seat 1: 8a3a9041 (button) won (4,560)
Seat 2: 61806f8e (small blind) folded before Flop
Seat 3: 444cb467 (big blind) folded on the Flop
Seat 4: 99133945 folded before Flop
Seat 5: 94496e1b folded before Flop
Seat 6: e4e79525 folded before Flop
Seat 7: Hero folded before Flop
Seat 8: 1bafcae5 folded before Flop


Poker Hand #TM5633598144: Tournament #266084623, Bounty Hunters Special $8.88 Hold'em No Limit - Level12(350/700(100)) - 2026/02/26 10:22:49
Table '41' 8-max Seat #8 is the button
Seat 1: 8a3a9041 (50,400 in chips)
Seat 2: 61806f8e (13,076 in chips)
Seat 3: 444cb467 (4,565 in chips)
Seat 4: 99133945 (13,612 in chips)
Seat 5: 94496e1b (79,441 in chips)
Seat 6: e4e79525 (22,034 in chips)
Seat 7: Hero (28,814 in chips)
Seat 8: 1bafcae5 (25,495 in chips)
1bafcae5: posts the ante 100
99133945: posts the ante 100
61806f8e: posts the ante 100
8a3a9041: posts the ante 100
Hero: posts the ante 100
94496e1b: posts the ante 100
e4e79525: posts the ante 100
444cb467: posts the ante 100
8a3a9041: posts small blind 350
61806f8e: posts big blind 700
*** HOLE CARDS ***
Dealt to 8a3a9041 
Dealt to 61806f8e 
Dealt to 444cb467 
Dealt to 99133945 
Dealt to 94496e1b 
Dealt to e4e79525 
Dealt to Hero [Kh 3s]
Dealt to 1bafcae5 
444cb467: raises 3,765 to 4,465 and is all-in
99133945: folds
94496e1b: folds
e4e79525: folds
Hero: folds
1bafcae5: folds
8a3a9041: raises 45,835 to 50,300 and is all-in
61806f8e: folds
Uncalled bet (45,835) returned to 8a3a9041
8a3a9041: shows [Ac 9h]
444cb467: shows [Qc Qh]
*** FLOP *** [6c 7d 6d]
*** TURN *** [6c 7d 6d] [Kd]
*** RIVER *** [6c 7d 6d Kd] [2h]
*** SHOWDOWN ***
444cb467 collected 10,430 from pot
*** SUMMARY ***
Total pot 10,430 | Rake 0 | Jackpot 0 | Bingo 0 | Fortune 0 | Tax 0
Board [6c 7d 6d Kd 2h]
Seat 1: 8a3a9041 (small blind) showed [Ac 9h] and lost with a pair of Sixes
Seat 2: 61806f8e (big blind) folded before Flop
Seat 3: 444cb467 showed [Qc Qh] and won (10,430) with two pair, Queens and Sixes
Seat 4: 99133945 folded before Flop
Seat 5: 94496e1b folded before Flop
Seat 6: e4e79525 folded before Flop
Seat 7: Hero folded before Flop
Seat 8: 1bafcae5 (button) folded before Flop


Poker Hand #TM5633598120: Tournament #266084623, Bounty Hunters Special $8.88 Hold'em No Limit - Level12(350/700(100)) - 2026/02/26 10:21:25
Table '41' 8-max Seat #7 is the button
Seat 1: 8a3a9041 (42,516 in chips)
Seat 2: 61806f8e (13,176 in chips)
Seat 3: 444cb467 (4,665 in chips)
Seat 4: 99133945 (13,712 in chips)
Seat 5: 94496e1b (86,375 in chips)
Seat 6: e4e79525 (22,134 in chips)
Seat 7: Hero (28,914 in chips)
Seat 8: 1bafcae5 (25,945 in chips)
1bafcae5: posts the ante 100
99133945: posts the ante 100
61806f8e: posts the ante 100
8a3a9041: posts the ante 100
Hero: posts the ante 100
94496e1b: posts the ante 100
e4e79525: posts the ante 100
444cb467: posts the ante 100
1bafcae5: posts small blind 350
8a3a9041: posts big blind 700
*** HOLE CARDS ***
Dealt to 8a3a9041 
Dealt to 61806f8e 
Dealt to 444cb467 
Dealt to 99133945 
Dealt to 94496e1b 
Dealt to e4e79525 
Dealt to Hero [Tc 5c]
Dealt to 1bafcae5 
61806f8e: folds
444cb467: folds
99133945: folds
94496e1b: raises 700 to 1,400
e4e79525: folds
Hero: folds
1bafcae5: folds
8a3a9041: calls 700
*** FLOP *** [Jh 4d 2s]
8a3a9041: checks
94496e1b: bets 1,304
8a3a9041: calls 1,304
*** TURN *** [Jh 4d 2s] [8c]
8a3a9041: checks
94496e1b: bets 4,130
8a3a9041: calls 4,130
*** RIVER *** [Jh 4d 2s 8c] [Jc]
8a3a9041: checks
94496e1b: checks
8a3a9041: shows [2c Ks] (two pair, Jacks and Twos)
94496e1b: shows [Qd 3d] (a pair of Jacks)
*** SHOWDOWN ***
8a3a9041 collected 14,818 from pot
*** SUMMARY ***
Total pot 14,818 | Rake 0 | Jackpot 0 | Bingo 0 | Fortune 0 | Tax 0
Board [Jh 4d 2s 8c Jc]
Seat 1: 8a3a9041 (big blind) showed [2c Ks] and won (14,818) with two pair, Jacks and Twos
Seat 2: 61806f8e folded before Flop
Seat 3: 444cb467 folded before Flop
Seat 4: 99133945 folded before Flop
Seat 5: 94496e1b showed [Qd 3d] and lost with a pair of Jacks
Seat 6: e4e79525 folded before Flop
Seat 7: Hero (button) folded before Flop
Seat 8: 1bafcae5 (small blind) folded before Flop


Poker Hand #TM5633598105: Tournament #266084623, Bounty Hunters Special $8.88 Hold'em No Limit - Level12(350/700(100)) - 2026/02/26 10:20:43
Table '41' 8-max Seat #6 is the button
Seat 1: 8a3a9041 (42,616 in chips)
Seat 2: 61806f8e (10,026 in chips)
Seat 3: 444cb467 (4,765 in chips)
Seat 4: 99133945 (13,812 in chips)
Seat 5: 94496e1b (86,475 in chips)
Seat 6: e4e79525 (23,634 in chips)
Seat 7: Hero (29,364 in chips)
Seat 8: 1bafcae5 (26,745 in chips)
1bafcae5: posts the ante 100
99133945: posts the ante 100
61806f8e: posts the ante 100
8a3a9041: posts the ante 100
94496e1b: posts the ante 100
Hero: posts the ante 100
e4e79525: posts the ante 100
444cb467: posts the ante 100
Hero: posts small blind 350
1bafcae5: posts big blind 700
*** HOLE CARDS ***
Dealt to 8a3a9041 
Dealt to 61806f8e 
Dealt to 444cb467 
Dealt to 99133945 
Dealt to 94496e1b 
Dealt to e4e79525 
Dealt to Hero [7d 5s]
Dealt to 1bafcae5 
8a3a9041: folds
61806f8e: raises 700 to 1,400
444cb467: folds
99133945: folds
94496e1b: folds
e4e79525: calls 1,400
Hero: folds
1bafcae5: folds
*** FLOP *** [Th 8s 7s]
61806f8e: bets 1,535
e4e79525: folds
Uncalled bet (1,535) returned to 61806f8e
*** SHOWDOWN ***
61806f8e collected 4,650 from pot
*** SUMMARY ***
Total pot 4,650 | Rake 0 | Jackpot 0 | Bingo 0 | Fortune 0 | Tax 0
Board [Th 8s 7s]
Seat 1: 8a3a9041 folded before Flop
Seat 2: 61806f8e won (4,650)
Seat 3: 444cb467 folded before Flop
Seat 4: 99133945 folded before Flop
Seat 5: 94496e1b folded before Flop
Seat 6: e4e79525 (button) folded on the Flop
Seat 7: Hero (small blind) folded before Flop
Seat 8: 1bafcae5 (big blind) folded before Flop


Poker Hand #TM5633598074: Tournament #266084623, Bounty Hunters Special $8.88 Hold'em No Limit - Level12(350/700(100)) - 2026/02/26 10:19:04
Table '41' 8-max Seat #5 is the button
Seat 1: 8a3a9041 (36,616 in chips)
Seat 2: 61806f8e (10,126 in chips)
Seat 3: 444cb467 (4,865 in chips)
Seat 4: 99133945 (13,912 in chips)
Seat 5: 94496e1b (87,275 in chips)
Seat 6: e4e79525 (27,634 in chips)
Seat 7: Hero (30,164 in chips)
Seat 8: 1bafcae5 (26,845 in chips)
1bafcae5: posts the ante 100
99133945: posts the ante 100
61806f8e: posts the ante 100
8a3a9041: posts the ante 100
94496e1b: posts the ante 100
Hero: posts the ante 100
e4e79525: posts the ante 100
444cb467: posts the ante 100
e4e79525: posts small blind 350
Hero: posts big blind 700
*** HOLE CARDS ***
Dealt to 8a3a9041 
Dealt to 61806f8e 
Dealt to 444cb467 
Dealt to 99133945 
Dealt to 94496e1b 
Dealt to e4e79525 
Dealt to Hero [2c Kc]
Dealt to 1bafcae5 
1bafcae5: folds
8a3a9041: calls 700
61806f8e: folds
444cb467: folds
99133945: folds
94496e1b: calls 700
e4e79525: calls 350
Hero: checks
*** FLOP *** [9h 7s 5d]
e4e79525: bets 700
Hero: folds
8a3a9041: raises 2,500 to 3,200
94496e1b: folds
e4e79525: calls 2,500
*** TURN *** [9h 7s 5d] [6h]
e4e79525: checks
8a3a9041: bets 32,616 and is all-in
e4e79525: folds
Uncalled bet (32,616) returned to 8a3a9041
*** SHOWDOWN ***
8a3a9041 collected 10,000 from pot
*** SUMMARY ***
Total pot 10,000 | Rake 0 | Jackpot 0 | Bingo 0 | Fortune 0 | Tax 0
Board [9h 7s 5d 6h]
Seat 1: 8a3a9041 won (10,000)
Seat 2: 61806f8e folded before Flop
Seat 3: 444cb467 folded before Flop
Seat 4: 99133945 folded before Flop
Seat 5: 94496e1b (button) folded on the Flop
Seat 6: e4e79525 (small blind) folded on the Turn
Seat 7: Hero (big blind) folded on the Flop
Seat 8: 1bafcae5 folded before Flop


Poker Hand #TM5633598068: Tournament #266084623, Bounty Hunters Special $8.88 Hold'em No Limit - Level12(350/700(100)) - 2026/02/26 10:18:32
Table '41' 8-max Seat #4 is the button
Seat 1: 8a3a9041 (36,716 in chips)
Seat 2: 61806f8e (10,226 in chips)
Seat 4: 99133945 (14,012 in chips)
Seat 5: 94496e1b (87,725 in chips)
Seat 6: e4e79525 (28,434 in chips)
Seat 7: Hero (30,264 in chips)
Seat 8: 1bafcae5 (25,195 in chips)
1bafcae5: posts the ante 100
99133945: posts the ante 100
61806f8e: posts the ante 100
8a3a9041: posts the ante 100
Hero: posts the ante 100
94496e1b: posts the ante 100
e4e79525: posts the ante 100
94496e1b: posts small blind 350
e4e79525: posts big blind 700
*** HOLE CARDS ***
Dealt to 8a3a9041 
Dealt to 61806f8e 
Dealt to 99133945 
Dealt to 94496e1b 
Dealt to e4e79525 
Dealt to Hero [5c Kh]
Dealt to 1bafcae5 
Hero: folds
1bafcae5: raises 700 to 1,400
8a3a9041: folds
61806f8e: folds
99133945: folds
94496e1b: folds
e4e79525: folds
Uncalled bet (700) returned to 1bafcae5
*** SHOWDOWN ***
1bafcae5 collected 2,450 from pot
*** SUMMARY ***
Total pot 2,450 | Rake 0 | Jackpot 0 | Bingo 0 | Fortune 0 | Tax 0
Seat 1: 8a3a9041 folded before Flop
Seat 2: 61806f8e folded before Flop
Seat 4: 99133945 (button) folded before Flop
Seat 5: 94496e1b (small blind) folded before Flop
Seat 6: e4e79525 (big blind) folded before Flop
Seat 7: Hero folded before Flop
Seat 8: 1bafcae5 collected (2,450)


Poker Hand #TM5633598057: Tournament #266084623, Bounty Hunters Special $8.88 Hold'em No Limit - Level12(350/700(100)) - 2026/02/26 10:18:07
Table '41' 8-max Seat #2 is the button
Seat 1: 8a3a9041 (36,816 in chips)
Seat 2: 61806f8e (10,326 in chips)
Seat 4: 99133945 (14,462 in chips)
Seat 5: 94496e1b (86,775 in chips)
Seat 6: e4e79525 (28,534 in chips)
Seat 7: Hero (30,364 in chips)
Seat 8: 1bafcae5 (25,295 in chips)
1bafcae5: posts the ante 100
99133945: posts the ante 100
61806f8e: posts the ante 100
8a3a9041: posts the ante 100
Hero: posts the ante 100
94496e1b: posts the ante 100
e4e79525: posts the ante 100
99133945: posts small blind 350
94496e1b: posts big blind 700
*** HOLE CARDS ***
Dealt to 8a3a9041 
Dealt to 61806f8e 
Dealt to 99133945 
Dealt to 94496e1b 
Dealt to e4e79525 
Dealt to Hero [Qc 2c]
Dealt to 1bafcae5 
e4e79525: folds
Hero: folds
1bafcae5: folds
8a3a9041: folds
61806f8e: folds
99133945: folds
Uncalled bet (350) returned to 94496e1b
*** SHOWDOWN ***
94496e1b collected 1,400 from pot
*** SUMMARY ***
Total pot 1,400 | Rake 0 | Jackpot 0 | Bingo 0 | Fortune 0 | Tax 0
Seat 1: 8a3a9041 folded before Flop
Seat 2: 61806f8e (button) folded before Flop
Seat 4: 99133945 (small blind) folded before Flop
Seat 5: 94496e1b (big blind) collected (1,400)
Seat 6: e4e79525 folded before Flop
Seat 7: Hero folded before Flop
Seat 8: 1bafcae5 folded before Flop


Poker Hand #TM5633598037: Tournament #266084623, Bounty Hunters Special $8.88 Hold'em No Limit - Level12(350/700(100)) - 2026/02/26 10:17:12
Table '41' 8-max Seat #1 is the button
Seat 1: 8a3a9041 (25,106 in chips)
Seat 2: 61806f8e (10,776 in chips)
Seat 3: f661e7ea (9,360 in chips)
Seat 4: 99133945 (14,562 in chips)
Seat 5: 94496e1b (86,875 in chips)
Seat 6: e4e79525 (28,634 in chips)
Seat 7: Hero (30,464 in chips)
Seat 8: 1bafcae5 (26,795 in chips)
1bafcae5: posts the ante 100
99133945: posts the ante 100
61806f8e: posts the ante 100
8a3a9041: posts the ante 100
Hero: posts the ante 100
94496e1b: posts the ante 100
e4e79525: posts the ante 100
f661e7ea: posts the ante 100
61806f8e: posts small blind 350
f661e7ea: posts big blind 700
*** HOLE CARDS ***
Dealt to 8a3a9041 
Dealt to 61806f8e 
Dealt to f661e7ea 
Dealt to 99133945 
Dealt to 94496e1b 
Dealt to e4e79525 
Dealt to Hero [As 3d]
Dealt to 1bafcae5 
99133945: folds
94496e1b: folds
e4e79525: folds
Hero: folds
1bafcae5: raises 700 to 1,400
8a3a9041: calls 1,400
61806f8e: folds
f661e7ea: raises 7,860 to 9,260 and is all-in
1bafcae5: folds
8a3a9041: calls 7,860
f661e7ea: shows [Kc Qs]
8a3a9041: shows [Jc Qc]
*** FLOP *** [9c 2d Js]
*** TURN *** [9c 2d Js] [5c]
*** RIVER *** [9c 2d Js 5c] [Ac]
*** SHOWDOWN ***
8a3a9041 collected 21,070 from pot
*** SUMMARY ***
Total pot 21,070 | Rake 0 | Jackpot 0 | Bingo 0 | Fortune 0 | Tax 0
Board [9c 2d Js 5c Ac]
Seat 1: 8a3a9041 (button) showed [Jc Qc] and won (21,070) with a flush Ace high
Seat 2: 61806f8e (small blind) folded before Flop
Seat 3: f661e7ea (big blind) showed [Kc Qs] and lost with Ace high
Seat 4: 99133945 folded before Flop
Seat 5: 94496e1b folded before Flop
Seat 6: e4e79525 folded before Flop
Seat 7: Hero folded before Flop
Seat 8: 1bafcae5 folded before Flop


Poker Hand #TM5633508784: Tournament #266084623, Bounty Hunters Special $8.88 Hold'em No Limit - Level12(350/700(100)) - 2026/02/26 10:15:39
Table '50' 8-max Seat #3 is the button
Seat 1: 6b94c798 (57,740 in chips)
Seat 2: 8053bc4 (24,010 in chips)
Seat 3: 5024fbc9 (12,746 in chips)
Seat 4: edb02935 (20,156 in chips)
Seat 5: 43c3c351 (7,389 in chips)
Seat 6: Hero (30,564 in chips)
Seat 7: b4342013 (9,123 in chips)
Seat 8: 39dab019 (10,168 in chips)
Hero: posts the ante 100
8053bc4: posts the ante 100
edb02935: posts the ante 100
b4342013: posts the ante 100
6b94c798: posts the ante 100
5024fbc9: posts the ante 100
43c3c351: posts the ante 100
39dab019: posts the ante 100
edb02935: posts small blind 350
43c3c351: posts big blind 700
*** HOLE CARDS ***
Dealt to 6b94c798 
Dealt to 8053bc4 
Dealt to 5024fbc9 
Dealt to edb02935 
Dealt to 43c3c351 
Dealt to Hero [3h 7s]
Dealt to b4342013 
Dealt to 39dab019 
Hero: folds
b4342013: raises 8,323 to 9,023 and is all-in
39dab019: raises 1,045 to 10,068 and is all-in
6b94c798: folds
8053bc4: folds
5024fbc9: folds
edb02935: calls 9,718
43c3c351: folds
39dab019: shows [3s 9s]
edb02935: shows [6s 6h]
b4342013: shows [Ts Qh]
*** FLOP *** [2d Jd Kh]
*** TURN *** [2d Jd Kh] [Kd]
*** RIVER *** [2d Jd Kh Kd] [7h]
*** SHOWDOWN ***
edb02935 collected 28,569 from pot
edb02935 collected 2,090 from pot
*** SUMMARY ***
Total pot 30,659 | Rake 0 | Jackpot 0 | Bingo 0 | Fortune 0 | Tax 0
Board [2d Jd Kh Kd 7h]
Seat 1: 6b94c798 folded before Flop
Seat 2: 8053bc4 folded before Flop
Seat 3: 5024fbc9 (button) folded before Flop
Seat 4: edb02935 (small blind) showed [6s 6h] and won (30,659) with two pair, Kings and Sixes
Seat 5: 43c3c351 (big blind) folded before Flop
Seat 6: Hero folded before Flop
Seat 7: b4342013 showed [Ts Qh] and lost with a pair of Kings
Seat 8: 39dab019 showed [3s 9s] and lost with a pair of Kings


Poker Hand #TM5633508761: Tournament #266084623, Bounty Hunters Special $8.88 Hold'em No Limit - Level11(300/600(90)) - 2026/02/26 10:14:29
Table '50' 8-max Seat #2 is the button
Seat 1: 6b94c798 (57,830 in chips)
Seat 2: 8053bc4 (24,100 in chips)
Seat 3: 5024fbc9 (13,136 in chips)
Seat 4: edb02935 (20,846 in chips)
Seat 5: 43c3c351 (7,479 in chips)
Seat 6: Hero (24,534 in chips)
Seat 7: b4342013 (9,213 in chips)
Seat 8: 39dab019 (14,758 in chips)
Hero: posts the ante 90
8053bc4: posts the ante 90
edb02935: posts the ante 90
b4342013: posts the ante 90
6b94c798: posts the ante 90
5024fbc9: posts the ante 90
43c3c351: posts the ante 90
39dab019: posts the ante 90
5024fbc9: posts small blind 300
edb02935: posts big blind 600
*** HOLE CARDS ***
Dealt to 6b94c798 
Dealt to 8053bc4 
Dealt to 5024fbc9 
Dealt to edb02935 
Dealt to 43c3c351 
Dealt to Hero [Kh 8h]
Dealt to b4342013 
Dealt to 39dab019 
43c3c351: folds
Hero: raises 600 to 1,200
b4342013: folds
39dab019: raises 3,300 to 4,500
6b94c798: folds
8053bc4: folds
5024fbc9: folds
edb02935: folds
Hero: calls 3,300
*** FLOP *** [As Kd 9s]
Hero: checks
39dab019: checks
*** TURN *** [As Kd 9s] [2c]
Hero: bets 3,505
39dab019: folds
Uncalled bet (3,505) returned to Hero
*** SHOWDOWN ***
Hero collected 10,620 from pot
*** SUMMARY ***
Total pot 10,620 | Rake 0 | Jackpot 0 | Bingo 0 | Fortune 0 | Tax 0
Board [As Kd 9s 2c]
Seat 1: 6b94c798 folded before Flop
Seat 2: 8053bc4 (button) folded before Flop
Seat 3: 5024fbc9 (small blind) folded before Flop
Seat 4: edb02935 (big blind) folded before Flop
Seat 5: 43c3c351 folded before Flop
Seat 6: Hero won (10,620)
Seat 7: b4342013 folded before Flop
Seat 8: 39dab019 folded on the Turn


Poker Hand #TM5633508745: Tournament #266084623, Bounty Hunters Special $8.88 Hold'em No Limit - Level11(300/600(90)) - 2026/02/26 10:13:41
Table '50' 8-max Seat #1 is the button
Seat 1: 6b94c798 (67,830 in chips)
Seat 2: 8053bc4 (24,490 in chips)
Seat 3: 5024fbc9 (13,826 in chips)
Seat 4: edb02935 (20,936 in chips)
Seat 5: 43c3c351 (7,569 in chips)
Seat 6: Hero (24,624 in chips)
Seat 7: b4342013 (2,621 in chips)
Seat 8: 39dab019 (10,000 in chips)
Hero: posts the ante 90
8053bc4: posts the ante 90
edb02935: posts the ante 90
b4342013: posts the ante 90
6b94c798: posts the ante 90
5024fbc9: posts the ante 90
43c3c351: posts the ante 90
39dab019: posts the ante 90
8053bc4: posts small blind 300
5024fbc9: posts big blind 600
*** HOLE CARDS ***
Dealt to 6b94c798 
Dealt to 8053bc4 
Dealt to 5024fbc9 
Dealt to edb02935 
Dealt to 43c3c351 
Dealt to Hero [4c Kd]
Dealt to b4342013 
Dealt to 39dab019 
edb02935: folds
43c3c351: folds
Hero: folds
b4342013: raises 1,931 to 2,531 and is all-in
39dab019: raises 7,379 to 9,910 and is all-in
6b94c798: calls 9,910
8053bc4: folds
5024fbc9: folds
39dab019: shows [Ac Td]
6b94c798: shows [4d Ad]
b4342013: shows [Qs Jh]
*** FLOP *** [Jc 8s 7h]
*** TURN *** [Jc 8s 7h] [6s]
*** RIVER *** [Jc 8s 7h 6s] [2c]
*** SHOWDOWN ***
b4342013 collected 9,213 from pot
39dab019 collected 14,758 from pot
*** SUMMARY ***
Total pot 23,971 | Rake 0 | Jackpot 0 | Bingo 0 | Fortune 0 | Tax 0
Board [Jc 8s 7h 6s 2c]
Seat 1: 6b94c798 (button) showed [4d Ad] and lost with Ace high
Seat 2: 8053bc4 (small blind) folded before Flop
Seat 3: 5024fbc9 (big blind) folded before Flop
Seat 4: edb02935 folded before Flop
Seat 5: 43c3c351 folded before Flop
Seat 6: Hero folded before Flop
Seat 7: b4342013 showed [Qs Jh] and won (9,213) with a pair of Jacks
Seat 8: 39dab019 showed [Ac Td] and won (14,758) with Ace high


Poker Hand #TM5633508736: Tournament #266084623, Bounty Hunters Special $8.88 Hold'em No Limit - Level11(300/600(90)) - 2026/02/26 10:13:01
Table '50' 8-max Seat #7 is the button
Seat 1: 6b94c798 (68,220 in chips)
Seat 2: 8053bc4 (25,180 in chips)
Seat 3: 5024fbc9 (13,916 in chips)
Seat 4: edb02935 (21,026 in chips)
Seat 5: 43c3c351 (7,659 in chips)
Seat 6: Hero (23,184 in chips)
Seat 7: b4342013 (2,711 in chips)
Hero: posts the ante 90
8053bc4: posts the ante 90
edb02935: posts the ante 90
b4342013: posts the ante 90
6b94c798: posts the ante 90
5024fbc9: posts the ante 90
43c3c351: posts the ante 90
6b94c798: posts small blind 300
8053bc4: posts big blind 600
*** HOLE CARDS ***
Dealt to 6b94c798 
Dealt to 8053bc4 
Dealt to 5024fbc9 
Dealt to edb02935 
Dealt to 43c3c351 
Dealt to Hero [9d Td]
Dealt to b4342013 
5024fbc9: folds
edb02935: folds
43c3c351: folds
Hero: raises 600 to 1,200
b4342013: folds
6b94c798: folds
8053bc4: folds
Uncalled bet (600) returned to Hero
*** SHOWDOWN ***
Hero collected 2,130 from pot
*** SUMMARY ***
Total pot 2,130 | Rake 0 | Jackpot 0 | Bingo 0 | Fortune 0 | Tax 0
Seat 1: 6b94c798 (small blind) folded before Flop
Seat 2: 8053bc4 (big blind) folded before Flop
Seat 3: 5024fbc9 folded before Flop
Seat 4: edb02935 folded before Flop
Seat 5: 43c3c351 folded before Flop
Seat 6: Hero collected (2,130)
Seat 7: b4342013 (button) folded before Flop


Poker Hand #TM5633508726: Tournament #266084623, Bounty Hunters Special $8.88 Hold'em No Limit - Level11(300/600(90)) - 2026/02/26 10:12:16
Table '50' 8-max Seat #6 is the button
Seat 1: 6b94c798 (68,310 in chips)
Seat 2: 8053bc4 (25,270 in chips)
Seat 3: 5024fbc9 (14,006 in chips)
Seat 4: edb02935 (15,452 in chips)
Seat 5: 43c3c351 (7,749 in chips)
Seat 6: Hero (23,274 in chips)
Seat 7: b4342013 (3,101 in chips)
Seat 8: a3c1809a (4,734 in chips)
a3c1809a: posts the ante 90
Hero: posts the ante 90
8053bc4: posts the ante 90
edb02935: posts the ante 90
b4342013: posts the ante 90
6b94c798: posts the ante 90
5024fbc9: posts the ante 90
43c3c351: posts the ante 90
b4342013: posts small blind 300
a3c1809a: posts big blind 600
*** HOLE CARDS ***
Dealt to 6b94c798 
Dealt to 8053bc4 
Dealt to 5024fbc9 
Dealt to edb02935 
Dealt to 43c3c351 
Dealt to Hero [6d Qs]
Dealt to b4342013 
Dealt to a3c1809a 
6b94c798: folds
8053bc4: folds
5024fbc9: folds
edb02935: raises 1,200 to 1,800
43c3c351: folds
Hero: folds
b4342013: folds
a3c1809a: raises 2,844 to 4,644 and is all-in
edb02935: calls 2,844
a3c1809a: shows [Ac Kh]
edb02935: shows [Jc Ks]
*** FLOP *** [Td Th 8s]
*** TURN *** [Td Th 8s] [9d]
*** RIVER *** [Td Th 8s 9d] [7d]
*** SHOWDOWN ***
edb02935 collected 10,308 from pot
*** SUMMARY ***
Total pot 10,308 | Rake 0 | Jackpot 0 | Bingo 0 | Fortune 0 | Tax 0
Board [Td Th 8s 9d 7d]
Seat 1: 6b94c798 folded before Flop
Seat 2: 8053bc4 folded before Flop
Seat 3: 5024fbc9 folded before Flop
Seat 4: edb02935 showed [Jc Ks] and won (10,308) with a straight, Jack to Seven
Seat 5: 43c3c351 folded before Flop
Seat 6: Hero (button) folded before Flop
Seat 7: b4342013 (small blind) folded before Flop
Seat 8: a3c1809a (big blind) showed [Ac Kh] and lost with a pair of Tens


Poker Hand #TM5633508711: Tournament #266084623, Bounty Hunters Special $8.88 Hold'em No Limit - Level11(300/600(90)) - 2026/02/26 10:11:25
Table '50' 8-max Seat #5 is the button
Seat 1: 6b94c798 (68,400 in chips)
Seat 2: 8053bc4 (25,360 in chips)
Seat 3: 5024fbc9 (14,096 in chips)
Seat 4: edb02935 (15,542 in chips)
Seat 5: 43c3c351 (7,839 in chips)
Seat 6: Hero (23,004 in chips)
Seat 7: b4342013 (2,831 in chips)
Seat 8: a3c1809a (4,824 in chips)
a3c1809a: posts the ante 90
Hero: posts the ante 90
8053bc4: posts the ante 90
edb02935: posts the ante 90
b4342013: posts the ante 90
6b94c798: posts the ante 90
5024fbc9: posts the ante 90
43c3c351: posts the ante 90
Hero: posts small blind 300
b4342013: posts big blind 600
*** HOLE CARDS ***
Dealt to 6b94c798 
Dealt to 8053bc4 
Dealt to 5024fbc9 
Dealt to edb02935 
Dealt to 43c3c351 
Dealt to Hero [4h 3c]
Dealt to b4342013 
Dealt to a3c1809a 
a3c1809a: folds
6b94c798: folds
8053bc4: folds
5024fbc9: folds
edb02935: folds
43c3c351: folds
Hero: raises 7,200 to 7,800
b4342013: calls 2,141 and is all-in
Uncalled bet (5,059) returned to Hero
Hero: shows [4h 3c]
b4342013: shows [Kh Qh]
*** FLOP *** [7s 7c 2s]
*** TURN *** [7s 7c 2s] [2d]
*** RIVER *** [7s 7c 2s 2d] [Ac]
*** SHOWDOWN ***
b4342013 collected 3,101 from pot
Hero collected 3,101 from pot
*** SUMMARY ***
Total pot 6,202 | Rake 0 | Jackpot 0 | Bingo 0 | Fortune 0 | Tax 0
Board [7s 7c 2s 2d Ac]
Seat 1: 6b94c798 folded before Flop
Seat 2: 8053bc4 folded before Flop
Seat 3: 5024fbc9 folded before Flop
Seat 4: edb02935 folded before Flop
Seat 5: 43c3c351 (button) folded before Flop
Seat 6: Hero (small blind) showed [4h 3c] and won (3,101) with two pair, Sevens and Twos
Seat 7: b4342013 (big blind) showed [Kh Qh] and won (3,101) with two pair, Sevens and Twos
Seat 8: a3c1809a folded before Flop


Poker Hand #TM5633508703: Tournament #266084623, Bounty Hunters Special $8.88 Hold'em No Limit - Level11(300/600(90)) - 2026/02/26 10:11:05
Table '50' 8-max Seat #4 is the button
Seat 1: 6b94c798 (66,870 in chips)
Seat 2: 8053bc4 (25,450 in chips)
Seat 3: 5024fbc9 (14,186 in chips)
Seat 4: edb02935 (15,632 in chips)
Seat 5: 43c3c351 (8,229 in chips)
Seat 6: Hero (23,694 in chips)
Seat 7: b4342013 (2,921 in chips)
Seat 8: a3c1809a (4,914 in chips)
a3c1809a: posts the ante 90
Hero: posts the ante 90
8053bc4: posts the ante 90
edb02935: posts the ante 90
b4342013: posts the ante 90
6b94c798: posts the ante 90
5024fbc9: posts the ante 90
43c3c351: posts the ante 90
43c3c351: posts small blind 300
Hero: posts big blind 600
*** HOLE CARDS ***
Dealt to 6b94c798 
Dealt to 8053bc4 
Dealt to 5024fbc9 
Dealt to edb02935 
Dealt to 43c3c351 
Dealt to Hero [9d 5c]
Dealt to b4342013 
Dealt to a3c1809a 
b4342013: folds
a3c1809a: folds
6b94c798: raises 600 to 1,200
8053bc4: folds
5024fbc9: folds
edb02935: folds
43c3c351: folds
Hero: folds
Uncalled bet (600) returned to 6b94c798
*** SHOWDOWN ***
6b94c798 collected 2,220 from pot
*** SUMMARY ***
Total pot 2,220 | Rake 0 | Jackpot 0 | Bingo 0 | Fortune 0 | Tax 0
Seat 1: 6b94c798 collected (2,220)
Seat 2: 8053bc4 folded before Flop
Seat 3: 5024fbc9 folded before Flop
Seat 4: edb02935 (button) folded before Flop
Seat 5: 43c3c351 (small blind) folded before Flop
Seat 6: Hero (big blind) folded before Flop
Seat 7: b4342013 folded before Flop
Seat 8: a3c1809a folded before Flop


Poker Hand #TM5633508687: Tournament #266084623, Bounty Hunters Special $8.88 Hold'em No Limit - Level11(300/600(90)) - 2026/02/26 10:09:56
Table '50' 8-max Seat #3 is the button
Seat 1: 6b94c798 (66,960 in chips)
Seat 2: 8053bc4 (25,540 in chips)
Seat 3: 5024fbc9 (6,373 in chips)
Seat 4: edb02935 (16,022 in chips)
Seat 5: 43c3c351 (8,919 in chips)
Seat 6: Hero (23,784 in chips)
Seat 7: b4342013 (9,294 in chips)
Seat 8: a3c1809a (5,004 in chips)
a3c1809a: posts the ante 90
Hero: posts the ante 90
8053bc4: posts the ante 90
edb02935: posts the ante 90
b4342013: posts the ante 90
6b94c798: posts the ante 90
5024fbc9: posts the ante 90
43c3c351: posts the ante 90
edb02935: posts small blind 300
43c3c351: posts big blind 600
*** HOLE CARDS ***
Dealt to 6b94c798 
Dealt to 8053bc4 
Dealt to 5024fbc9 
Dealt to edb02935 
Dealt to 43c3c351 
Dealt to Hero [9d 2h]
Dealt to b4342013 
Dealt to a3c1809a 
Hero: folds
b4342013: raises 8,604 to 9,204 and is all-in
a3c1809a: folds
6b94c798: folds
8053bc4: folds
5024fbc9: calls 6,283 and is all-in
edb02935: folds
43c3c351: folds
Uncalled bet (2,921) returned to b4342013
b4342013: shows [9s Ad]
5024fbc9: shows [Ac Jd]
*** FLOP *** [3d 5s 3h]
*** TURN *** [3d 5s 3h] [Th]
*** RIVER *** [3d 5s 3h Th] [2d]
*** SHOWDOWN ***
5024fbc9 collected 14,186 from pot
*** SUMMARY ***
Total pot 14,186 | Rake 0 | Jackpot 0 | Bingo 0 | Fortune 0 | Tax 0
Board [3d 5s 3h Th 2d]
Seat 1: 6b94c798 folded before Flop
Seat 2: 8053bc4 folded before Flop
Seat 3: 5024fbc9 (button) showed [Ac Jd] and won (14,186) with a pair of Threes
Seat 4: edb02935 (small blind) folded before Flop
Seat 5: 43c3c351 (big blind) folded before Flop
Seat 6: Hero folded before Flop
Seat 7: b4342013 showed [9s Ad] and lost with a pair of Threes
Seat 8: a3c1809a folded before Flop


Poker Hand #TM5633508676: Tournament #266084623, Bounty Hunters Special $8.88 Hold'em No Limit - Level11(300/600(90)) - 2026/02/26 10:09:24
Table '50' 8-max Seat #2 is the button
Seat 1: 6b94c798 (67,050 in chips)
Seat 2: 8053bc4 (25,630 in chips)
Seat 3: 5024fbc9 (6,763 in chips)
Seat 4: edb02935 (15,092 in chips)
Seat 5: 43c3c351 (9,009 in chips)
Seat 6: Hero (23,874 in chips)
Seat 7: b4342013 (9,384 in chips)
Seat 8: a3c1809a (5,094 in chips)
a3c1809a: posts the ante 90
Hero: posts the ante 90
8053bc4: posts the ante 90
edb02935: posts the ante 90
b4342013: posts the ante 90
6b94c798: posts the ante 90
5024fbc9: posts the ante 90
43c3c351: posts the ante 90
5024fbc9: posts small blind 300
edb02935: posts big blind 600
*** HOLE CARDS ***
Dealt to 6b94c798 
Dealt to 8053bc4 
Dealt to 5024fbc9 
Dealt to edb02935 
Dealt to 43c3c351 
Dealt to Hero [2h 3s]
Dealt to b4342013 
Dealt to a3c1809a 
43c3c351: folds
Hero: folds
b4342013: folds
a3c1809a: folds
6b94c798: folds
8053bc4: folds
5024fbc9: folds
Uncalled bet (300) returned to edb02935
*** SHOWDOWN ***
edb02935 collected 1,320 from pot
*** SUMMARY ***
Total pot 1,320 | Rake 0 | Jackpot 0 | Bingo 0 | Fortune 0 | Tax 0
Seat 1: 6b94c798 folded before Flop
Seat 2: 8053bc4 (button) folded before Flop
Seat 3: 5024fbc9 (small blind) folded before Flop
Seat 4: edb02935 (big blind) collected (1,320)
Seat 5: 43c3c351 folded before Flop
Seat 6: Hero folded before Flop
Seat 7: b4342013 folded before Flop
Seat 8: a3c1809a folded before Flop


Poker Hand #TM5633508660: Tournament #266084623, Bounty Hunters Special $8.88 Hold'em No Limit - Level11(300/600(90)) - 2026/02/26 10:08:31
Table '50' 8-max Seat #1 is the button
Seat 1: 6b94c798 (68,340 in chips)
Seat 2: 8053bc4 (22,000 in chips)
Seat 3: 5024fbc9 (7,453 in chips)
Seat 4: edb02935 (16,382 in chips)
Seat 5: 43c3c351 (9,099 in chips)
Seat 6: Hero (23,964 in chips)
Seat 7: b4342013 (9,474 in chips)
Seat 8: a3c1809a (5,184 in chips)
a3c1809a: posts the ante 90
Hero: posts the ante 90
8053bc4: posts the ante 90
edb02935: posts the ante 90
b4342013: posts the ante 90
6b94c798: posts the ante 90
5024fbc9: posts the ante 90
43c3c351: posts the ante 90
8053bc4: posts small blind 300
5024fbc9: posts big blind 600
*** HOLE CARDS ***
Dealt to 6b94c798 
Dealt to 8053bc4 
Dealt to 5024fbc9 
Dealt to edb02935 
Dealt to 43c3c351 
Dealt to Hero [4s Ah]
Dealt to b4342013 
Dealt to a3c1809a 
edb02935: raises 600 to 1,200
43c3c351: folds
Hero: folds
b4342013: folds
a3c1809a: folds
6b94c798: calls 1,200
8053bc4: raises 20,710 to 21,910 and is all-in
5024fbc9: folds
edb02935: folds
6b94c798: folds
Uncalled bet (20,710) returned to 8053bc4
*** SHOWDOWN ***
8053bc4 collected 4,920 from pot
*** SUMMARY ***
Total pot 4,920 | Rake 0 | Jackpot 0 | Bingo 0 | Fortune 0 | Tax 0
Seat 1: 6b94c798 (button) folded before Flop
Seat 2: 8053bc4 (small blind) collected (4,920)
Seat 3: 5024fbc9 (big blind) folded before Flop
Seat 4: edb02935 folded before Flop
Seat 5: 43c3c351 folded before Flop
Seat 6: Hero folded before Flop
Seat 7: b4342013 folded before Flop
Seat 8: a3c1809a folded before Flop


Poker Hand #TM5633508649: Tournament #266084623, Bounty Hunters Special $8.88 Hold'em No Limit - Level11(300/600(90)) - 2026/02/26 10:07:47
Table '50' 8-max Seat #8 is the button
Seat 1: 6b94c798 (65,910 in chips)
Seat 2: 8053bc4 (22,690 in chips)
Seat 3: 5024fbc9 (7,543 in chips)
Seat 4: edb02935 (16,472 in chips)
Seat 5: 43c3c351 (9,189 in chips)
Seat 6: Hero (25,254 in chips)
Seat 7: b4342013 (9,564 in chips)
Seat 8: a3c1809a (5,274 in chips)
a3c1809a: posts the ante 90
Hero: posts the ante 90
8053bc4: posts the ante 90
edb02935: posts the ante 90
b4342013: posts the ante 90
6b94c798: posts the ante 90
5024fbc9: posts the ante 90
43c3c351: posts the ante 90
6b94c798: posts small blind 300
8053bc4: posts big blind 600
*** HOLE CARDS ***
Dealt to 6b94c798 
Dealt to 8053bc4 
Dealt to 5024fbc9 
Dealt to edb02935 
Dealt to 43c3c351 
Dealt to Hero [3d 3h]
Dealt to b4342013 
Dealt to a3c1809a 
5024fbc9: folds
edb02935: folds
43c3c351: folds
Hero: raises 600 to 1,200
b4342013: folds
a3c1809a: folds
6b94c798: raises 64,620 to 65,820 and is all-in
8053bc4: folds
Hero: folds
Uncalled bet (64,620) returned to 6b94c798
*** SHOWDOWN ***
6b94c798 collected 3,720 from pot
*** SUMMARY ***
Total pot 3,720 | Rake 0 | Jackpot 0 | Bingo 0 | Fortune 0 | Tax 0
Seat 1: 6b94c798 (small blind) collected (3,720)
Seat 2: 8053bc4 (big blind) folded before Flop
Seat 3: 5024fbc9 folded before Flop
Seat 4: edb02935 folded before Flop
Seat 5: 43c3c351 folded before Flop
Seat 6: Hero folded before Flop
Seat 7: b4342013 folded before Flop
Seat 8: a3c1809a (button) folded before Flop


Poker Hand #TM5633508637: Tournament #266084623, Bounty Hunters Special $8.88 Hold'em No Limit - Level10(250/500(75)) - 2026/02/26 10:06:58
Table '50' 8-max Seat #7 is the button
Seat 1: 6b94c798 (66,985 in chips)
Seat 2: 8053bc4 (20,915 in chips)
Seat 3: 5024fbc9 (7,618 in chips)
Seat 4: edb02935 (16,547 in chips)
Seat 5: 43c3c351 (9,264 in chips)
Seat 6: Hero (25,329 in chips)
Seat 7: b4342013 (9,639 in chips)
Seat 8: a3c1809a (5,599 in chips)
a3c1809a: posts the ante 75
Hero: posts the ante 75
8053bc4: posts the ante 75
edb02935: posts the ante 75
b4342013: posts the ante 75
6b94c798: posts the ante 75
5024fbc9: posts the ante 75
43c3c351: posts the ante 75
a3c1809a: posts small blind 250
6b94c798: posts big blind 500
*** HOLE CARDS ***
Dealt to 6b94c798 
Dealt to 8053bc4 
Dealt to 5024fbc9 
Dealt to edb02935 
Dealt to 43c3c351 
Dealt to Hero [Qs 7s]
Dealt to b4342013 
Dealt to a3c1809a 
8053bc4: raises 500 to 1,000
5024fbc9: folds
edb02935: folds
43c3c351: folds
Hero: folds
b4342013: folds
a3c1809a: folds
6b94c798: calls 500
*** FLOP *** [5c Jc Kd]
6b94c798: checks
8053bc4: bets 1,425
6b94c798: folds
Uncalled bet (1,425) returned to 8053bc4
*** SHOWDOWN ***
8053bc4 collected 2,850 from pot
*** SUMMARY ***
Total pot 2,850 | Rake 0 | Jackpot 0 | Bingo 0 | Fortune 0 | Tax 0
Board [5c Jc Kd]
Seat 1: 6b94c798 (big blind) folded on the Flop
Seat 2: 8053bc4 won (2,850)
Seat 3: 5024fbc9 folded before Flop
Seat 4: edb02935 folded before Flop
Seat 5: 43c3c351 folded before Flop
Seat 6: Hero folded before Flop
Seat 7: b4342013 (button) folded before Flop
Seat 8: a3c1809a (small blind) folded before Flop


Poker Hand #TM5633508615: Tournament #266084623, Bounty Hunters Special $8.88 Hold'em No Limit - Level10(250/500(75)) - 2026/02/26 10:05:38
Table '50' 8-max Seat #6 is the button
Seat 1: 6b94c798 (67,060 in chips)
Seat 2: 8053bc4 (18,640 in chips)
Seat 3: 5024fbc9 (7,693 in chips)
Seat 4: edb02935 (16,622 in chips)
Seat 5: 43c3c351 (9,339 in chips)
Seat 6: Hero (25,404 in chips)
Seat 7: b4342013 (9,964 in chips)
Seat 8: a3c1809a (7,174 in chips)
a3c1809a: posts the ante 75
Hero: posts the ante 75
8053bc4: posts the ante 75
edb02935: posts the ante 75
b4342013: posts the ante 75
6b94c798: posts the ante 75
5024fbc9: posts the ante 75
43c3c351: posts the ante 75
b4342013: posts small blind 250
a3c1809a: posts big blind 500
*** HOLE CARDS ***
Dealt to 6b94c798 
Dealt to 8053bc4 
Dealt to 5024fbc9 
Dealt to edb02935 
Dealt to 43c3c351 
Dealt to Hero [3d Kh]
Dealt to b4342013 
Dealt to a3c1809a 
6b94c798: folds
8053bc4: raises 500 to 1,000
5024fbc9: folds
edb02935: folds
43c3c351: folds
Hero: folds
b4342013: folds
a3c1809a: calls 500
*** FLOP *** [Th Ts 2h]
a3c1809a: checks
8053bc4: bets 500
a3c1809a: calls 500
*** TURN *** [Th Ts 2h] [4c]
a3c1809a: checks
8053bc4: bets 17,065 and is all-in
a3c1809a: folds
Uncalled bet (17,065) returned to 8053bc4
*** SHOWDOWN ***
8053bc4 collected 3,850 from pot
*** SUMMARY ***
Total pot 3,850 | Rake 0 | Jackpot 0 | Bingo 0 | Fortune 0 | Tax 0
Board [Th Ts 2h 4c]
Seat 1: 6b94c798 folded before Flop
Seat 2: 8053bc4 won (3,850)
Seat 3: 5024fbc9 folded before Flop
Seat 4: edb02935 folded before Flop
Seat 5: 43c3c351 folded before Flop
Seat 6: Hero (button) folded before Flop
Seat 7: b4342013 (small blind) folded before Flop
Seat 8: a3c1809a (big blind) folded on the Turn


Poker Hand #TM5633508601: Tournament #266084623, Bounty Hunters Special $8.88 Hold'em No Limit - Level10(250/500(75)) - 2026/02/26 10:04:55
Table '50' 8-max Seat #5 is the button
Seat 1: 6b94c798 (65,785 in chips)
Seat 2: 8053bc4 (18,715 in chips)
Seat 3: 5024fbc9 (7,768 in chips)
Seat 4: edb02935 (16,697 in chips)
Seat 5: 43c3c351 (9,414 in chips)
Seat 6: Hero (25,729 in chips)
Seat 7: b4342013 (10,539 in chips)
Seat 8: a3c1809a (7,249 in chips)
a3c1809a: posts the ante 75
Hero: posts the ante 75
8053bc4: posts the ante 75
edb02935: posts the ante 75
b4342013: posts the ante 75
6b94c798: posts the ante 75
5024fbc9: posts the ante 75
43c3c351: posts the ante 75
Hero: posts small blind 250
b4342013: posts big blind 500
*** HOLE CARDS ***
Dealt to 6b94c798 
Dealt to 8053bc4 
Dealt to 5024fbc9 
Dealt to edb02935 
Dealt to 43c3c351 
Dealt to Hero [6c 9h]
Dealt to b4342013 
Dealt to a3c1809a 
a3c1809a: folds
6b94c798: calls 500
8053bc4: folds
5024fbc9: folds
edb02935: folds
43c3c351: folds
Hero: folds
b4342013: checks
*** FLOP *** [Ac 5d Js]
b4342013: checks
6b94c798: bets 925
b4342013: folds
Uncalled bet (925) returned to 6b94c798
*** SHOWDOWN ***
6b94c798 collected 1,850 from pot
*** SUMMARY ***
Total pot 1,850 | Rake 0 | Jackpot 0 | Bingo 0 | Fortune 0 | Tax 0
Board [Ac 5d Js]
Seat 1: 6b94c798 won (1,850)
Seat 2: 8053bc4 folded before Flop
Seat 3: 5024fbc9 folded before Flop
Seat 4: edb02935 folded before Flop
Seat 5: 43c3c351 (button) folded before Flop
Seat 6: Hero (small blind) folded before Flop
Seat 7: b4342013 (big blind) folded on the Flop
Seat 8: a3c1809a folded before Flop


Poker Hand #TM5633508588: Tournament #266084623, Bounty Hunters Special $8.88 Hold'em No Limit - Level10(250/500(75)) - 2026/02/26 10:04:08
Table '50' 8-max Seat #4 is the button
Seat 1: 6b94c798 (65,860 in chips)
Seat 2: 8053bc4 (18,790 in chips)
Seat 3: 5024fbc9 (7,843 in chips)
Seat 4: edb02935 (16,772 in chips)
Seat 5: 43c3c351 (9,739 in chips)
Seat 6: Hero (24,954 in chips)
Seat 7: b4342013 (10,614 in chips)
Seat 8: a3c1809a (7,324 in chips)
a3c1809a: posts the ante 75
Hero: posts the ante 75
8053bc4: posts the ante 75
edb02935: posts the ante 75
b4342013: posts the ante 75
6b94c798: posts the ante 75
5024fbc9: posts the ante 75
43c3c351: posts the ante 75
43c3c351: posts small blind 250
Hero: posts big blind 500
*** HOLE CARDS ***
Dealt to 6b94c798 
Dealt to 8053bc4 
Dealt to 5024fbc9 
Dealt to edb02935 
Dealt to 43c3c351 
Dealt to Hero [Jh 5d]
Dealt to b4342013 
Dealt to a3c1809a 
b4342013: folds
a3c1809a: folds
6b94c798: folds
8053bc4: folds
5024fbc9: folds
edb02935: folds
43c3c351: folds
Uncalled bet (250) returned to Hero
*** SHOWDOWN ***
Hero collected 1,100 from pot
*** SUMMARY ***
Total pot 1,100 | Rake 0 | Jackpot 0 | Bingo 0 | Fortune 0 | Tax 0
Seat 1: 6b94c798 folded before Flop
Seat 2: 8053bc4 folded before Flop
Seat 3: 5024fbc9 folded before Flop
Seat 4: edb02935 (button) folded before Flop
Seat 5: 43c3c351 (small blind) folded before Flop
Seat 6: Hero (big blind) collected (1,100)
Seat 7: b4342013 folded before Flop
Seat 8: a3c1809a folded before Flop


Poker Hand #TM5633508576: Tournament #266084623, Bounty Hunters Special $8.88 Hold'em No Limit - Level10(250/500(75)) - 2026/02/26 10:03:12
Table '50' 8-max Seat #3 is the button
Seat 1: 6b94c798 (65,935 in chips)
Seat 2: 8053bc4 (18,865 in chips)
Seat 3: 5024fbc9 (7,918 in chips)
Seat 4: edb02935 (17,097 in chips)
Seat 5: 43c3c351 (10,314 in chips)
Seat 6: Hero (25,029 in chips)
Seat 7: b4342013 (10,689 in chips)
Seat 8: a3c1809a (6,049 in chips)
a3c1809a: posts the ante 75
Hero: posts the ante 75
8053bc4: posts the ante 75
edb02935: posts the ante 75
b4342013: posts the ante 75
6b94c798: posts the ante 75
5024fbc9: posts the ante 75
43c3c351: posts the ante 75
edb02935: posts small blind 250
43c3c351: posts big blind 500
*** HOLE CARDS ***
Dealt to 6b94c798 
Dealt to 8053bc4 
Dealt to 5024fbc9 
Dealt to edb02935 
Dealt to 43c3c351 
Dealt to Hero [8c Th]
Dealt to b4342013 
Dealt to a3c1809a 
Hero: folds
b4342013: folds
a3c1809a: raises 5,474 to 5,974 and is all-in
6b94c798: folds
8053bc4: folds
5024fbc9: folds
edb02935: folds
43c3c351: folds
Uncalled bet (5,474) returned to a3c1809a
*** SHOWDOWN ***
a3c1809a collected 1,850 from pot
*** SUMMARY ***
Total pot 1,850 | Rake 0 | Jackpot 0 | Bingo 0 | Fortune 0 | Tax 0
Seat 1: 6b94c798 folded before Flop
Seat 2: 8053bc4 folded before Flop
Seat 3: 5024fbc9 (button) folded before Flop
Seat 4: edb02935 (small blind) folded before Flop
Seat 5: 43c3c351 (big blind) folded before Flop
Seat 6: Hero folded before Flop
Seat 7: b4342013 folded before Flop
Seat 8: a3c1809a collected (1,850)


Poker Hand #TM5633508556: Tournament #266084623, Bounty Hunters Special $8.88 Hold'em No Limit - Level10(250/500(75)) - 2026/02/26 10:02:07
Table '50' 8-max Seat #2 is the button
Seat 1: 6b94c798 (64,660 in chips)
Seat 2: 8053bc4 (18,940 in chips)
Seat 3: 5024fbc9 (8,243 in chips)
Seat 4: edb02935 (17,672 in chips)
Seat 5: 43c3c351 (10,389 in chips)
Seat 6: Hero (25,104 in chips)
Seat 7: b4342013 (10,764 in chips)
Seat 8: a3c1809a (6,124 in chips)
a3c1809a: posts the ante 75
Hero: posts the ante 75
8053bc4: posts the ante 75
edb02935: posts the ante 75
b4342013: posts the ante 75
6b94c798: posts the ante 75
5024fbc9: posts the ante 75
43c3c351: posts the ante 75
5024fbc9: posts small blind 250
edb02935: posts big blind 500
*** HOLE CARDS ***
Dealt to 6b94c798 
Dealt to 8053bc4 
Dealt to 5024fbc9 
Dealt to edb02935 
Dealt to 43c3c351 
Dealt to Hero [7h 5s]
Dealt to b4342013 
Dealt to a3c1809a 
43c3c351: folds
Hero: folds
b4342013: folds
a3c1809a: folds
6b94c798: raises 1,850 to 2,350
8053bc4: folds
5024fbc9: folds
edb02935: folds
Uncalled bet (1,850) returned to 6b94c798
*** SHOWDOWN ***
6b94c798 collected 1,850 from pot
*** SUMMARY ***
Total pot 1,850 | Rake 0 | Jackpot 0 | Bingo 0 | Fortune 0 | Tax 0
Seat 1: 6b94c798 collected (1,850)
Seat 2: 8053bc4 (button) folded before Flop
Seat 3: 5024fbc9 (small blind) folded before Flop
Seat 4: edb02935 (big blind) folded before Flop
Seat 5: 43c3c351 folded before Flop
Seat 6: Hero folded before Flop
Seat 7: b4342013 folded before Flop
Seat 8: a3c1809a folded before Flop


Poker Hand #TM5633508539: Tournament #266084623, Bounty Hunters Special $8.88 Hold'em No Limit - Level10(250/500(75)) - 2026/02/26 09:54:39
Table '50' 8-max Seat #1 is the button
Seat 1: 6b94c798 (64,735 in chips)
Seat 2: 8053bc4 (9,245 in chips)
Seat 3: 5024fbc9 (17,488 in chips)
Seat 4: edb02935 (17,747 in chips)
Seat 5: 43c3c351 (10,464 in chips)
Seat 6: Hero (25,179 in chips)
Seat 7: b4342013 (10,839 in chips)
Seat 8: a3c1809a (6,199 in chips)
a3c1809a: posts the ante 75
Hero: posts the ante 75
8053bc4: posts the ante 75
edb02935: posts the ante 75
b4342013: posts the ante 75
6b94c798: posts the ante 75
5024fbc9: posts the ante 75
43c3c351: posts the ante 75
8053bc4: posts small blind 250
5024fbc9: posts big blind 500
*** HOLE CARDS ***
Dealt to 6b94c798 
Dealt to 8053bc4 
Dealt to 5024fbc9 
Dealt to edb02935 
Dealt to 43c3c351 
Dealt to Hero [Jd 8h]
Dealt to b4342013 
Dealt to a3c1809a 
edb02935: folds
43c3c351: folds
Hero: folds
b4342013: folds
a3c1809a: folds
6b94c798: folds
8053bc4: calls 250
5024fbc9: raises 16,913 to 17,413 and is all-in
8053bc4: calls 8,670 and is all-in
Uncalled bet (8,243) returned to 5024fbc9
5024fbc9: shows [Ad Td]
8053bc4: shows [Qd Js]
*** FLOP *** [9h Ts Kh]
*** TURN *** [9h Ts Kh] [5c]
*** RIVER *** [9h Ts Kh 5c] [9d]
*** SHOWDOWN ***
8053bc4 collected 18,940 from pot
*** SUMMARY ***
Total pot 18,940 | Rake 0 | Jackpot 0 | Bingo 0 | Fortune 0 | Tax 0
Board [9h Ts Kh 5c 9d]
Seat 1: 6b94c798 (button) folded before Flop
Seat 2: 8053bc4 (small blind) showed [Qd Js] and won (18,940) with a straight, King to Nine
Seat 3: 5024fbc9 (big blind) showed [Ad Td] and lost with two pair, Tens and Nines
Seat 4: edb02935 folded before Flop
Seat 5: 43c3c351 folded before Flop
Seat 6: Hero folded before Flop
Seat 7: b4342013 folded before Flop
Seat 8: a3c1809a folded before Flop


Poker Hand #TM5633508524: Tournament #266084623, Bounty Hunters Special $8.88 Hold'em No Limit - Level10(250/500(75)) - 2026/02/26 09:53:28
Table '50' 8-max Seat #8 is the button
Seat 1: 6b94c798 (65,060 in chips)
Seat 2: 8053bc4 (9,820 in chips)
Seat 3: 5024fbc9 (17,563 in chips)
Seat 4: edb02935 (17,822 in chips)
Seat 5: 43c3c351 (14,177 in chips)
Seat 6: Hero (20,266 in chips)
Seat 7: b4342013 (10,914 in chips)
Seat 8: a3c1809a (6,274 in chips)
a3c1809a: posts the ante 75
Hero: posts the ante 75
8053bc4: posts the ante 75
edb02935: posts the ante 75
b4342013: posts the ante 75
6b94c798: posts the ante 75
5024fbc9: posts the ante 75
43c3c351: posts the ante 75
6b94c798: posts small blind 250
8053bc4: posts big blind 500
*** HOLE CARDS ***
Dealt to 6b94c798 
Dealt to 8053bc4 
Dealt to 5024fbc9 
Dealt to edb02935 
Dealt to 43c3c351 
Dealt to Hero [Jc Jh]
Dealt to b4342013 
Dealt to a3c1809a 
5024fbc9: folds
edb02935: folds
43c3c351: raises 550 to 1,050
Hero: raises 2,588 to 3,638
b4342013: folds
a3c1809a: folds
6b94c798: folds
8053bc4: folds
43c3c351: calls 2,588
*** FLOP *** [4c 9h 5c]
43c3c351: checks
Hero: bets 2,847
43c3c351: folds
Uncalled bet (2,847) returned to Hero
*** SHOWDOWN ***
Hero collected 8,626 from pot
*** SUMMARY ***
Total pot 8,626 | Rake 0 | Jackpot 0 | Bingo 0 | Fortune 0 | Tax 0
Board [4c 9h 5c]
Seat 1: 6b94c798 (small blind) folded before Flop
Seat 2: 8053bc4 (big blind) folded before Flop
Seat 3: 5024fbc9 folded before Flop
Seat 4: edb02935 folded before Flop
Seat 5: 43c3c351 folded on the Flop
Seat 6: Hero won (8,626)
Seat 7: b4342013 folded before Flop
Seat 8: a3c1809a (button) folded before Flop


Poker Hand #TM5633508489: Tournament #266084623, Bounty Hunters Special $8.88 Hold'em No Limit - Level9(200/400(60)) - 2026/02/26 09:51:27
Table '50' 8-max Seat #7 is the button
Seat 1: 6b94c798 (65,920 in chips)
Seat 2: 8053bc4 (9,880 in chips)
Seat 3: 5024fbc9 (17,623 in chips)
Seat 4: edb02935 (17,882 in chips)
Seat 5: 43c3c351 (14,237 in chips)
Seat 6: Hero (20,326 in chips)
Seat 7: b4342013 (7,454 in chips)
Seat 8: a3c1809a (8,574 in chips)
a3c1809a: posts the ante 60
Hero: posts the ante 60
8053bc4: posts the ante 60
edb02935: posts the ante 60
b4342013: posts the ante 60
6b94c798: posts the ante 60
5024fbc9: posts the ante 60
43c3c351: posts the ante 60
a3c1809a: posts small blind 200
6b94c798: posts big blind 400
*** HOLE CARDS ***
Dealt to 6b94c798 
Dealt to 8053bc4 
Dealt to 5024fbc9 
Dealt to edb02935 
Dealt to 43c3c351 
Dealt to Hero [7s 2s]
Dealt to b4342013 
Dealt to a3c1809a 
8053bc4: folds
5024fbc9: folds
edb02935: folds
43c3c351: folds
Hero: folds
b4342013: raises 400 to 800
a3c1809a: calls 600
6b94c798: calls 400
*** FLOP *** [4s Jh Kd]
a3c1809a: checks
6b94c798: checks
b4342013: bets 1,440
a3c1809a: calls 1,440
6b94c798: folds
*** TURN *** [4s Jh Kd] [9h]
a3c1809a: checks
b4342013: bets 5,154 and is all-in
a3c1809a: folds
Uncalled bet (5,154) returned to b4342013
*** SHOWDOWN ***
b4342013 collected 5,760 from pot
*** SUMMARY ***
Total pot 5,760 | Rake 0 | Jackpot 0 | Bingo 0 | Fortune 0 | Tax 0
Board [4s Jh Kd 9h]
Seat 1: 6b94c798 (big blind) folded on the Flop
Seat 2: 8053bc4 folded before Flop
Seat 3: 5024fbc9 folded before Flop
Seat 4: edb02935 folded before Flop
Seat 5: 43c3c351 folded before Flop
Seat 6: Hero folded before Flop
Seat 7: b4342013 (button) won (5,760)
Seat 8: a3c1809a (small blind) folded on the Turn


Poker Hand #TM5633508476: Tournament #266084623, Bounty Hunters Special $8.88 Hold'em No Limit - Level9(200/400(60)) - 2026/02/26 09:50:43
Table '50' 8-max Seat #6 is the button
Seat 1: 6b94c798 (64,900 in chips)
Seat 2: 8053bc4 (9,940 in chips)
Seat 3: 5024fbc9 (17,683 in chips)
Seat 4: edb02935 (17,942 in chips)
Seat 5: 43c3c351 (14,297 in chips)
Seat 6: Hero (20,386 in chips)
Seat 7: b4342013 (7,714 in chips)
Seat 8: a3c1809a (9,034 in chips)
a3c1809a: posts the ante 60
Hero: posts the ante 60
8053bc4: posts the ante 60
edb02935: posts the ante 60
b4342013: posts the ante 60
6b94c798: posts the ante 60
5024fbc9: posts the ante 60
43c3c351: posts the ante 60
b4342013: posts small blind 200
a3c1809a: posts big blind 400
*** HOLE CARDS ***
Dealt to 6b94c798 
Dealt to 8053bc4 
Dealt to 5024fbc9 
Dealt to edb02935 
Dealt to 43c3c351 
Dealt to Hero [2h 6h]
Dealt to b4342013 
Dealt to a3c1809a 
6b94c798: raises 1,480 to 1,880
8053bc4: folds
5024fbc9: folds
edb02935: folds
43c3c351: folds
Hero: folds
b4342013: folds
a3c1809a: folds
Uncalled bet (1,480) returned to 6b94c798
*** SHOWDOWN ***
6b94c798 collected 1,480 from pot
*** SUMMARY ***
Total pot 1,480 | Rake 0 | Jackpot 0 | Bingo 0 | Fortune 0 | Tax 0
Seat 1: 6b94c798 collected (1,480)
Seat 2: 8053bc4 folded before Flop
Seat 3: 5024fbc9 folded before Flop
Seat 4: edb02935 folded before Flop
Seat 5: 43c3c351 folded before Flop
Seat 6: Hero (button) folded before Flop
Seat 7: b4342013 (small blind) folded before Flop
Seat 8: a3c1809a (big blind) folded before Flop


Poker Hand #TM5633508456: Tournament #266084623, Bounty Hunters Special $8.88 Hold'em No Limit - Level9(200/400(60)) - 2026/02/26 09:49:43
Table '50' 8-max Seat #5 is the button
Seat 1: 6b94c798 (67,107 in chips)
Seat 2: 8053bc4 (10,000 in chips)
Seat 3: 5024fbc9 (17,743 in chips)
Seat 4: edb02935 (18,002 in chips)
Seat 5: 43c3c351 (14,357 in chips)
Seat 6: Hero (16,619 in chips)
Seat 7: b4342013 (8,974 in chips)
Seat 8: a3c1809a (9,094 in chips)
a3c1809a: posts the ante 60
Hero: posts the ante 60
8053bc4: posts the ante 60
edb02935: posts the ante 60
b4342013: posts the ante 60
6b94c798: posts the ante 60
5024fbc9: posts the ante 60
43c3c351: posts the ante 60
Hero: posts small blind 200
b4342013: posts big blind 400
*** HOLE CARDS ***
Dealt to 6b94c798 
Dealt to 8053bc4 
Dealt to 5024fbc9 
Dealt to edb02935 
Dealt to 43c3c351 
Dealt to Hero [Js Ts]
Dealt to b4342013 
Dealt to a3c1809a 
a3c1809a: folds
6b94c798: calls 400
8053bc4: folds
5024fbc9: folds
edb02935: folds
43c3c351: folds
Hero: raises 800 to 1,200
b4342013: calls 800
6b94c798: calls 800
*** FLOP *** [Qs 6d Kd]
Hero: bets 947
b4342013: folds
6b94c798: calls 947
*** TURN *** [Qs 6d Kd] [2c]
Hero: bets 3,387
6b94c798: folds
Uncalled bet (3,387) returned to Hero
*** SHOWDOWN ***
Hero collected 5,974 from pot
*** SUMMARY ***
Total pot 5,974 | Rake 0 | Jackpot 0 | Bingo 0 | Fortune 0 | Tax 0
Board [Qs 6d Kd 2c]
Seat 1: 6b94c798 folded on the Turn
Seat 2: 8053bc4 folded before Flop
Seat 3: 5024fbc9 folded before Flop
Seat 4: edb02935 folded before Flop
Seat 5: 43c3c351 (button) folded before Flop
Seat 6: Hero (small blind) won (5,974)
Seat 7: b4342013 (big blind) folded on the Flop
Seat 8: a3c1809a folded before Flop


Poker Hand #TM5633508436: Tournament #266084623, Bounty Hunters Special $8.88 Hold'em No Limit - Level9(200/400(60)) - 2026/02/26 09:48:38
Table '50' 8-max Seat #4 is the button
Seat 1: 6b94c798 (39,301 in chips)
Seat 2: 5ad8f210 (15,127 in chips)
Seat 3: 5024fbc9 (17,803 in chips)
Seat 4: edb02935 (18,062 in chips)
Seat 5: 43c3c351 (14,617 in chips)
Seat 6: Hero (17,079 in chips)
Seat 7: b4342013 (9,034 in chips)
Seat 8: f0cd0ad0 (11,779 in chips)
5ad8f210: posts the ante 60
Hero: posts the ante 60
f0cd0ad0: posts the ante 60
edb02935: posts the ante 60
b4342013: posts the ante 60
6b94c798: posts the ante 60
5024fbc9: posts the ante 60
43c3c351: posts the ante 60
43c3c351: posts small blind 200
Hero: posts big blind 400
*** HOLE CARDS ***
Dealt to 6b94c798 
Dealt to 5ad8f210 
Dealt to 5024fbc9 
Dealt to edb02935 
Dealt to 43c3c351 
Dealt to Hero [6d 8s]
Dealt to b4342013 
Dealt to f0cd0ad0 
b4342013: folds
f0cd0ad0: raises 1,000 to 1,400
6b94c798: raises 1,940 to 3,340
5ad8f210: raises 11,727 to 15,067 and is all-in
5024fbc9: folds
edb02935: folds
43c3c351: folds
Hero: folds
f0cd0ad0: calls 10,319 and is all-in
6b94c798: calls 11,727
5ad8f210: shows [Ac Kh]
f0cd0ad0: shows [As Qd]
6b94c798: shows [Ks Kd]
*** FLOP *** [3c Td 6h]
*** TURN *** [3c Td 6h] [Js]
*** RIVER *** [3c Td 6h Js] [4h]
*** SHOWDOWN ***
6b94c798 collected 36,237 from pot
6b94c798 collected 6,696 from pot
*** SUMMARY ***
Total pot 42,933 | Rake 0 | Jackpot 0 | Bingo 0 | Fortune 0 | Tax 0
Board [3c Td 6h Js 4h]
Seat 1: 6b94c798 showed [Ks Kd] and won (42,933) with a pair of Kings
Seat 2: 5ad8f210 showed [Ac Kh] and lost with Ace high
Seat 3: 5024fbc9 folded before Flop
Seat 4: edb02935 (button) folded before Flop
Seat 5: 43c3c351 (small blind) folded before Flop
Seat 6: Hero (big blind) folded before Flop
Seat 7: b4342013 folded before Flop
Seat 8: f0cd0ad0 showed [As Qd] and lost with Ace high


Poker Hand #TM5633508426: Tournament #266084623, Bounty Hunters Special $8.88 Hold'em No Limit - Level9(200/400(60)) - 2026/02/26 09:47:51
Table '50' 8-max Seat #3 is the button
Seat 1: 6b94c798 (39,761 in chips)
Seat 2: 5ad8f210 (17,587 in chips)
Seat 3: 5024fbc9 (17,863 in chips)
Seat 4: edb02935 (14,442 in chips)
Seat 5: 43c3c351 (15,077 in chips)
Seat 6: Hero (17,139 in chips)
Seat 7: b4342013 (9,094 in chips)
Seat 8: f0cd0ad0 (11,839 in chips)
5ad8f210: posts the ante 60
Hero: posts the ante 60
f0cd0ad0: posts the ante 60
edb02935: posts the ante 60
b4342013: posts the ante 60
6b94c798: posts the ante 60
5024fbc9: posts the ante 60
43c3c351: posts the ante 60
edb02935: posts small blind 200
43c3c351: posts big blind 400
*** HOLE CARDS ***
Dealt to 6b94c798 
Dealt to 5ad8f210 
Dealt to 5024fbc9 
Dealt to edb02935 
Dealt to 43c3c351 
Dealt to Hero [7c 8s]
Dealt to b4342013 
Dealt to f0cd0ad0 
Hero: folds
b4342013: folds
f0cd0ad0: folds
6b94c798: calls 400
5ad8f210: raises 800 to 1,200
5024fbc9: folds
edb02935: raises 1,200 to 2,400
43c3c351: folds
6b94c798: folds
5ad8f210: calls 1,200
*** FLOP *** [4c 9c 5d]
edb02935: bets 2,224
5ad8f210: folds
Uncalled bet (2,224) returned to edb02935
*** SHOWDOWN ***
edb02935 collected 6,080 from pot
*** SUMMARY ***
Total pot 6,080 | Rake 0 | Jackpot 0 | Bingo 0 | Fortune 0 | Tax 0
Board [4c 9c 5d]
Seat 1: 6b94c798 folded before Flop
Seat 2: 5ad8f210 folded on the Flop
Seat 3: 5024fbc9 (button) folded before Flop
Seat 4: edb02935 (small blind) won (6,080)
Seat 5: 43c3c351 (big blind) folded before Flop
Seat 6: Hero folded before Flop
Seat 7: b4342013 folded before Flop
Seat 8: f0cd0ad0 folded before Flop


Poker Hand #TM5633508408: Tournament #266084623, Bounty Hunters Special $8.88 Hold'em No Limit - Level9(200/400(60)) - 2026/02/26 09:46:19
Table '50' 8-max Seat #2 is the button
Seat 1: 6b94c798 (40,621 in chips)
Seat 2: 5ad8f210 (19,328 in chips)
Seat 3: 5024fbc9 (18,123 in chips)
Seat 4: edb02935 (18,540 in chips)
Seat 5: 43c3c351 (15,137 in chips)
Seat 6: Hero (10,000 in chips)
Seat 7: b4342013 (9,154 in chips)
Seat 8: f0cd0ad0 (11,899 in chips)
5ad8f210: posts the ante 60
Hero: posts the ante 60
f0cd0ad0: posts the ante 60
edb02935: posts the ante 60
b4342013: posts the ante 60
6b94c798: posts the ante 60
5024fbc9: posts the ante 60
43c3c351: posts the ante 60
5024fbc9: posts small blind 200
edb02935: posts big blind 400
*** HOLE CARDS ***
Dealt to 6b94c798 
Dealt to 5ad8f210 
Dealt to 5024fbc9 
Dealt to edb02935 
Dealt to 43c3c351 
Dealt to Hero [2d 2c]
Dealt to b4342013 
Dealt to f0cd0ad0 
43c3c351: folds
Hero: raises 400 to 800
b4342013: folds
f0cd0ad0: folds
6b94c798: calls 800
5ad8f210: calls 800
5024fbc9: folds
edb02935: calls 400
*** FLOP *** [Qd Kd Qc]
edb02935: checks
Hero: bets 881
6b94c798: folds
5ad8f210: calls 881
edb02935: calls 881
*** TURN *** [Qd Kd Qc] [7s]
edb02935: checks
Hero: checks
5ad8f210: checks
*** RIVER *** [Qd Kd Qc 7s] [2h]
edb02935: bets 2,357
Hero: raises 5,902 to 8,259 and is all-in
5ad8f210: folds
edb02935: folds
Uncalled bet (5,902) returned to Hero
*** SHOWDOWN ***
Hero collected 11,237 from pot
*** SUMMARY ***
Total pot 11,237 | Rake 0 | Jackpot 0 | Bingo 0 | Fortune 0 | Tax 0
Board [Qd Kd Qc 7s 2h]
Seat 1: 6b94c798 folded on the Flop
Seat 2: 5ad8f210 (button) folded on the River
Seat 3: 5024fbc9 (small blind) folded before Flop
Seat 4: edb02935 (big blind) folded on the River
Seat 5: 43c3c351 folded before Flop
Seat 6: Hero won (11,237)
Seat 7: b4342013 folded before Flop
Seat 8: f0cd0ad0 folded before Flop


