Poker Hand #TM5635700930: Tournament #266179099, Bounty Hunters Special $8.88 Hold'em No Limit - Level12(350/700(100)) - 2026/02/26 23:12:05
Table '4' 8-max Seat #6 is the button
Seat 1: be726432 (32,969 in chips)
Seat 2: 5baac73f (30,296 in chips)
Seat 3: 3aa5bac0 (65,927 in chips)
Seat 4: Hero (8,020 in chips)
Seat 5: d3a43b26 (21,883 in chips)
Seat 6: 24b7235d (34,827 in chips)
Seat 7: e8c7fa5 (13,810 in chips)
Seat 8: ccd2e3ee (20,502 in chips)
5baac73f: posts the ante 100
e8c7fa5: posts the ante 100
3aa5bac0: posts the ante 100
be726432: posts the ante 100
Hero: posts the ante 100
24b7235d: posts the ante 100
ccd2e3ee: posts the ante 100
d3a43b26: posts the ante 100
e8c7fa5: posts small blind 350
ccd2e3ee: posts big blind 700
*** HOLE CARDS ***
Dealt to be726432 
Dealt to 5baac73f 
Dealt to 3aa5bac0 
Dealt to Hero [As 9s]
Dealt to d3a43b26 
Dealt to 24b7235d 
Dealt to e8c7fa5 
Dealt to ccd2e3ee 
be726432: folds
5baac73f: folds
3aa5bac0: folds
Hero: raises 7,220 to 7,920 and is all-in
d3a43b26: raises 13,863 to 21,783 and is all-in
24b7235d: folds
e8c7fa5: folds
ccd2e3ee: folds
Uncalled bet (13,863) returned to d3a43b26
d3a43b26: shows [6s 6c]
Hero: shows [As 9s]
*** FLOP *** [8s Js 6d]
*** TURN *** [8s Js 6d] [9d]
*** RIVER *** [8s Js 6d 9d] [Jh]
*** SHOWDOWN ***
d3a43b26 collected 17,690 from pot
*** SUMMARY ***
Total pot 17,690 | Rake 0 | Jackpot 0 | Bingo 0 | Fortune 0 | Tax 0
Board [8s Js 6d 9d Jh]
Seat 1: be726432 folded before Flop
Seat 2: 5baac73f folded before Flop
Seat 3: 3aa5bac0 folded before Flop
Seat 4: Hero showed [As 9s] and lost with two pair, Jacks and Nines
Seat 5: d3a43b26 showed [6s 6c] and won (17,690) with a full house, Sixes full of Jacks
Seat 6: 24b7235d (button) folded before Flop
Seat 7: e8c7fa5 (small blind) folded before Flop
Seat 8: ccd2e3ee (big blind) folded before Flop


Poker Hand #TM5635700918: Tournament #266179099, Bounty Hunters Special $8.88 Hold'em No Limit - Level12(350/700(100)) - 2026/02/26 23:11:40
Table '4' 8-max Seat #5 is the button
Seat 1: be726432 (33,069 in chips)
Seat 2: 5baac73f (30,396 in chips)
Seat 3: 3aa5bac0 (66,027 in chips)
Seat 4: Hero (8,120 in chips)
Seat 5: d3a43b26 (21,983 in chips)
Seat 6: 24b7235d (35,277 in chips)
Seat 7: e8c7fa5 (12,760 in chips)
Seat 8: ccd2e3ee (20,602 in chips)
5baac73f: posts the ante 100
e8c7fa5: posts the ante 100
3aa5bac0: posts the ante 100
be726432: posts the ante 100
Hero: posts the ante 100
24b7235d: posts the ante 100
ccd2e3ee: posts the ante 100
d3a43b26: posts the ante 100
24b7235d: posts small blind 350
e8c7fa5: posts big blind 700
*** HOLE CARDS ***
Dealt to be726432 
Dealt to 5baac73f 
Dealt to 3aa5bac0 
Dealt to Hero [6c 2d]
Dealt to d3a43b26 
Dealt to 24b7235d 
Dealt to e8c7fa5 
Dealt to ccd2e3ee 
ccd2e3ee: folds
be726432: folds
5baac73f: folds
3aa5bac0: folds
Hero: folds
d3a43b26: folds
24b7235d: folds
Uncalled bet (350) returned to e8c7fa5
*** SHOWDOWN ***
e8c7fa5 collected 1,500 from pot
*** SUMMARY ***
Total pot 1,500 | Rake 0 | Jackpot 0 | Bingo 0 | Fortune 0 | Tax 0
Seat 1: be726432 folded before Flop
Seat 2: 5baac73f folded before Flop
Seat 3: 3aa5bac0 folded before Flop
Seat 4: Hero folded before Flop
Seat 5: d3a43b26 (button) folded before Flop
Seat 6: 24b7235d (small blind) folded before Flop
Seat 7: e8c7fa5 (big blind) collected (1,500)
Seat 8: ccd2e3ee folded before Flop


Poker Hand #TM5635700886: Tournament #266179099, Bounty Hunters Special $8.88 Hold'em No Limit - Level11(300/600(90)) - 2026/02/26 23:10:33
Table '4' 8-max Seat #4 is the button
Seat 1: be726432 (33,159 in chips)
Seat 2: 5baac73f (30,486 in chips)
Seat 3: 3aa5bac0 (66,117 in chips)
Seat 4: Hero (8,210 in chips)
Seat 5: d3a43b26 (24,173 in chips)
Seat 6: 24b7235d (32,547 in chips)
Seat 7: e8c7fa5 (12,850 in chips)
Seat 8: ccd2e3ee (20,692 in chips)
5baac73f: posts the ante 90
e8c7fa5: posts the ante 90
3aa5bac0: posts the ante 90
be726432: posts the ante 90
Hero: posts the ante 90
24b7235d: posts the ante 90
ccd2e3ee: posts the ante 90
d3a43b26: posts the ante 90
d3a43b26: posts small blind 300
24b7235d: posts big blind 600
*** HOLE CARDS ***
Dealt to be726432 
Dealt to 5baac73f 
Dealt to 3aa5bac0 
Dealt to Hero [Kh 8d]
Dealt to d3a43b26 
Dealt to 24b7235d 
Dealt to e8c7fa5 
Dealt to ccd2e3ee 
e8c7fa5: folds
ccd2e3ee: folds
be726432: folds
5baac73f: folds
3aa5bac0: folds
Hero: folds
d3a43b26: raises 1,500 to 2,100
24b7235d: raises 3,690 to 5,790
d3a43b26: folds
Uncalled bet (3,690) returned to 24b7235d
*** SHOWDOWN ***
24b7235d collected 4,920 from pot
*** SUMMARY ***
Total pot 4,920 | Rake 0 | Jackpot 0 | Bingo 0 | Fortune 0 | Tax 0
Seat 1: be726432 folded before Flop
Seat 2: 5baac73f folded before Flop
Seat 3: 3aa5bac0 folded before Flop
Seat 4: Hero (button) folded before Flop
Seat 5: d3a43b26 (small blind) folded before Flop
Seat 6: 24b7235d (big blind) collected (4,920)
Seat 7: e8c7fa5 folded before Flop
Seat 8: ccd2e3ee folded before Flop


Poker Hand #TM5635700866: Tournament #266179099, Bounty Hunters Special $8.88 Hold'em No Limit - Level11(300/600(90)) - 2026/02/26 23:09:53
Table '4' 8-max Seat #3 is the button
Seat 1: be726432 (33,249 in chips)
Seat 2: 5baac73f (30,576 in chips)
Seat 3: 3aa5bac0 (66,207 in chips)
Seat 4: Hero (9,500 in chips)
Seat 5: d3a43b26 (25,463 in chips)
Seat 6: 24b7235d (32,637 in chips)
Seat 7: e8c7fa5 (9,820 in chips)
Seat 8: ccd2e3ee (20,782 in chips)
5baac73f: posts the ante 90
e8c7fa5: posts the ante 90
3aa5bac0: posts the ante 90
be726432: posts the ante 90
Hero: posts the ante 90
24b7235d: posts the ante 90
ccd2e3ee: posts the ante 90
d3a43b26: posts the ante 90
Hero: posts small blind 300
d3a43b26: posts big blind 600
*** HOLE CARDS ***
Dealt to be726432 
Dealt to 5baac73f 
Dealt to 3aa5bac0 
Dealt to Hero [3c 3h]
Dealt to d3a43b26 
Dealt to 24b7235d 
Dealt to e8c7fa5 
Dealt to ccd2e3ee 
24b7235d: folds
e8c7fa5: raises 600 to 1,200
ccd2e3ee: folds
be726432: folds
5baac73f: folds
3aa5bac0: folds
Hero: calls 900
d3a43b26: calls 600
*** FLOP *** [4h 2h Qs]
Hero: checks
d3a43b26: checks
e8c7fa5: bets 2,160
Hero: folds
d3a43b26: folds
Uncalled bet (2,160) returned to e8c7fa5
*** SHOWDOWN ***
e8c7fa5 collected 4,320 from pot
*** SUMMARY ***
Total pot 4,320 | Rake 0 | Jackpot 0 | Bingo 0 | Fortune 0 | Tax 0
Board [4h 2h Qs]
Seat 1: be726432 folded before Flop
Seat 2: 5baac73f folded before Flop
Seat 3: 3aa5bac0 (button) folded before Flop
Seat 4: Hero (small blind) folded on the Flop
Seat 5: d3a43b26 (big blind) folded on the Flop
Seat 6: 24b7235d folded before Flop
Seat 7: e8c7fa5 won (4,320)
Seat 8: ccd2e3ee folded before Flop


Poker Hand #TM5635700850: Tournament #266179099, Bounty Hunters Special $8.88 Hold'em No Limit - Level11(300/600(90)) - 2026/02/26 23:09:28
Table '4' 8-max Seat #2 is the button
Seat 1: be726432 (33,339 in chips)
Seat 2: 5baac73f (30,666 in chips)
Seat 3: 3aa5bac0 (64,977 in chips)
Seat 4: Hero (10,190 in chips)
Seat 5: d3a43b26 (25,553 in chips)
Seat 6: 24b7235d (32,727 in chips)
Seat 7: e8c7fa5 (9,910 in chips)
Seat 8: ccd2e3ee (20,872 in chips)
5baac73f: posts the ante 90
e8c7fa5: posts the ante 90
be726432: posts the ante 90
3aa5bac0: posts the ante 90
Hero: posts the ante 90
24b7235d: posts the ante 90
ccd2e3ee: posts the ante 90
d3a43b26: posts the ante 90
3aa5bac0: posts small blind 300
Hero: posts big blind 600
*** HOLE CARDS ***
Dealt to be726432 
Dealt to 5baac73f 
Dealt to 3aa5bac0 
Dealt to Hero [Jh 2c]
Dealt to d3a43b26 
Dealt to 24b7235d 
Dealt to e8c7fa5 
Dealt to ccd2e3ee 
d3a43b26: folds
24b7235d: folds
e8c7fa5: folds
ccd2e3ee: folds
be726432: folds
5baac73f: folds
3aa5bac0: raises 64,200 to 64,800
Hero: folds
Uncalled bet (64,200) returned to 3aa5bac0
*** SHOWDOWN ***
3aa5bac0 collected 1,920 from pot
*** SUMMARY ***
Total pot 1,920 | Rake 0 | Jackpot 0 | Bingo 0 | Fortune 0 | Tax 0
Seat 1: be726432 folded before Flop
Seat 2: 5baac73f (button) folded before Flop
Seat 3: 3aa5bac0 (small blind) showed [4c 8d] and collected (1,920)
Seat 4: Hero (big blind) folded before Flop
Seat 5: d3a43b26 folded before Flop
Seat 6: 24b7235d folded before Flop
Seat 7: e8c7fa5 folded before Flop
Seat 8: ccd2e3ee folded before Flop


Poker Hand #TM5635700819: Tournament #266179099, Bounty Hunters Special $8.88 Hold'em No Limit - Level11(300/600(90)) - 2026/02/26 23:08:30
Table '4' 8-max Seat #1 is the button
Seat 1: be726432 (36,154 in chips)
Seat 2: 5baac73f (31,056 in chips)
Seat 3: 3aa5bac0 (66,267 in chips)
Seat 4: Hero (10,280 in chips)
Seat 5: d3a43b26 (20,698 in chips)
Seat 6: 24b7235d (32,817 in chips)
Seat 7: e8c7fa5 (10,000 in chips)
Seat 8: ccd2e3ee (20,962 in chips)
e8c7fa5: posts the ante 90
5baac73f: posts the ante 90
be726432: posts the ante 90
3aa5bac0: posts the ante 90
Hero: posts the ante 90
24b7235d: posts the ante 90
ccd2e3ee: posts the ante 90
d3a43b26: posts the ante 90
5baac73f: posts small blind 300
3aa5bac0: posts big blind 600
*** HOLE CARDS ***
Dealt to be726432 
Dealt to 5baac73f 
Dealt to 3aa5bac0 
Dealt to Hero [5h 8s]
Dealt to d3a43b26 
Dealt to 24b7235d 
Dealt to e8c7fa5 
Dealt to ccd2e3ee 
Hero: folds
d3a43b26: raises 600 to 1,200
24b7235d: folds
e8c7fa5: folds
ccd2e3ee: folds
be726432: calls 1,200
5baac73f: folds
3aa5bac0: calls 600
*** FLOP *** [6d Qs 9c]
3aa5bac0: checks
d3a43b26: bets 1,525
be726432: calls 1,525
3aa5bac0: folds
*** TURN *** [6d Qs 9c] [Qd]
d3a43b26: bets 3,900
be726432: folds
Uncalled bet (3,900) returned to d3a43b26
*** SHOWDOWN ***
d3a43b26 collected 7,670 from pot
*** SUMMARY ***
Total pot 7,670 | Rake 0 | Jackpot 0 | Bingo 0 | Fortune 0 | Tax 0
Board [6d Qs 9c Qd]
Seat 1: be726432 (button) folded on the Turn
Seat 2: 5baac73f (small blind) folded before Flop
Seat 3: 3aa5bac0 (big blind) folded on the Flop
Seat 4: Hero folded before Flop
Seat 5: d3a43b26 won (7,670)
Seat 6: 24b7235d folded before Flop
Seat 7: e8c7fa5 folded before Flop
Seat 8: ccd2e3ee folded before Flop


Poker Hand #TM5635700805: Tournament #266179099, Bounty Hunters Special $8.88 Hold'em No Limit - Level11(300/600(90)) - 2026/02/26 23:08:03
Table '4' 8-max Seat #8 is the button
Seat 1: be726432 (36,544 in chips)
Seat 2: 5baac73f (30,216 in chips)
Seat 3: 3aa5bac0 (66,357 in chips)
Seat 4: Hero (10,370 in chips)
Seat 5: d3a43b26 (20,788 in chips)
Seat 6: 24b7235d (32,907 in chips)
Seat 8: ccd2e3ee (21,052 in chips)
5baac73f: posts the ante 90
3aa5bac0: posts the ante 90
be726432: posts the ante 90
Hero: posts the ante 90
24b7235d: posts the ante 90
ccd2e3ee: posts the ante 90
d3a43b26: posts the ante 90
be726432: posts small blind 300
5baac73f: posts big blind 600
*** HOLE CARDS ***
Dealt to be726432 
Dealt to 5baac73f 
Dealt to 3aa5bac0 
Dealt to Hero [5d 6c]
Dealt to d3a43b26 
Dealt to 24b7235d 
Dealt to ccd2e3ee 
3aa5bac0: folds
Hero: folds
d3a43b26: folds
24b7235d: folds
ccd2e3ee: folds
be726432: folds
Uncalled bet (300) returned to 5baac73f
*** SHOWDOWN ***
5baac73f collected 1,230 from pot
*** SUMMARY ***
Total pot 1,230 | Rake 0 | Jackpot 0 | Bingo 0 | Fortune 0 | Tax 0
Seat 1: be726432 (small blind) folded before Flop
Seat 2: 5baac73f (big blind) collected (1,230)
Seat 3: 3aa5bac0 folded before Flop
Seat 4: Hero folded before Flop
Seat 5: d3a43b26 folded before Flop
Seat 6: 24b7235d folded before Flop
Seat 8: ccd2e3ee (button) folded before Flop


Poker Hand #TM5635700772: Tournament #266179099, Bounty Hunters Special $8.88 Hold'em No Limit - Level11(300/600(90)) - 2026/02/26 23:06:39
Table '4' 8-max Seat #7 is the button
Seat 1: be726432 (16,904 in chips)
Seat 2: 5baac73f (30,306 in chips)
Seat 3: 3aa5bac0 (70,902 in chips)
Seat 4: Hero (10,460 in chips)
Seat 5: d3a43b26 (20,878 in chips)
Seat 6: 24b7235d (32,997 in chips)
Seat 7: b8ddca1c (14,345 in chips)
Seat 8: ccd2e3ee (21,442 in chips)
5baac73f: posts the ante 90
3aa5bac0: posts the ante 90
be726432: posts the ante 90
Hero: posts the ante 90
b8ddca1c: posts the ante 90
24b7235d: posts the ante 90
ccd2e3ee: posts the ante 90
d3a43b26: posts the ante 90
ccd2e3ee: posts small blind 300
be726432: posts big blind 600
*** HOLE CARDS ***
Dealt to be726432 
Dealt to 5baac73f 
Dealt to 3aa5bac0 
Dealt to Hero [9d Jh]
Dealt to d3a43b26 
Dealt to 24b7235d 
Dealt to b8ddca1c 
Dealt to ccd2e3ee 
5baac73f: folds
3aa5bac0: calls 600
Hero: folds
d3a43b26: folds
24b7235d: folds
b8ddca1c: calls 600
ccd2e3ee: folds
be726432: raises 1,800 to 2,400
3aa5bac0: calls 1,800
b8ddca1c: calls 1,800
*** FLOP *** [Kd 6d 3h]
be726432: bets 2,055
3aa5bac0: calls 2,055
b8ddca1c: raises 9,800 to 11,855 and is all-in
be726432: raises 2,559 to 14,414 and is all-in
3aa5bac0: folds
Uncalled bet (2,559) returned to be726432
be726432: shows [Kc Qs] (a pair of Kings)
b8ddca1c: shows [Ks Td] (a pair of Kings)
*** TURN *** [Kd 6d 3h] [7c]
*** RIVER *** [Kd 6d 3h 7c] [Qc]
*** SHOWDOWN ***
be726432 collected 33,985 from pot
*** SUMMARY ***
Total pot 33,985 | Rake 0 | Jackpot 0 | Bingo 0 | Fortune 0 | Tax 0
Board [Kd 6d 3h 7c Qc]
Seat 1: be726432 (big blind) showed [Kc Qs] and won (33,985) with two pair, Kings and Queens
Seat 2: 5baac73f folded before Flop
Seat 3: 3aa5bac0 folded on the Flop
Seat 4: Hero folded before Flop
Seat 5: d3a43b26 folded before Flop
Seat 6: 24b7235d folded before Flop
Seat 7: b8ddca1c (button) showed [Ks Td] and lost with a pair of Kings
Seat 8: ccd2e3ee (small blind) folded before Flop


Poker Hand #TM5635700752: Tournament #266179099, Bounty Hunters Special $8.88 Hold'em No Limit - Level11(300/600(90)) - 2026/02/26 23:05:43
Table '4' 8-max Seat #6 is the button
Seat 1: be726432 (16,994 in chips)
Seat 2: 5baac73f (33,220 in chips)
Seat 3: 3aa5bac0 (70,992 in chips)
Seat 4: Hero (10,550 in chips)
Seat 5: d3a43b26 (20,968 in chips)
Seat 6: 24b7235d (22,887 in chips)
Seat 7: b8ddca1c (20,491 in chips)
Seat 8: ccd2e3ee (22,132 in chips)
5baac73f: posts the ante 90
3aa5bac0: posts the ante 90
be726432: posts the ante 90
Hero: posts the ante 90
b8ddca1c: posts the ante 90
24b7235d: posts the ante 90
ccd2e3ee: posts the ante 90
d3a43b26: posts the ante 90
b8ddca1c: posts small blind 300
ccd2e3ee: posts big blind 600
*** HOLE CARDS ***
Dealt to be726432 
Dealt to 5baac73f 
Dealt to 3aa5bac0 
Dealt to Hero [Qc 9h]
Dealt to d3a43b26 
Dealt to 24b7235d 
Dealt to b8ddca1c 
Dealt to ccd2e3ee 
be726432: folds
5baac73f: raises 600 to 1,200
3aa5bac0: folds
Hero: folds
d3a43b26: folds
24b7235d: calls 1,200
b8ddca1c: calls 900
ccd2e3ee: folds
*** FLOP *** [9d Ac 2h]
b8ddca1c: checks
5baac73f: bets 1,624
24b7235d: calls 1,624
b8ddca1c: calls 1,624
*** TURN *** [9d Ac 2h] [9s]
b8ddca1c: checks
5baac73f: checks
24b7235d: checks
*** RIVER *** [9d Ac 2h 9s] [2d]
b8ddca1c: bets 3,232
5baac73f: folds
24b7235d: calls 3,232
b8ddca1c: shows [5c 3h] (two pair, Nines and Twos)
24b7235d: shows [7h Ah] (two pair, Aces and Nines)
*** SHOWDOWN ***
24b7235d collected 16,256 from pot
*** SUMMARY ***
Total pot 16,256 | Rake 0 | Jackpot 0 | Bingo 0 | Fortune 0 | Tax 0
Board [9d Ac 2h 9s 2d]
Seat 1: be726432 folded before Flop
Seat 2: 5baac73f folded on the River
Seat 3: 3aa5bac0 folded before Flop
Seat 4: Hero folded before Flop
Seat 5: d3a43b26 folded before Flop
Seat 6: 24b7235d (button) showed [7h Ah] and won (16,256) with two pair, Aces and Nines
Seat 7: b8ddca1c (small blind) showed [5c 3h] and lost with two pair, Nines and Twos
Seat 8: ccd2e3ee (big blind) folded before Flop


Poker Hand #TM5635700729: Tournament #266179099, Bounty Hunters Special $8.88 Hold'em No Limit - Level11(300/600(90)) - 2026/02/26 23:04:45
Table '4' 8-max Seat #5 is the button
Seat 1: be726432 (17,084 in chips)
Seat 2: 5baac73f (33,310 in chips)
Seat 3: 3aa5bac0 (71,082 in chips)
Seat 4: Hero (10,640 in chips)
Seat 5: d3a43b26 (18,838 in chips)
Seat 6: 24b7235d (23,277 in chips)
Seat 7: b8ddca1c (21,781 in chips)
Seat 8: ccd2e3ee (22,222 in chips)
5baac73f: posts the ante 90
3aa5bac0: posts the ante 90
be726432: posts the ante 90
Hero: posts the ante 90
b8ddca1c: posts the ante 90
24b7235d: posts the ante 90
ccd2e3ee: posts the ante 90
d3a43b26: posts the ante 90
24b7235d: posts small blind 300
b8ddca1c: posts big blind 600
*** HOLE CARDS ***
Dealt to be726432 
Dealt to 5baac73f 
Dealt to 3aa5bac0 
Dealt to Hero [Th Qd]
Dealt to d3a43b26 
Dealt to 24b7235d 
Dealt to b8ddca1c 
Dealt to ccd2e3ee 
ccd2e3ee: folds
be726432: folds
5baac73f: folds
3aa5bac0: folds
Hero: folds
d3a43b26: raises 600 to 1,200
24b7235d: folds
b8ddca1c: calls 600
*** FLOP *** [Kc 2s Jc]
b8ddca1c: checks
d3a43b26: bets 1,129
b8ddca1c: folds
Uncalled bet (1,129) returned to d3a43b26
*** SHOWDOWN ***
d3a43b26 collected 3,420 from pot
*** SUMMARY ***
Total pot 3,420 | Rake 0 | Jackpot 0 | Bingo 0 | Fortune 0 | Tax 0
Board [Kc 2s Jc]
Seat 1: be726432 folded before Flop
Seat 2: 5baac73f folded before Flop
Seat 3: 3aa5bac0 folded before Flop
Seat 4: Hero folded before Flop
Seat 5: d3a43b26 (button) won (3,420)
Seat 6: 24b7235d (small blind) folded before Flop
Seat 7: b8ddca1c (big blind) folded on the Flop
Seat 8: ccd2e3ee folded before Flop


Poker Hand #TM5635700718: Tournament #266179099, Bounty Hunters Special $8.88 Hold'em No Limit - Level11(300/600(90)) - 2026/02/26 23:04:15
Table '4' 8-max Seat #4 is the button
Seat 1: be726432 (18,374 in chips)
Seat 2: 5baac73f (33,400 in chips)
Seat 3: 3aa5bac0 (68,442 in chips)
Seat 4: Hero (10,730 in chips)
Seat 5: d3a43b26 (19,228 in chips)
Seat 6: 24b7235d (23,967 in chips)
Seat 8: ccd2e3ee (22,312 in chips)
5baac73f: posts the ante 90
3aa5bac0: posts the ante 90
be726432: posts the ante 90
Hero: posts the ante 90
24b7235d: posts the ante 90
ccd2e3ee: posts the ante 90
d3a43b26: posts the ante 90
d3a43b26: posts small blind 300
24b7235d: posts big blind 600
*** HOLE CARDS ***
Dealt to be726432 
Dealt to 5baac73f 
Dealt to 3aa5bac0 
Dealt to Hero [3d Ah]
Dealt to d3a43b26 
Dealt to 24b7235d 
Dealt to ccd2e3ee 
ccd2e3ee: folds
be726432: raises 600 to 1,200
5baac73f: folds
3aa5bac0: calls 1,200
Hero: folds
d3a43b26: folds
24b7235d: folds
*** FLOP *** [7d 9d 4s]
be726432: checks
3aa5bac0: bets 1,965
be726432: folds
Uncalled bet (1,965) returned to 3aa5bac0
*** SHOWDOWN ***
3aa5bac0 collected 3,930 from pot
*** SUMMARY ***
Total pot 3,930 | Rake 0 | Jackpot 0 | Bingo 0 | Fortune 0 | Tax 0
Board [7d 9d 4s]
Seat 1: be726432 folded on the Flop
Seat 2: 5baac73f folded before Flop
Seat 3: 3aa5bac0 won (3,930)
Seat 4: Hero (button) folded before Flop
Seat 5: d3a43b26 (small blind) folded before Flop
Seat 6: 24b7235d (big blind) folded before Flop
Seat 8: ccd2e3ee folded before Flop


Poker Hand #TM5635700695: Tournament #266179099, Bounty Hunters Special $8.88 Hold'em No Limit - Level10(250/500(75)) - 2026/02/26 23:03:20
Table '4' 8-max Seat #3 is the button
Seat 1: be726432 (18,449 in chips)
Seat 2: 5baac73f (33,475 in chips)
Seat 3: 3aa5bac0 (68,517 in chips)
Seat 4: Hero (11,055 in chips)
Seat 5: d3a43b26 (19,803 in chips)
Seat 6: 24b7235d (17,082 in chips)
Seat 7: 390b88c6 (5,685 in chips)
Seat 8: ccd2e3ee (22,387 in chips)
5baac73f: posts the ante 75
3aa5bac0: posts the ante 75
be726432: posts the ante 75
Hero: posts the ante 75
24b7235d: posts the ante 75
ccd2e3ee: posts the ante 75
d3a43b26: posts the ante 75
390b88c6: posts the ante 75
Hero: posts small blind 250
d3a43b26: posts big blind 500
*** HOLE CARDS ***
Dealt to be726432 
Dealt to 5baac73f 
Dealt to 3aa5bac0 
Dealt to Hero [8d As]
Dealt to d3a43b26 
Dealt to 24b7235d 
Dealt to 390b88c6 
Dealt to ccd2e3ee 
24b7235d: raises 500 to 1,000
390b88c6: raises 4,610 to 5,610 and is all-in
ccd2e3ee: folds
be726432: folds
5baac73f: folds
3aa5bac0: folds
Hero: folds
d3a43b26: folds
24b7235d: calls 4,610
390b88c6: shows [Ah Th]
24b7235d: shows [Jd Js]
*** FLOP *** [8h Ks Qd]
*** TURN *** [8h Ks Qd] [Td]
*** RIVER *** [8h Ks Qd Td] [4c]
*** SHOWDOWN ***
24b7235d collected 12,570 from pot
*** SUMMARY ***
Total pot 12,570 | Rake 0 | Jackpot 0 | Bingo 0 | Fortune 0 | Tax 0
Board [8h Ks Qd Td 4c]
Seat 1: be726432 folded before Flop
Seat 2: 5baac73f folded before Flop
Seat 3: 3aa5bac0 (button) folded before Flop
Seat 4: Hero (small blind) folded before Flop
Seat 5: d3a43b26 (big blind) folded before Flop
Seat 6: 24b7235d showed [Jd Js] and won (12,570) with a pair of Jacks
Seat 7: 390b88c6 showed [Ah Th] and lost with a pair of Tens
Seat 8: ccd2e3ee folded before Flop


Poker Hand #TM5635700668: Tournament #266179099, Bounty Hunters Special $8.88 Hold'em No Limit - Level10(250/500(75)) - 2026/02/26 23:02:01
Table '4' 8-max Seat #2 is the button
Seat 1: be726432 (14,574 in chips)
Seat 2: 5baac73f (35,600 in chips)
Seat 3: 3aa5bac0 (68,842 in chips)
Seat 4: Hero (12,180 in chips)
Seat 5: d3a43b26 (19,878 in chips)
Seat 6: 24b7235d (17,157 in chips)
Seat 7: 390b88c6 (5,760 in chips)
Seat 8: ccd2e3ee (22,462 in chips)
5baac73f: posts the ante 75
be726432: posts the ante 75
3aa5bac0: posts the ante 75
Hero: posts the ante 75
24b7235d: posts the ante 75
ccd2e3ee: posts the ante 75
d3a43b26: posts the ante 75
390b88c6: posts the ante 75
3aa5bac0: posts small blind 250
Hero: posts big blind 500
*** HOLE CARDS ***
Dealt to be726432 
Dealt to 5baac73f 
Dealt to 3aa5bac0 
Dealt to Hero [2c Kh]
Dealt to d3a43b26 
Dealt to 24b7235d 
Dealt to 390b88c6 
Dealt to ccd2e3ee 
d3a43b26: folds
24b7235d: folds
390b88c6: folds
ccd2e3ee: folds
be726432: raises 550 to 1,050
5baac73f: calls 1,050
3aa5bac0: folds
Hero: calls 550
*** FLOP *** [Js 3s 5c]
Hero: checks
be726432: bets 1,000
5baac73f: calls 1,000
Hero: folds
*** TURN *** [Js 3s 5c] [6c]
be726432: checks
5baac73f: checks
*** RIVER *** [Js 3s 5c 6c] [Th]
be726432: bets 3,140
5baac73f: folds
Uncalled bet (3,140) returned to be726432
*** SHOWDOWN ***
be726432 collected 6,000 from pot
*** SUMMARY ***
Total pot 6,000 | Rake 0 | Jackpot 0 | Bingo 0 | Fortune 0 | Tax 0
Board [Js 3s 5c 6c Th]
Seat 1: be726432 won (6,000)
Seat 2: 5baac73f (button) folded on the River
Seat 3: 3aa5bac0 (small blind) folded before Flop
Seat 4: Hero (big blind) folded on the Flop
Seat 5: d3a43b26 folded before Flop
Seat 6: 24b7235d folded before Flop
Seat 7: 390b88c6 folded before Flop
Seat 8: ccd2e3ee folded before Flop


Poker Hand #TM5635700651: Tournament #266179099, Bounty Hunters Special $8.88 Hold'em No Limit - Level10(250/500(75)) - 2026/02/26 23:01:32
Table '4' 8-max Seat #1 is the button
Seat 1: be726432 (14,649 in chips)
Seat 2: 5baac73f (34,575 in chips)
Seat 3: 3aa5bac0 (69,417 in chips)
Seat 4: Hero (12,255 in chips)
Seat 5: d3a43b26 (19,953 in chips)
Seat 6: 24b7235d (17,232 in chips)
Seat 7: 390b88c6 (5,835 in chips)
Seat 8: ccd2e3ee (22,537 in chips)
5baac73f: posts the ante 75
be726432: posts the ante 75
3aa5bac0: posts the ante 75
Hero: posts the ante 75
24b7235d: posts the ante 75
ccd2e3ee: posts the ante 75
d3a43b26: posts the ante 75
390b88c6: posts the ante 75
5baac73f: posts small blind 250
3aa5bac0: posts big blind 500
*** HOLE CARDS ***
Dealt to be726432 
Dealt to 5baac73f 
Dealt to 3aa5bac0 
Dealt to Hero [3s 4c]
Dealt to d3a43b26 
Dealt to 24b7235d 
Dealt to 390b88c6 
Dealt to ccd2e3ee 
Hero: folds
d3a43b26: folds
24b7235d: folds
390b88c6: folds
ccd2e3ee: folds
be726432: folds
5baac73f: raises 1,250 to 1,750
3aa5bac0: folds
Uncalled bet (1,250) returned to 5baac73f
*** SHOWDOWN ***
5baac73f collected 1,600 from pot
*** SUMMARY ***
Total pot 1,600 | Rake 0 | Jackpot 0 | Bingo 0 | Fortune 0 | Tax 0
Seat 1: be726432 (button) folded before Flop
Seat 2: 5baac73f (small blind) collected (1,600)
Seat 3: 3aa5bac0 (big blind) folded before Flop
Seat 4: Hero folded before Flop
Seat 5: d3a43b26 folded before Flop
Seat 6: 24b7235d folded before Flop
Seat 7: 390b88c6 folded before Flop
Seat 8: ccd2e3ee folded before Flop


Poker Hand #TM5635700623: Tournament #266179099, Bounty Hunters Special $8.88 Hold'em No Limit - Level10(250/500(75)) - 2026/02/26 22:54:29
Table '4' 8-max Seat #8 is the button
Seat 1: be726432 (15,224 in chips)
Seat 2: 5baac73f (33,550 in chips)
Seat 3: 3aa5bac0 (69,492 in chips)
Seat 4: Hero (12,330 in chips)
Seat 5: d3a43b26 (20,028 in chips)
Seat 6: 24b7235d (17,307 in chips)
Seat 7: 390b88c6 (5,910 in chips)
Seat 8: ccd2e3ee (22,612 in chips)
5baac73f: posts the ante 75
3aa5bac0: posts the ante 75
be726432: posts the ante 75
Hero: posts the ante 75
24b7235d: posts the ante 75
ccd2e3ee: posts the ante 75
d3a43b26: posts the ante 75
390b88c6: posts the ante 75
be726432: posts small blind 250
5baac73f: posts big blind 500
*** HOLE CARDS ***
Dealt to be726432 
Dealt to 5baac73f 
Dealt to 3aa5bac0 
Dealt to Hero [Kc Th]
Dealt to d3a43b26 
Dealt to 24b7235d 
Dealt to 390b88c6 
Dealt to ccd2e3ee 
3aa5bac0: folds
Hero: folds
d3a43b26: folds
24b7235d: folds
390b88c6: folds
ccd2e3ee: folds
be726432: calls 250
5baac73f: checks
*** FLOP *** [Tc 5h 6d]
be726432: checks
5baac73f: bets 500
be726432: folds
Uncalled bet (500) returned to 5baac73f
*** SHOWDOWN ***
5baac73f collected 1,600 from pot
*** SUMMARY ***
Total pot 1,600 | Rake 0 | Jackpot 0 | Bingo 0 | Fortune 0 | Tax 0
Board [Tc 5h 6d]
Seat 1: be726432 (small blind) folded on the Flop
Seat 2: 5baac73f (big blind) won (1,600)
Seat 3: 3aa5bac0 folded before Flop
Seat 4: Hero folded before Flop
Seat 5: d3a43b26 folded before Flop
Seat 6: 24b7235d folded before Flop
Seat 7: 390b88c6 folded before Flop
Seat 8: ccd2e3ee (button) folded before Flop


Poker Hand #TM5635700615: Tournament #266179099, Bounty Hunters Special $8.88 Hold'em No Limit - Level10(250/500(75)) - 2026/02/26 22:54:03
Table '4' 8-max Seat #7 is the button
Seat 1: be726432 (15,799 in chips)
Seat 2: 5baac73f (33,625 in chips)
Seat 3: 3aa5bac0 (70,067 in chips)
Seat 4: Hero (12,405 in chips)
Seat 5: d3a43b26 (18,253 in chips)
Seat 6: 24b7235d (17,382 in chips)
Seat 7: 390b88c6 (5,985 in chips)
Seat 8: ccd2e3ee (22,937 in chips)
5baac73f: posts the ante 75
3aa5bac0: posts the ante 75
be726432: posts the ante 75
Hero: posts the ante 75
24b7235d: posts the ante 75
ccd2e3ee: posts the ante 75
d3a43b26: posts the ante 75
390b88c6: posts the ante 75
ccd2e3ee: posts small blind 250
be726432: posts big blind 500
*** HOLE CARDS ***
Dealt to be726432 
Dealt to 5baac73f 
Dealt to 3aa5bac0 
Dealt to Hero [7s 4s]
Dealt to d3a43b26 
Dealt to 24b7235d 
Dealt to 390b88c6 
Dealt to ccd2e3ee 
5baac73f: folds
3aa5bac0: calls 500
Hero: folds
d3a43b26: raises 1,250 to 1,750
24b7235d: folds
390b88c6: folds
ccd2e3ee: folds
be726432: folds
3aa5bac0: folds
Uncalled bet (1,250) returned to d3a43b26
*** SHOWDOWN ***
d3a43b26 collected 2,350 from pot
*** SUMMARY ***
Total pot 2,350 | Rake 0 | Jackpot 0 | Bingo 0 | Fortune 0 | Tax 0
Seat 1: be726432 (big blind) folded before Flop
Seat 2: 5baac73f folded before Flop
Seat 3: 3aa5bac0 folded before Flop
Seat 4: Hero folded before Flop
Seat 5: d3a43b26 collected (2,350)
Seat 6: 24b7235d folded before Flop
Seat 7: 390b88c6 (button) folded before Flop
Seat 8: ccd2e3ee (small blind) folded before Flop


Poker Hand #TM5635700604: Tournament #266179099, Bounty Hunters Special $8.88 Hold'em No Limit - Level10(250/500(75)) - 2026/02/26 22:53:29
Table '4' 8-max Seat #6 is the button
Seat 1: be726432 (13,524 in chips)
Seat 2: 5baac73f (33,700 in chips)
Seat 3: 3aa5bac0 (70,142 in chips)
Seat 4: Hero (13,480 in chips)
Seat 5: d3a43b26 (18,328 in chips)
Seat 6: 24b7235d (17,457 in chips)
Seat 7: 390b88c6 (6,310 in chips)
Seat 8: ccd2e3ee (23,512 in chips)
5baac73f: posts the ante 75
3aa5bac0: posts the ante 75
be726432: posts the ante 75
Hero: posts the ante 75
24b7235d: posts the ante 75
ccd2e3ee: posts the ante 75
d3a43b26: posts the ante 75
390b88c6: posts the ante 75
390b88c6: posts small blind 250
ccd2e3ee: posts big blind 500
*** HOLE CARDS ***
Dealt to be726432 
Dealt to 5baac73f 
Dealt to 3aa5bac0 
Dealt to Hero [Ad 5d]
Dealt to d3a43b26 
Dealt to 24b7235d 
Dealt to 390b88c6 
Dealt to ccd2e3ee 
be726432: raises 500 to 1,000
5baac73f: folds
3aa5bac0: folds
Hero: calls 1,000
d3a43b26: folds
24b7235d: folds
390b88c6: folds
ccd2e3ee: folds
*** FLOP *** [4s 6c 9h]
be726432: bets 838
Hero: folds
Uncalled bet (838) returned to be726432
*** SHOWDOWN ***
be726432 collected 3,350 from pot
*** SUMMARY ***
Total pot 3,350 | Rake 0 | Jackpot 0 | Bingo 0 | Fortune 0 | Tax 0
Board [4s 6c 9h]
Seat 1: be726432 won (3,350)
Seat 2: 5baac73f folded before Flop
Seat 3: 3aa5bac0 folded before Flop
Seat 4: Hero folded on the Flop
Seat 5: d3a43b26 folded before Flop
Seat 6: 24b7235d (button) folded before Flop
Seat 7: 390b88c6 (small blind) folded before Flop
Seat 8: ccd2e3ee (big blind) folded before Flop


Poker Hand #TM5635700584: Tournament #266179099, Bounty Hunters Special $8.88 Hold'em No Limit - Level10(250/500(75)) - 2026/02/26 22:52:41
Table '4' 8-max Seat #5 is the button
Seat 1: be726432 (9,775 in chips)
Seat 2: 5baac73f (33,775 in chips)
Seat 3: 3aa5bac0 (72,691 in chips)
Seat 4: Hero (13,555 in chips)
Seat 5: d3a43b26 (18,403 in chips)
Seat 6: 24b7235d (17,782 in chips)
Seat 7: 390b88c6 (6,885 in chips)
Seat 8: ccd2e3ee (23,587 in chips)
5baac73f: posts the ante 75
3aa5bac0: posts the ante 75
be726432: posts the ante 75
Hero: posts the ante 75
24b7235d: posts the ante 75
ccd2e3ee: posts the ante 75
d3a43b26: posts the ante 75
390b88c6: posts the ante 75
24b7235d: posts small blind 250
390b88c6: posts big blind 500
*** HOLE CARDS ***
Dealt to be726432 
Dealt to 5baac73f 
Dealt to 3aa5bac0 
Dealt to Hero [As 8h]
Dealt to d3a43b26 
Dealt to 24b7235d 
Dealt to 390b88c6 
Dealt to ccd2e3ee 
ccd2e3ee: folds
be726432: raises 500 to 1,000
5baac73f: folds
3aa5bac0: calls 1,000
Hero: folds
d3a43b26: folds
24b7235d: folds
390b88c6: folds
*** FLOP *** [4d Kc 3d]
be726432: checks
3aa5bac0: checks
*** TURN *** [4d Kc 3d] [6d]
be726432: checks
3aa5bac0: checks
*** RIVER *** [4d Kc 3d 6d] [Js]
be726432: bets 1,474
3aa5bac0: calls 1,474
be726432: shows [Ah Jc] (a pair of Jacks)
3aa5bac0: shows [2c 3c] (a pair of Threes)
*** SHOWDOWN ***
be726432 collected 6,298 from pot
*** SUMMARY ***
Total pot 6,298 | Rake 0 | Jackpot 0 | Bingo 0 | Fortune 0 | Tax 0
Board [4d Kc 3d 6d Js]
Seat 1: be726432 showed [Ah Jc] and won (6,298) with a pair of Jacks
Seat 2: 5baac73f folded before Flop
Seat 3: 3aa5bac0 showed [2c 3c] and lost with a pair of Threes
Seat 4: Hero folded before Flop
Seat 5: d3a43b26 (button) folded before Flop
Seat 6: 24b7235d (small blind) folded before Flop
Seat 7: 390b88c6 (big blind) folded before Flop
Seat 8: ccd2e3ee folded before Flop


Poker Hand #TM5635700576: Tournament #266179099, Bounty Hunters Special $8.88 Hold'em No Limit - Level10(250/500(75)) - 2026/02/26 22:52:10
Table '4' 8-max Seat #4 is the button
Seat 1: be726432 (9,850 in chips)
Seat 2: 5baac73f (31,000 in chips)
Seat 3: 3aa5bac0 (72,766 in chips)
Seat 4: Hero (14,630 in chips)
Seat 5: d3a43b26 (18,728 in chips)
Seat 6: 24b7235d (18,857 in chips)
Seat 7: 390b88c6 (6,960 in chips)
Seat 8: ccd2e3ee (23,662 in chips)
5baac73f: posts the ante 75
3aa5bac0: posts the ante 75
be726432: posts the ante 75
Hero: posts the ante 75
24b7235d: posts the ante 75
ccd2e3ee: posts the ante 75
d3a43b26: posts the ante 75
390b88c6: posts the ante 75
d3a43b26: posts small blind 250
24b7235d: posts big blind 500
*** HOLE CARDS ***
Dealt to be726432 
Dealt to 5baac73f 
Dealt to 3aa5bac0 
Dealt to Hero [7s As]
Dealt to d3a43b26 
Dealt to 24b7235d 
Dealt to 390b88c6 
Dealt to ccd2e3ee 
390b88c6: folds
ccd2e3ee: folds
be726432: folds
5baac73f: raises 500 to 1,000
3aa5bac0: folds
Hero: calls 1,000
d3a43b26: folds
24b7235d: calls 500
*** FLOP *** [Td Qs Jd]
24b7235d: checks
5baac73f: bets 1,000
Hero: folds
24b7235d: folds
Uncalled bet (1,000) returned to 5baac73f
*** SHOWDOWN ***
5baac73f collected 3,850 from pot
*** SUMMARY ***
Total pot 3,850 | Rake 0 | Jackpot 0 | Bingo 0 | Fortune 0 | Tax 0
Board [Td Qs Jd]
Seat 1: be726432 folded before Flop
Seat 2: 5baac73f won (3,850)
Seat 3: 3aa5bac0 folded before Flop
Seat 4: Hero (button) folded on the Flop
Seat 5: d3a43b26 (small blind) folded before Flop
Seat 6: 24b7235d (big blind) folded on the Flop
Seat 7: 390b88c6 folded before Flop
Seat 8: ccd2e3ee folded before Flop


Poker Hand #TM5635700561: Tournament #266179099, Bounty Hunters Special $8.88 Hold'em No Limit - Level10(250/500(75)) - 2026/02/26 22:51:27
Table '4' 8-max Seat #3 is the button
Seat 1: be726432 (9,925 in chips)
Seat 2: 5baac73f (31,075 in chips)
Seat 3: 3aa5bac0 (72,841 in chips)
Seat 4: Hero (15,705 in chips)
Seat 5: d3a43b26 (17,203 in chips)
Seat 6: 24b7235d (18,932 in chips)
Seat 7: 390b88c6 (7,035 in chips)
Seat 8: ccd2e3ee (23,737 in chips)
5baac73f: posts the ante 75
3aa5bac0: posts the ante 75
be726432: posts the ante 75
Hero: posts the ante 75
24b7235d: posts the ante 75
ccd2e3ee: posts the ante 75
d3a43b26: posts the ante 75
390b88c6: posts the ante 75
Hero: posts small blind 250
d3a43b26: posts big blind 500
*** HOLE CARDS ***
Dealt to be726432 
Dealt to 5baac73f 
Dealt to 3aa5bac0 
Dealt to Hero [Ad 6s]
Dealt to d3a43b26 
Dealt to 24b7235d 
Dealt to 390b88c6 
Dealt to ccd2e3ee 
24b7235d: folds
390b88c6: folds
ccd2e3ee: folds
be726432: folds
5baac73f: folds
3aa5bac0: folds
Hero: raises 500 to 1,000
d3a43b26: raises 16,128 to 17,128 and is all-in
Hero: folds
Uncalled bet (16,128) returned to d3a43b26
*** SHOWDOWN ***
d3a43b26 collected 2,600 from pot
*** SUMMARY ***
Total pot 2,600 | Rake 0 | Jackpot 0 | Bingo 0 | Fortune 0 | Tax 0
Seat 1: be726432 folded before Flop
Seat 2: 5baac73f folded before Flop
Seat 3: 3aa5bac0 (button) folded before Flop
Seat 4: Hero (small blind) folded before Flop
Seat 5: d3a43b26 (big blind) collected (2,600)
Seat 6: 24b7235d folded before Flop
Seat 7: 390b88c6 folded before Flop
Seat 8: ccd2e3ee folded before Flop


Poker Hand #TM5635700555: Tournament #266179099, Bounty Hunters Special $8.88 Hold'em No Limit - Level10(250/500(75)) - 2026/02/26 22:51:10
Table '4' 8-max Seat #2 is the button
Seat 1: be726432 (10,000 in chips)
Seat 2: 5baac73f (31,150 in chips)
Seat 3: 3aa5bac0 (73,166 in chips)
Seat 4: Hero (16,280 in chips)
Seat 5: d3a43b26 (17,278 in chips)
Seat 6: 24b7235d (19,007 in chips)
Seat 7: 390b88c6 (7,110 in chips)
Seat 8: ccd2e3ee (22,462 in chips)
5baac73f: posts the ante 75
be726432: posts the ante 75
3aa5bac0: posts the ante 75
Hero: posts the ante 75
24b7235d: posts the ante 75
ccd2e3ee: posts the ante 75
d3a43b26: posts the ante 75
390b88c6: posts the ante 75
3aa5bac0: posts small blind 250
Hero: posts big blind 500
*** HOLE CARDS ***
Dealt to be726432 
Dealt to 5baac73f 
Dealt to 3aa5bac0 
Dealt to Hero [5s Qh]
Dealt to d3a43b26 
Dealt to 24b7235d 
Dealt to 390b88c6 
Dealt to ccd2e3ee 
d3a43b26: folds
24b7235d: folds
390b88c6: folds
ccd2e3ee: raises 650 to 1,150
be726432: folds
5baac73f: folds
3aa5bac0: folds
Hero: folds
Uncalled bet (650) returned to ccd2e3ee
*** SHOWDOWN ***
ccd2e3ee collected 1,850 from pot
*** SUMMARY ***
Total pot 1,850 | Rake 0 | Jackpot 0 | Bingo 0 | Fortune 0 | Tax 0
Seat 1: be726432 folded before Flop
Seat 2: 5baac73f (button) folded before Flop
Seat 3: 3aa5bac0 (small blind) folded before Flop
Seat 4: Hero (big blind) folded before Flop
Seat 5: d3a43b26 folded before Flop
Seat 6: 24b7235d folded before Flop
Seat 7: 390b88c6 folded before Flop
Seat 8: ccd2e3ee collected (1,850)


Poker Hand #TM5635700535: Tournament #266179099, Bounty Hunters Special $8.88 Hold'em No Limit - Level10(250/500(75)) - 2026/02/26 22:50:16
Table '4' 8-max Seat #8 is the button
Seat 2: 5baac73f (29,050 in chips)
Seat 3: 3aa5bac0 (73,741 in chips)
Seat 4: Hero (16,355 in chips)
Seat 5: d3a43b26 (17,353 in chips)
Seat 6: 24b7235d (19,082 in chips)
Seat 7: 390b88c6 (7,185 in chips)
Seat 8: ccd2e3ee (23,687 in chips)
5baac73f: posts the ante 75
3aa5bac0: posts the ante 75
Hero: posts the ante 75
24b7235d: posts the ante 75
ccd2e3ee: posts the ante 75
d3a43b26: posts the ante 75
390b88c6: posts the ante 75
5baac73f: posts small blind 250
3aa5bac0: posts big blind 500
*** HOLE CARDS ***
Dealt to 5baac73f 
Dealt to 3aa5bac0 
Dealt to Hero [5h 2h]
Dealt to d3a43b26 
Dealt to 24b7235d 
Dealt to 390b88c6 
Dealt to ccd2e3ee 
Hero: folds
d3a43b26: folds
24b7235d: folds
390b88c6: folds
ccd2e3ee: raises 650 to 1,150
5baac73f: raises 2,850 to 4,000
3aa5bac0: folds
ccd2e3ee: folds
Uncalled bet (2,850) returned to 5baac73f
*** SHOWDOWN ***
5baac73f collected 3,325 from pot
*** SUMMARY ***
Total pot 3,325 | Rake 0 | Jackpot 0 | Bingo 0 | Fortune 0 | Tax 0
Seat 2: 5baac73f (small blind) collected (3,325)
Seat 3: 3aa5bac0 (big blind) folded before Flop
Seat 4: Hero folded before Flop
Seat 5: d3a43b26 folded before Flop
Seat 6: 24b7235d folded before Flop
Seat 7: 390b88c6 folded before Flop
Seat 8: ccd2e3ee (button) folded before Flop


Poker Hand #TM5635700517: Tournament #266179099, Bounty Hunters Special $8.88 Hold'em No Limit - Level10(250/500(75)) - 2026/02/26 22:49:29
Table '4' 8-max Seat #7 is the button
Seat 2: 5baac73f (29,625 in chips)
Seat 3: 3aa5bac0 (73,816 in chips)
Seat 4: Hero (16,430 in chips)
Seat 5: d3a43b26 (17,428 in chips)
Seat 6: 24b7235d (19,157 in chips)
Seat 7: 390b88c6 (5,985 in chips)
Seat 8: ccd2e3ee (24,012 in chips)
5baac73f: posts the ante 75
3aa5bac0: posts the ante 75
Hero: posts the ante 75
24b7235d: posts the ante 75
ccd2e3ee: posts the ante 75
d3a43b26: posts the ante 75
390b88c6: posts the ante 75
ccd2e3ee: posts small blind 250
5baac73f: posts big blind 500
*** HOLE CARDS ***
Dealt to 5baac73f 
Dealt to 3aa5bac0 
Dealt to Hero [3c 4s]
Dealt to d3a43b26 
Dealt to 24b7235d 
Dealt to 390b88c6 
Dealt to ccd2e3ee 
3aa5bac0: folds
Hero: folds
d3a43b26: folds
24b7235d: folds
390b88c6: raises 5,410 to 5,910 and is all-in
ccd2e3ee: folds
5baac73f: folds
Uncalled bet (5,410) returned to 390b88c6
*** SHOWDOWN ***
390b88c6 collected 1,775 from pot
*** SUMMARY ***
Total pot 1,775 | Rake 0 | Jackpot 0 | Bingo 0 | Fortune 0 | Tax 0
Seat 2: 5baac73f (big blind) folded before Flop
Seat 3: 3aa5bac0 folded before Flop
Seat 4: Hero folded before Flop
Seat 5: d3a43b26 folded before Flop
Seat 6: 24b7235d folded before Flop
Seat 7: 390b88c6 (button) collected (1,775)
Seat 8: ccd2e3ee (small blind) folded before Flop


Poker Hand #TM5635700493: Tournament #266179099, Bounty Hunters Special $8.88 Hold'em No Limit - Level9(200/400(60)) - 2026/02/26 22:48:35
Table '4' 8-max Seat #6 is the button
Seat 1: 529c9025 (1,185 in chips)
Seat 2: 5baac73f (13,770 in chips)
Seat 3: 3aa5bac0 (73,876 in chips)
Seat 4: Hero (16,490 in chips)
Seat 5: d3a43b26 (31,198 in chips)
Seat 6: 24b7235d (19,217 in chips)
Seat 7: 390b88c6 (6,245 in chips)
Seat 8: ccd2e3ee (24,472 in chips)
5baac73f: posts the ante 60
3aa5bac0: posts the ante 60
Hero: posts the ante 60
529c9025: posts the ante 60
24b7235d: posts the ante 60
ccd2e3ee: posts the ante 60
d3a43b26: posts the ante 60
390b88c6: posts the ante 60
390b88c6: posts small blind 200
ccd2e3ee: posts big blind 400
*** HOLE CARDS ***
Dealt to 529c9025 
Dealt to 5baac73f 
Dealt to 3aa5bac0 
Dealt to Hero [3d Jc]
Dealt to d3a43b26 
Dealt to 24b7235d 
Dealt to 390b88c6 
Dealt to ccd2e3ee 
529c9025: raises 725 to 1,125 and is all-in
5baac73f: calls 1,125
3aa5bac0: folds
Hero: folds
d3a43b26: raises 4,075 to 5,200
24b7235d: folds
390b88c6: folds
ccd2e3ee: folds
5baac73f: calls 4,075
*** FLOP *** [Qs 5c 9d]
5baac73f: bets 8,510 and is all-in
d3a43b26: calls 8,510
5baac73f: shows [9s 7s] (a pair of Nines)
d3a43b26: shows [Ah Jd] (Ace high)
529c9025: shows [Ad 8h] (Ace high)
*** TURN *** [Qs 5c 9d] [Qd]
*** RIVER *** [Qs 5c 9d Qd] [Kc]
*** SHOWDOWN ***
5baac73f collected 4,455 from pot
5baac73f collected 25,170 from pot
*** SUMMARY ***
Total pot 29,625 | Rake 0 | Jackpot 0 | Bingo 0 | Fortune 0 | Tax 0
Board [Qs 5c 9d Qd Kc]
Seat 1: 529c9025 showed [Ad 8h] and lost with a pair of Queens
Seat 2: 5baac73f showed [9s 7s] and won (29,625) with two pair, Queens and Nines
Seat 3: 3aa5bac0 folded before Flop
Seat 4: Hero folded before Flop
Seat 5: d3a43b26 showed [Ah Jd] and lost with a pair of Queens
Seat 6: 24b7235d (button) folded before Flop
Seat 7: 390b88c6 (small blind) folded before Flop
Seat 8: ccd2e3ee (big blind) folded before Flop


Poker Hand #TM5635700472: Tournament #266179099, Bounty Hunters Special $8.88 Hold'em No Limit - Level9(200/400(60)) - 2026/02/26 22:47:30
Table '4' 8-max Seat #5 is the button
Seat 1: 529c9025 (11,425 in chips)
Seat 2: 5baac73f (8,880 in chips)
Seat 3: 3aa5bac0 (73,936 in chips)
Seat 4: Hero (10,240 in chips)
Seat 5: d3a43b26 (31,258 in chips)
Seat 6: 24b7235d (19,477 in chips)
Seat 7: 390b88c6 (6,705 in chips)
Seat 8: ccd2e3ee (24,532 in chips)
5baac73f: posts the ante 60
3aa5bac0: posts the ante 60
Hero: posts the ante 60
529c9025: posts the ante 60
24b7235d: posts the ante 60
ccd2e3ee: posts the ante 60
d3a43b26: posts the ante 60
390b88c6: posts the ante 60
24b7235d: posts small blind 200
390b88c6: posts big blind 400
*** HOLE CARDS ***
Dealt to 529c9025 
Dealt to 5baac73f 
Dealt to 3aa5bac0 
Dealt to Hero [As Qh]
Dealt to d3a43b26 
Dealt to 24b7235d 
Dealt to 390b88c6 
Dealt to ccd2e3ee 
ccd2e3ee: folds
529c9025: raises 600 to 1,000
5baac73f: calls 1,000
3aa5bac0: folds
Hero: raises 1,400 to 2,400
d3a43b26: folds
24b7235d: folds
390b88c6: folds
529c9025: calls 1,400
5baac73f: raises 6,420 to 8,820 and is all-in
Hero: raises 1,360 to 10,180 and is all-in
529c9025: calls 7,780
Hero: shows [As Qh]
529c9025: shows [9h 9c]
5baac73f: shows [Ac Qd]
*** FLOP *** [6d Kh Ks]
*** TURN *** [6d Kh Ks] [Ad]
*** RIVER *** [6d Kh Ks Ad] [8c]
*** SHOWDOWN ***
Hero collected 13,770 from pot
5baac73f collected 13,770 from pot
Hero collected 2,720 from pot
*** SUMMARY ***
Total pot 30,260 | Rake 0 | Jackpot 0 | Bingo 0 | Fortune 0 | Tax 0
Board [6d Kh Ks Ad 8c]
Seat 1: 529c9025 showed [9h 9c] and lost with two pair, Kings and Nines
Seat 2: 5baac73f showed [Ac Qd] and won (13,770) with two pair, Aces and Kings
Seat 3: 3aa5bac0 folded before Flop
Seat 4: Hero showed [As Qh] and won (16,490) with two pair, Aces and Kings
Seat 5: d3a43b26 (button) folded before Flop
Seat 6: 24b7235d (small blind) folded before Flop
Seat 7: 390b88c6 (big blind) folded before Flop
Seat 8: ccd2e3ee folded before Flop


Poker Hand #TM5635700458: Tournament #266179099, Bounty Hunters Special $8.88 Hold'em No Limit - Level9(200/400(60)) - 2026/02/26 22:46:53
Table '4' 8-max Seat #4 is the button
Seat 1: 529c9025 (11,485 in chips)
Seat 2: 5baac73f (8,940 in chips)
Seat 3: 3aa5bac0 (73,996 in chips)
Seat 4: Hero (8,820 in chips)
Seat 5: d3a43b26 (31,518 in chips)
Seat 6: 24b7235d (20,337 in chips)
Seat 7: 390b88c6 (6,765 in chips)
Seat 8: ccd2e3ee (24,592 in chips)
5baac73f: posts the ante 60
3aa5bac0: posts the ante 60
Hero: posts the ante 60
529c9025: posts the ante 60
24b7235d: posts the ante 60
ccd2e3ee: posts the ante 60
d3a43b26: posts the ante 60
390b88c6: posts the ante 60
d3a43b26: posts small blind 200
24b7235d: posts big blind 400
*** HOLE CARDS ***
Dealt to 529c9025 
Dealt to 5baac73f 
Dealt to 3aa5bac0 
Dealt to Hero [4c Ac]
Dealt to d3a43b26 
Dealt to 24b7235d 
Dealt to 390b88c6 
Dealt to ccd2e3ee 
390b88c6: folds
ccd2e3ee: folds
529c9025: folds
5baac73f: folds
3aa5bac0: folds
Hero: raises 400 to 800
d3a43b26: folds
24b7235d: calls 400
*** FLOP *** [3d Td Kc]
24b7235d: checks
Hero: bets 753
24b7235d: folds
Uncalled bet (753) returned to Hero
*** SHOWDOWN ***
Hero collected 2,280 from pot
*** SUMMARY ***
Total pot 2,280 | Rake 0 | Jackpot 0 | Bingo 0 | Fortune 0 | Tax 0
Board [3d Td Kc]
Seat 1: 529c9025 folded before Flop
Seat 2: 5baac73f folded before Flop
Seat 3: 3aa5bac0 folded before Flop
Seat 4: Hero (button) won (2,280)
Seat 5: d3a43b26 (small blind) folded before Flop
Seat 6: 24b7235d (big blind) folded on the Flop
Seat 7: 390b88c6 folded before Flop
Seat 8: ccd2e3ee folded before Flop


Poker Hand #TM5635700444: Tournament #266179099, Bounty Hunters Special $8.88 Hold'em No Limit - Level9(200/400(60)) - 2026/02/26 22:46:18
Table '4' 8-max Seat #3 is the button
Seat 1: 529c9025 (11,545 in chips)
Seat 2: 5baac73f (9,000 in chips)
Seat 3: 3aa5bac0 (74,856 in chips)
Seat 4: Hero (7,200 in chips)
Seat 5: d3a43b26 (31,978 in chips)
Seat 6: 24b7235d (20,397 in chips)
Seat 7: 390b88c6 (6,825 in chips)
Seat 8: ccd2e3ee (24,652 in chips)
5baac73f: posts the ante 60
3aa5bac0: posts the ante 60
Hero: posts the ante 60
529c9025: posts the ante 60
24b7235d: posts the ante 60
ccd2e3ee: posts the ante 60
d3a43b26: posts the ante 60
390b88c6: posts the ante 60
Hero: posts small blind 200
d3a43b26: posts big blind 400
*** HOLE CARDS ***
Dealt to 529c9025 
Dealt to 5baac73f 
Dealt to 3aa5bac0 
Dealt to Hero [Ah 6h]
Dealt to d3a43b26 
Dealt to 24b7235d 
Dealt to 390b88c6 
Dealt to ccd2e3ee 
24b7235d: folds
390b88c6: folds
ccd2e3ee: folds
529c9025: folds
5baac73f: folds
3aa5bac0: raises 400 to 800
Hero: raises 6,340 to 7,140 and is all-in
d3a43b26: folds
3aa5bac0: folds
Uncalled bet (6,340) returned to Hero
*** SHOWDOWN ***
Hero collected 2,480 from pot
*** SUMMARY ***
Total pot 2,480 | Rake 0 | Jackpot 0 | Bingo 0 | Fortune 0 | Tax 0
Seat 1: 529c9025 folded before Flop
Seat 2: 5baac73f folded before Flop
Seat 3: 3aa5bac0 (button) folded before Flop
Seat 4: Hero (small blind) collected (2,480)
Seat 5: d3a43b26 (big blind) folded before Flop
Seat 6: 24b7235d folded before Flop
Seat 7: 390b88c6 folded before Flop
Seat 8: ccd2e3ee folded before Flop


Poker Hand #TM5635700427: Tournament #266179099, Bounty Hunters Special $8.88 Hold'em No Limit - Level9(200/400(60)) - 2026/02/26 22:45:15
Table '4' 8-max Seat #2 is the button
Seat 1: 529c9025 (11,605 in chips)
Seat 2: 5baac73f (9,060 in chips)
Seat 3: 3aa5bac0 (75,116 in chips)
Seat 4: Hero (7,660 in chips)
Seat 5: d3a43b26 (32,038 in chips)
Seat 6: 24b7235d (20,457 in chips)
Seat 7: 390b88c6 (8,885 in chips)
Seat 8: ccd2e3ee (21,632 in chips)
5baac73f: posts the ante 60
3aa5bac0: posts the ante 60
Hero: posts the ante 60
529c9025: posts the ante 60
24b7235d: posts the ante 60
ccd2e3ee: posts the ante 60
d3a43b26: posts the ante 60
390b88c6: posts the ante 60
3aa5bac0: posts small blind 200
Hero: posts big blind 400
*** HOLE CARDS ***
Dealt to 529c9025 
Dealt to 5baac73f 
Dealt to 3aa5bac0 
Dealt to Hero [5s Th]
Dealt to d3a43b26 
Dealt to 24b7235d 
Dealt to 390b88c6 
Dealt to ccd2e3ee 
d3a43b26: folds
24b7235d: folds
390b88c6: raises 400 to 800
ccd2e3ee: raises 1,200 to 2,000
529c9025: folds
5baac73f: folds
3aa5bac0: folds
Hero: folds
390b88c6: calls 1,200
*** FLOP *** [Ad 6s 8d]
390b88c6: checks
ccd2e3ee: bets 1,400
390b88c6: folds
Uncalled bet (1,400) returned to ccd2e3ee
*** SHOWDOWN ***
ccd2e3ee collected 5,080 from pot
*** SUMMARY ***
Total pot 5,080 | Rake 0 | Jackpot 0 | Bingo 0 | Fortune 0 | Tax 0
Board [Ad 6s 8d]
Seat 1: 529c9025 folded before Flop
Seat 2: 5baac73f (button) folded before Flop
Seat 3: 3aa5bac0 (small blind) folded before Flop
Seat 4: Hero (big blind) folded before Flop
Seat 5: d3a43b26 folded before Flop
Seat 6: 24b7235d folded before Flop
Seat 7: 390b88c6 folded on the Flop
Seat 8: ccd2e3ee won (5,080)


Poker Hand #TM5635700416: Tournament #266179099, Bounty Hunters Special $8.88 Hold'em No Limit - Level9(200/400(60)) - 2026/02/26 22:44:52
Table '4' 8-max Seat #1 is the button
Seat 1: 529c9025 (11,665 in chips)
Seat 2: 5baac73f (9,320 in chips)
Seat 3: 3aa5bac0 (75,576 in chips)
Seat 4: Hero (6,640 in chips)
Seat 5: d3a43b26 (32,098 in chips)
Seat 6: 24b7235d (20,517 in chips)
Seat 7: 390b88c6 (8,945 in chips)
Seat 8: ccd2e3ee (21,692 in chips)
5baac73f: posts the ante 60
3aa5bac0: posts the ante 60
Hero: posts the ante 60
529c9025: posts the ante 60
24b7235d: posts the ante 60
ccd2e3ee: posts the ante 60
d3a43b26: posts the ante 60
390b88c6: posts the ante 60
5baac73f: posts small blind 200
3aa5bac0: posts big blind 400
*** HOLE CARDS ***
Dealt to 529c9025 
Dealt to 5baac73f 
Dealt to 3aa5bac0 
Dealt to Hero [As Qc]
Dealt to d3a43b26 
Dealt to 24b7235d 
Dealt to 390b88c6 
Dealt to ccd2e3ee 
Hero: raises 5,780 to 6,180
d3a43b26: folds
24b7235d: folds
390b88c6: folds
ccd2e3ee: folds
529c9025: folds
5baac73f: folds
3aa5bac0: folds
Uncalled bet (5,780) returned to Hero
*** SHOWDOWN ***
Hero collected 1,480 from pot
*** SUMMARY ***
Total pot 1,480 | Rake 0 | Jackpot 0 | Bingo 0 | Fortune 0 | Tax 0
Seat 1: 529c9025 (button) folded before Flop
Seat 2: 5baac73f (small blind) folded before Flop
Seat 3: 3aa5bac0 (big blind) folded before Flop
Seat 4: Hero collected (1,480)
Seat 5: d3a43b26 folded before Flop
Seat 6: 24b7235d folded before Flop
Seat 7: 390b88c6 folded before Flop
Seat 8: ccd2e3ee folded before Flop


Poker Hand #TM5635700383: Tournament #266179099, Bounty Hunters Special $8.88 Hold'em No Limit - Level9(200/400(60)) - 2026/02/26 22:43:22
Table '4' 8-max Seat #8 is the button
Seat 1: 529c9025 (11,925 in chips)
Seat 2: 5baac73f (9,780 in chips)
Seat 3: 3aa5bac0 (80,289 in chips)
Seat 4: Hero (6,700 in chips)
Seat 5: d3a43b26 (26,485 in chips)
Seat 6: 24b7235d (20,577 in chips)
Seat 8: ccd2e3ee (21,752 in chips)
5baac73f: posts the ante 60
3aa5bac0: posts the ante 60
Hero: posts the ante 60
529c9025: posts the ante 60
24b7235d: posts the ante 60
ccd2e3ee: posts the ante 60
d3a43b26: posts the ante 60
529c9025: posts small blind 200
5baac73f: posts big blind 400
*** HOLE CARDS ***
Dealt to 529c9025 
Dealt to 5baac73f 
Dealt to 3aa5bac0 
Dealt to Hero [5s Ac]
Dealt to d3a43b26 
Dealt to 24b7235d 
Dealt to ccd2e3ee 
3aa5bac0: raises 400 to 800
Hero: folds
d3a43b26: raises 1,800 to 2,600
24b7235d: folds
ccd2e3ee: folds
529c9025: folds
5baac73f: folds
3aa5bac0: calls 1,800
*** FLOP *** [6h 2c Qd]
3aa5bac0: checks
d3a43b26: bets 2,053
3aa5bac0: calls 2,053
*** TURN *** [6h 2c Qd] [9h]
3aa5bac0: checks
d3a43b26: checks
*** RIVER *** [6h 2c Qd 9h] [Td]
3aa5bac0: checks
d3a43b26: checks
3aa5bac0: shows [7s 7c] (a pair of Sevens)
d3a43b26: shows [Ts Ad] (a pair of Tens)
*** SHOWDOWN ***
d3a43b26 collected 10,326 from pot
*** SUMMARY ***
Total pot 10,326 | Rake 0 | Jackpot 0 | Bingo 0 | Fortune 0 | Tax 0
Board [6h 2c Qd 9h Td]
Seat 1: 529c9025 (small blind) folded before Flop
Seat 2: 5baac73f (big blind) folded before Flop
Seat 3: 3aa5bac0 showed [7s 7c] and lost with a pair of Sevens
Seat 4: Hero folded before Flop
Seat 5: d3a43b26 showed [Ts Ad] and won (10,326) with a pair of Tens
Seat 6: 24b7235d folded before Flop
Seat 8: ccd2e3ee (button) folded before Flop


Poker Hand #TM5635700366: Tournament #266179099, Bounty Hunters Special $8.88 Hold'em No Limit - Level9(200/400(60)) - 2026/02/26 22:42:33
Table '4' 8-max Seat #6 is the button
Seat 1: 529c9025 (11,985 in chips)
Seat 2: 5baac73f (9,840 in chips)
Seat 3: 3aa5bac0 (80,349 in chips)
Seat 4: Hero (6,760 in chips)
Seat 5: d3a43b26 (26,545 in chips)
Seat 6: 24b7235d (14,060 in chips)
Seat 7: cb7279b2 (5,757 in chips)
Seat 8: ccd2e3ee (22,212 in chips)
5baac73f: posts the ante 60
3aa5bac0: posts the ante 60
Hero: posts the ante 60
529c9025: posts the ante 60
cb7279b2: posts the ante 60
24b7235d: posts the ante 60
ccd2e3ee: posts the ante 60
d3a43b26: posts the ante 60
cb7279b2: posts small blind 200
ccd2e3ee: posts big blind 400
*** HOLE CARDS ***
Dealt to 529c9025 
Dealt to 5baac73f 
Dealt to 3aa5bac0 
Dealt to Hero [4s 8h]
Dealt to d3a43b26 
Dealt to 24b7235d 
Dealt to cb7279b2 
Dealt to ccd2e3ee 
529c9025: folds
5baac73f: folds
3aa5bac0: folds
Hero: folds
d3a43b26: folds
24b7235d: raises 400 to 800
cb7279b2: raises 4,897 to 5,697 and is all-in
ccd2e3ee: folds
24b7235d: calls 4,897
cb7279b2: shows [Kh Jh]
24b7235d: shows [Ac 6h]
*** FLOP *** [Kc Qd Ad]
*** TURN *** [Kc Qd Ad] [6d]
*** RIVER *** [Kc Qd Ad 6d] [3c]
*** SHOWDOWN ***
24b7235d collected 12,274 from pot
*** SUMMARY ***
Total pot 12,274 | Rake 0 | Jackpot 0 | Bingo 0 | Fortune 0 | Tax 0
Board [Kc Qd Ad 6d 3c]
Seat 1: 529c9025 folded before Flop
Seat 2: 5baac73f folded before Flop
Seat 3: 3aa5bac0 folded before Flop
Seat 4: Hero folded before Flop
Seat 5: d3a43b26 folded before Flop
Seat 6: 24b7235d (button) showed [Ac 6h] and won (12,274) with two pair, Aces and Sixes
Seat 7: cb7279b2 (small blind) showed [Kh Jh] and lost with a pair of Kings
Seat 8: ccd2e3ee (big blind) folded before Flop


Poker Hand #TM5635700339: Tournament #266179099, Bounty Hunters Special $8.88 Hold'em No Limit - Level9(200/400(60)) - 2026/02/26 22:41:16
Table '4' 8-max Seat #5 is the button
Seat 1: 529c9025 (12,045 in chips)
Seat 2: 5baac73f (9,900 in chips)
Seat 3: 3aa5bac0 (80,409 in chips)
Seat 4: Hero (6,820 in chips)
Seat 5: d3a43b26 (24,125 in chips)
Seat 6: 24b7235d (14,320 in chips)
Seat 7: cb7279b2 (7,617 in chips)
Seat 8: ccd2e3ee (22,272 in chips)
5baac73f: posts the ante 60
3aa5bac0: posts the ante 60
Hero: posts the ante 60
529c9025: posts the ante 60
cb7279b2: posts the ante 60
24b7235d: posts the ante 60
ccd2e3ee: posts the ante 60
d3a43b26: posts the ante 60
24b7235d: posts small blind 200
cb7279b2: posts big blind 400
*** HOLE CARDS ***
Dealt to 529c9025 
Dealt to 5baac73f 
Dealt to 3aa5bac0 
Dealt to Hero [4d Tc]
Dealt to d3a43b26 
Dealt to 24b7235d 
Dealt to cb7279b2 
Dealt to ccd2e3ee 
ccd2e3ee: folds
529c9025: folds
5baac73f: folds
3aa5bac0: folds
Hero: folds
d3a43b26: raises 600 to 1,000
24b7235d: folds
cb7279b2: calls 600
*** FLOP *** [8c 9s Kc]
cb7279b2: checks
d3a43b26: bets 800
cb7279b2: calls 800
*** TURN *** [8c 9s Kc] [Jh]
cb7279b2: checks
d3a43b26: checks
*** RIVER *** [8c 9s Kc Jh] [7c]
cb7279b2: checks
d3a43b26: bets 22,265 and is all-in
cb7279b2: folds
Uncalled bet (22,265) returned to d3a43b26
*** SHOWDOWN ***
d3a43b26 collected 4,280 from pot
*** SUMMARY ***
Total pot 4,280 | Rake 0 | Jackpot 0 | Bingo 0 | Fortune 0 | Tax 0
Board [8c 9s Kc Jh 7c]
Seat 1: 529c9025 folded before Flop
Seat 2: 5baac73f folded before Flop
Seat 3: 3aa5bac0 folded before Flop
Seat 4: Hero folded before Flop
Seat 5: d3a43b26 (button) won (4,280)
Seat 6: 24b7235d (small blind) folded before Flop
Seat 7: cb7279b2 (big blind) folded on the River
Seat 8: ccd2e3ee folded before Flop


Poker Hand #TM5635700327: Tournament #266179099, Bounty Hunters Special $8.88 Hold'em No Limit - Level8(175/350(50)) - 2026/02/26 22:40:49
Table '4' 8-max Seat #4 is the button
Seat 1: 529c9025 (12,095 in chips)
Seat 2: 5baac73f (9,950 in chips)
Seat 3: 3aa5bac0 (80,459 in chips)
Seat 4: Hero (6,870 in chips)
Seat 5: d3a43b26 (25,400 in chips)
Seat 6: 24b7235d (12,745 in chips)
Seat 7: cb7279b2 (7,667 in chips)
Seat 8: ccd2e3ee (22,322 in chips)
5baac73f: posts the ante 50
3aa5bac0: posts the ante 50
Hero: posts the ante 50
529c9025: posts the ante 50
cb7279b2: posts the ante 50
24b7235d: posts the ante 50
ccd2e3ee: posts the ante 50
d3a43b26: posts the ante 50
d3a43b26: posts small blind 175
24b7235d: posts big blind 350
*** HOLE CARDS ***
Dealt to 529c9025 
Dealt to 5baac73f 
Dealt to 3aa5bac0 
Dealt to Hero [5c 2d]
Dealt to d3a43b26 
Dealt to 24b7235d 
Dealt to cb7279b2 
Dealt to ccd2e3ee 
cb7279b2: folds
ccd2e3ee: folds
529c9025: folds
5baac73f: folds
3aa5bac0: folds
Hero: folds
d3a43b26: raises 875 to 1,225
24b7235d: raises 11,470 to 12,695 and is all-in
d3a43b26: folds
Uncalled bet (11,470) returned to 24b7235d
*** SHOWDOWN ***
24b7235d collected 2,850 from pot
*** SUMMARY ***
Total pot 2,850 | Rake 0 | Jackpot 0 | Bingo 0 | Fortune 0 | Tax 0
Seat 1: 529c9025 folded before Flop
Seat 2: 5baac73f folded before Flop
Seat 3: 3aa5bac0 folded before Flop
Seat 4: Hero (button) folded before Flop
Seat 5: d3a43b26 (small blind) folded before Flop
Seat 6: 24b7235d (big blind) collected (2,850)
Seat 7: cb7279b2 folded before Flop
Seat 8: ccd2e3ee folded before Flop


Poker Hand #TM5635700303: Tournament #266179099, Bounty Hunters Special $8.88 Hold'em No Limit - Level8(175/350(50)) - 2026/02/26 22:39:32
Table '4' 8-max Seat #3 is the button
Seat 1: 529c9025 (12,845 in chips)
Seat 2: 5baac73f (10,000 in chips)
Seat 3: 3aa5bac0 (82,208 in chips)
Seat 4: Hero (7,095 in chips)
Seat 5: d3a43b26 (25,800 in chips)
Seat 6: 24b7235d (9,471 in chips)
Seat 7: cb7279b2 (7,717 in chips)
Seat 8: ccd2e3ee (22,372 in chips)
5baac73f: posts the ante 50
3aa5bac0: posts the ante 50
Hero: posts the ante 50
529c9025: posts the ante 50
cb7279b2: posts the ante 50
24b7235d: posts the ante 50
ccd2e3ee: posts the ante 50
d3a43b26: posts the ante 50
Hero: posts small blind 175
d3a43b26: posts big blind 350
*** HOLE CARDS ***
Dealt to 529c9025 
Dealt to 5baac73f 
Dealt to 3aa5bac0 
Dealt to Hero [4d 2s]
Dealt to d3a43b26 
Dealt to 24b7235d 
Dealt to cb7279b2 
Dealt to ccd2e3ee 
24b7235d: raises 350 to 700
cb7279b2: folds
ccd2e3ee: folds
529c9025: calls 700
5baac73f: folds
3aa5bac0: calls 700
Hero: folds
d3a43b26: folds
*** FLOP *** [9d 2h Ac]
24b7235d: checks
529c9025: checks
3aa5bac0: checks
*** TURN *** [9d 2h Ac] [5d]
24b7235d: checks
529c9025: checks
3aa5bac0: bets 999
24b7235d: calls 999
529c9025: folds
*** RIVER *** [9d 2h Ac 5d] [Jc]
24b7235d: checks
3aa5bac0: checks
24b7235d: shows [7d 7c] (a pair of Sevens)
3aa5bac0: shows [3c 5c] (a pair of Fives)
*** SHOWDOWN ***
24b7235d collected 5,023 from pot
*** SUMMARY ***
Total pot 5,023 | Rake 0 | Jackpot 0 | Bingo 0 | Fortune 0 | Tax 0
Board [9d 2h Ac 5d Jc]
Seat 1: 529c9025 folded on the Turn
Seat 2: 5baac73f folded before Flop
Seat 3: 3aa5bac0 (button) showed [3c 5c] and lost with a pair of Fives
Seat 4: Hero (small blind) folded before Flop
Seat 5: d3a43b26 (big blind) folded before Flop
Seat 6: 24b7235d showed [7d 7c] and won (5,023) with a pair of Sevens
Seat 7: cb7279b2 folded before Flop
Seat 8: ccd2e3ee folded before Flop


Poker Hand #TM5635700290: Tournament #266179099, Bounty Hunters Special $8.88 Hold'em No Limit - Level8(175/350(50)) - 2026/02/26 22:39:11
Table '4' 8-max Seat #1 is the button
Seat 1: 529c9025 (12,895 in chips)
Seat 3: 3aa5bac0 (81,558 in chips)
Seat 4: Hero (7,495 in chips)
Seat 5: d3a43b26 (25,850 in chips)
Seat 6: 24b7235d (9,521 in chips)
Seat 7: cb7279b2 (7,767 in chips)
Seat 8: ccd2e3ee (22,422 in chips)
3aa5bac0: posts the ante 50
Hero: posts the ante 50
529c9025: posts the ante 50
cb7279b2: posts the ante 50
24b7235d: posts the ante 50
ccd2e3ee: posts the ante 50
d3a43b26: posts the ante 50
3aa5bac0: posts small blind 175
Hero: posts big blind 350
*** HOLE CARDS ***
Dealt to 529c9025 
Dealt to 3aa5bac0 
Dealt to Hero [5h 4d]
Dealt to d3a43b26 
Dealt to 24b7235d 
Dealt to cb7279b2 
Dealt to ccd2e3ee 
d3a43b26: folds
24b7235d: folds
cb7279b2: folds
ccd2e3ee: folds
529c9025: folds
3aa5bac0: raises 525 to 875
Hero: folds
Uncalled bet (525) returned to 3aa5bac0
*** SHOWDOWN ***
3aa5bac0 collected 1,050 from pot
*** SUMMARY ***
Total pot 1,050 | Rake 0 | Jackpot 0 | Bingo 0 | Fortune 0 | Tax 0
Seat 1: 529c9025 (button) folded before Flop
Seat 3: 3aa5bac0 (small blind) collected (1,050)
Seat 4: Hero (big blind) folded before Flop
Seat 5: d3a43b26 folded before Flop
Seat 6: 24b7235d folded before Flop
Seat 7: cb7279b2 folded before Flop
Seat 8: ccd2e3ee folded before Flop


Poker Hand #TM5635700259: Tournament #266179099, Bounty Hunters Special $8.88 Hold'em No Limit - Level8(175/350(50)) - 2026/02/26 22:37:47
Table '4' 8-max Seat #8 is the button
Seat 1: 529c9025 (13,820 in chips)
Seat 2: 154b1f1c (9,950 in chips)
Seat 3: 3aa5bac0 (81,608 in chips)
Seat 4: Hero (7,545 in chips)
Seat 5: d3a43b26 (14,775 in chips)
Seat 6: 24b7235d (9,571 in chips)
Seat 8: ccd2e3ee (22,472 in chips)
154b1f1c: posts the ante 50
3aa5bac0: posts the ante 50
Hero: posts the ante 50
529c9025: posts the ante 50
24b7235d: posts the ante 50
ccd2e3ee: posts the ante 50
d3a43b26: posts the ante 50
529c9025: posts small blind 175
154b1f1c: posts big blind 350
*** HOLE CARDS ***
Dealt to 529c9025 
Dealt to 154b1f1c 
Dealt to 3aa5bac0 
Dealt to Hero [6s 8c]
Dealt to d3a43b26 
Dealt to 24b7235d 
Dealt to ccd2e3ee 
3aa5bac0: folds
Hero: folds
d3a43b26: raises 525 to 875
24b7235d: folds
ccd2e3ee: folds
529c9025: calls 700
154b1f1c: calls 525
*** FLOP *** [6d 4s Qc]
529c9025: checks
154b1f1c: checks
d3a43b26: bets 875
529c9025: folds
154b1f1c: raises 1,560 to 2,435
d3a43b26: raises 11,415 to 13,850 and is all-in
154b1f1c: calls 6,590 and is all-in
Uncalled bet (4,825) returned to d3a43b26
d3a43b26: shows [Qd Jh] (a pair of Queens)
154b1f1c: shows [6c 4d] (two pair, Sixes and Fours)
*** TURN *** [6d 4s Qc] [Th]
*** RIVER *** [6d 4s Qc Th] [Jc]
*** SHOWDOWN ***
d3a43b26 collected 21,025 from pot
*** SUMMARY ***
Total pot 21,025 | Rake 0 | Jackpot 0 | Bingo 0 | Fortune 0 | Tax 0
Board [6d 4s Qc Th Jc]
Seat 1: 529c9025 (small blind) folded on the Flop
Seat 2: 154b1f1c (big blind) showed [6c 4d] and lost with two pair, Sixes and Fours
Seat 3: 3aa5bac0 folded before Flop
Seat 4: Hero folded before Flop
Seat 5: d3a43b26 showed [Qd Jh] and won (21,025) with two pair, Queens and Jacks
Seat 6: 24b7235d folded before Flop
Seat 8: ccd2e3ee (button) folded before Flop


Poker Hand #TM5635034721: Tournament #266179099, Bounty Hunters Special $8.88 Hold'em No Limit - Level8(175/350(50)) - 2026/02/26 22:36:16
Table '78' 8-max Seat #6 is the button
Seat 1: 54b9bb17 (19,901 in chips)
Seat 2: 664bd624 (19,896 in chips)
Seat 3: 1abfdb19 (34,179 in chips)
Seat 4: b6801109 (22,441 in chips)
Seat 5: Hero (7,595 in chips)
Seat 6: 67a5126d (5,325 in chips)
Seat 7: ebc2e532 (23,821 in chips)
Seat 8: 46c81531 (7,159 in chips)
664bd624: posts the ante 50
Hero: posts the ante 50
67a5126d: posts the ante 50
46c81531: posts the ante 50
54b9bb17: posts the ante 50
1abfdb19: posts the ante 50
ebc2e532: posts the ante 50
b6801109: posts the ante 50
ebc2e532: posts small blind 175
46c81531: posts big blind 350
*** HOLE CARDS ***
Dealt to 54b9bb17 
Dealt to 664bd624 
Dealt to 1abfdb19 
Dealt to b6801109 
Dealt to Hero [Qh 4h]
Dealt to 67a5126d 
Dealt to ebc2e532 
Dealt to 46c81531 
54b9bb17: folds
664bd624: folds
1abfdb19: raises 350 to 700
b6801109: folds
Hero: folds
67a5126d: raises 4,575 to 5,275 and is all-in
ebc2e532: raises 18,496 to 23,771 and is all-in
46c81531: folds
1abfdb19: calls 23,071
ebc2e532: shows [Qs Ah]
1abfdb19: shows [9d 9c]
67a5126d: shows [Kh As]
*** FLOP *** [3d 8h 2s]
*** TURN *** [3d 8h 2s] [5c]
*** RIVER *** [3d 8h 2s 5c] [6d]
*** SHOWDOWN ***
1abfdb19 collected 16,575 from pot
1abfdb19 collected 36,992 from pot
*** SUMMARY ***
Total pot 53,567 | Rake 0 | Jackpot 0 | Bingo 0 | Fortune 0 | Tax 0
Board [3d 8h 2s 5c 6d]
Seat 1: 54b9bb17 folded before Flop
Seat 2: 664bd624 folded before Flop
Seat 3: 1abfdb19 showed [9d 9c] and won (53,567) with a pair of Nines
Seat 4: b6801109 folded before Flop
Seat 5: Hero folded before Flop
Seat 6: 67a5126d (button) showed [Kh As] and lost with Ace high
Seat 7: ebc2e532 (small blind) showed [Qs Ah] and lost with Ace high
Seat 8: 46c81531 (big blind) folded before Flop


Poker Hand #TM5635034705: Tournament #266179099, Bounty Hunters Special $8.88 Hold'em No Limit - Level8(175/350(50)) - 2026/02/26 22:35:15
Table '78' 8-max Seat #5 is the button
Seat 1: 54b9bb17 (19,951 in chips)
Seat 2: 664bd624 (16,855 in chips)
Seat 3: 1abfdb19 (34,229 in chips)
Seat 4: b6801109 (22,491 in chips)
Seat 5: Hero (7,645 in chips)
Seat 6: 67a5126d (6,075 in chips)
Seat 7: ebc2e532 (24,221 in chips)
Seat 8: 46c81531 (8,850 in chips)
664bd624: posts the ante 50
Hero: posts the ante 50
46c81531: posts the ante 50
67a5126d: posts the ante 50
54b9bb17: posts the ante 50
1abfdb19: posts the ante 50
ebc2e532: posts the ante 50
b6801109: posts the ante 50
67a5126d: posts small blind 175
ebc2e532: posts big blind 350
*** HOLE CARDS ***
Dealt to 54b9bb17 
Dealt to 664bd624 
Dealt to 1abfdb19 
Dealt to b6801109 
Dealt to Hero [9h Kd]
Dealt to 67a5126d 
Dealt to ebc2e532 
Dealt to 46c81531 
46c81531: raises 350 to 700
54b9bb17: folds
664bd624: calls 700
1abfdb19: folds
b6801109: folds
Hero: folds
67a5126d: calls 525
ebc2e532: folds
*** FLOP *** [Jc 7h 4c]
67a5126d: checks
46c81531: bets 941
664bd624: calls 941
67a5126d: folds
*** TURN *** [Jc 7h 4c] [3c]
46c81531: checks
664bd624: bets 1,420
46c81531: folds
Uncalled bet (1,420) returned to 664bd624
*** SHOWDOWN ***
664bd624 collected 4,732 from pot
*** SUMMARY ***
Total pot 4,732 | Rake 0 | Jackpot 0 | Bingo 0 | Fortune 0 | Tax 0
Board [Jc 7h 4c 3c]
Seat 1: 54b9bb17 folded before Flop
Seat 2: 664bd624 won (4,732)
Seat 3: 1abfdb19 folded before Flop
Seat 4: b6801109 folded before Flop
Seat 5: Hero (button) folded before Flop
Seat 6: 67a5126d (small blind) folded on the Flop
Seat 7: ebc2e532 (big blind) folded before Flop
Seat 8: 46c81531 folded on the Turn


Poker Hand #TM5635034692: Tournament #266179099, Bounty Hunters Special $8.88 Hold'em No Limit - Level8(175/350(50)) - 2026/02/26 22:34:26
Table '78' 8-max Seat #4 is the button
Seat 1: 54b9bb17 (18,726 in chips)
Seat 2: 664bd624 (16,905 in chips)
Seat 3: 1abfdb19 (34,279 in chips)
Seat 4: b6801109 (22,541 in chips)
Seat 5: Hero (7,870 in chips)
Seat 6: 67a5126d (6,825 in chips)
Seat 7: ebc2e532 (24,271 in chips)
Seat 8: 46c81531 (8,900 in chips)
664bd624: posts the ante 50
Hero: posts the ante 50
46c81531: posts the ante 50
67a5126d: posts the ante 50
54b9bb17: posts the ante 50
1abfdb19: posts the ante 50
ebc2e532: posts the ante 50
b6801109: posts the ante 50
Hero: posts small blind 175
67a5126d: posts big blind 350
*** HOLE CARDS ***
Dealt to 54b9bb17 
Dealt to 664bd624 
Dealt to 1abfdb19 
Dealt to b6801109 
Dealt to Hero [Qs 4s]
Dealt to 67a5126d 
Dealt to ebc2e532 
Dealt to 46c81531 
ebc2e532: folds
46c81531: folds
54b9bb17: raises 350 to 700
664bd624: folds
1abfdb19: folds
b6801109: folds
Hero: folds
67a5126d: calls 350
*** FLOP *** [Js Ts 5d]
67a5126d: checks
54b9bb17: bets 652
67a5126d: folds
Uncalled bet (652) returned to 54b9bb17
*** SHOWDOWN ***
54b9bb17 collected 1,975 from pot
*** SUMMARY ***
Total pot 1,975 | Rake 0 | Jackpot 0 | Bingo 0 | Fortune 0 | Tax 0
Board [Js Ts 5d]
Seat 1: 54b9bb17 won (1,975)
Seat 2: 664bd624 folded before Flop
Seat 3: 1abfdb19 folded before Flop
Seat 4: b6801109 (button) folded before Flop
Seat 5: Hero (small blind) folded before Flop
Seat 6: 67a5126d (big blind) folded on the Flop
Seat 7: ebc2e532 folded before Flop
Seat 8: 46c81531 folded before Flop


Poker Hand #TM5635034667: Tournament #266179099, Bounty Hunters Special $8.88 Hold'em No Limit - Level7(150/300(45)) - 2026/02/26 22:32:49
Table '78' 8-max Seat #3 is the button
Seat 1: 54b9bb17 (18,771 in chips)
Seat 2: 664bd624 (16,950 in chips)
Seat 3: 1abfdb19 (38,327 in chips)
Seat 4: b6801109 (17,623 in chips)
Seat 5: Hero (8,515 in chips)
Seat 6: 67a5126d (6,870 in chips)
Seat 7: ebc2e532 (24,316 in chips)
Seat 8: 46c81531 (8,945 in chips)
664bd624: posts the ante 45
Hero: posts the ante 45
46c81531: posts the ante 45
67a5126d: posts the ante 45
54b9bb17: posts the ante 45
1abfdb19: posts the ante 45
ebc2e532: posts the ante 45
b6801109: posts the ante 45
b6801109: posts small blind 150
Hero: posts big blind 300
*** HOLE CARDS ***
Dealt to 54b9bb17 
Dealt to 664bd624 
Dealt to 1abfdb19 
Dealt to b6801109 
Dealt to Hero [Qc 6d]
Dealt to 67a5126d 
Dealt to ebc2e532 
Dealt to 46c81531 
67a5126d: folds
ebc2e532: folds
46c81531: folds
54b9bb17: folds
664bd624: folds
1abfdb19: raises 300 to 600
b6801109: calls 450
Hero: calls 300
*** FLOP *** [8s Ac As]
b6801109: checks
Hero: checks
1abfdb19: bets 713
b6801109: calls 713
Hero: folds
*** TURN *** [8s Ac As] [Ts]
b6801109: checks
1abfdb19: checks
*** RIVER *** [8s Ac As Ts] [Ah]
b6801109: checks
1abfdb19: bets 2,690
b6801109: calls 2,690
1abfdb19: shows [7c 5d] (three of a kind, Aces)
b6801109: shows [3c 3d] (a full house, Aces full of Threes)
*** SHOWDOWN ***
b6801109 collected 8,966 from pot
*** SUMMARY ***
Total pot 8,966 | Rake 0 | Jackpot 0 | Bingo 0 | Fortune 0 | Tax 0
Board [8s Ac As Ts Ah]
Seat 1: 54b9bb17 folded before Flop
Seat 2: 664bd624 folded before Flop
Seat 3: 1abfdb19 (button) showed [7c 5d] and lost with three of a kind, Aces
Seat 4: b6801109 (small blind) showed [3c 3d] and won (8,966) with a full house, Aces full of Threes
Seat 5: Hero (big blind) folded on the Flop
Seat 6: 67a5126d folded before Flop
Seat 7: ebc2e532 folded before Flop
Seat 8: 46c81531 folded before Flop


Poker Hand #TM5635034640: Tournament #266179099, Bounty Hunters Special $8.88 Hold'em No Limit - Level7(150/300(45)) - 2026/02/26 22:31:23
Table '78' 8-max Seat #2 is the button
Seat 1: 54b9bb17 (18,816 in chips)
Seat 2: 664bd624 (16,995 in chips)
Seat 3: 1abfdb19 (40,892 in chips)
Seat 4: b6801109 (14,788 in chips)
Seat 5: Hero (8,560 in chips)
Seat 6: 67a5126d (6,915 in chips)
Seat 7: ebc2e532 (24,361 in chips)
Seat 8: 46c81531 (8,990 in chips)
664bd624: posts the ante 45
Hero: posts the ante 45
46c81531: posts the ante 45
67a5126d: posts the ante 45
54b9bb17: posts the ante 45
1abfdb19: posts the ante 45
ebc2e532: posts the ante 45
b6801109: posts the ante 45
1abfdb19: posts small blind 150
b6801109: posts big blind 300
*** HOLE CARDS ***
Dealt to 54b9bb17 
Dealt to 664bd624 
Dealt to 1abfdb19 
Dealt to b6801109 
Dealt to Hero [Qs 2s]
Dealt to 67a5126d 
Dealt to ebc2e532 
Dealt to 46c81531 
Hero: folds
67a5126d: folds
ebc2e532: folds
46c81531: folds
54b9bb17: folds
664bd624: folds
1abfdb19: raises 600 to 900
b6801109: raises 1,620 to 2,520
1abfdb19: calls 1,620
*** FLOP *** [8d 5d Ah]
1abfdb19: checks
b6801109: bets 1,500
1abfdb19: folds
Uncalled bet (1,500) returned to b6801109
*** SHOWDOWN ***
b6801109 collected 5,400 from pot
*** SUMMARY ***
Total pot 5,400 | Rake 0 | Jackpot 0 | Bingo 0 | Fortune 0 | Tax 0
Board [8d 5d Ah]
Seat 1: 54b9bb17 folded before Flop
Seat 2: 664bd624 (button) folded before Flop
Seat 3: 1abfdb19 (small blind) folded on the Flop
Seat 4: b6801109 (big blind) won (5,400)
Seat 5: Hero folded before Flop
Seat 6: 67a5126d folded before Flop
Seat 7: ebc2e532 folded before Flop
Seat 8: 46c81531 folded before Flop


Poker Hand #TM5635034625: Tournament #266179099, Bounty Hunters Special $8.88 Hold'em No Limit - Level7(150/300(45)) - 2026/02/26 22:30:19
Table '78' 8-max Seat #1 is the button
Seat 1: 54b9bb17 (18,861 in chips)
Seat 2: 664bd624 (17,190 in chips)
Seat 3: 1abfdb19 (39,827 in chips)
Seat 4: b6801109 (14,833 in chips)
Seat 5: Hero (8,605 in chips)
Seat 6: 67a5126d (6,960 in chips)
Seat 7: ebc2e532 (25,006 in chips)
Seat 8: 46c81531 (9,035 in chips)
664bd624: posts the ante 45
Hero: posts the ante 45
46c81531: posts the ante 45
67a5126d: posts the ante 45
54b9bb17: posts the ante 45
1abfdb19: posts the ante 45
ebc2e532: posts the ante 45
b6801109: posts the ante 45
664bd624: posts small blind 150
1abfdb19: posts big blind 300
*** HOLE CARDS ***
Dealt to 54b9bb17 
Dealt to 664bd624 
Dealt to 1abfdb19 
Dealt to b6801109 
Dealt to Hero [Jd 2c]
Dealt to 67a5126d 
Dealt to ebc2e532 
Dealt to 46c81531 
b6801109: folds
Hero: folds
67a5126d: folds
ebc2e532: raises 300 to 600
46c81531: folds
54b9bb17: folds
664bd624: folds
1abfdb19: calls 300
*** FLOP *** [6d 3h 8d]
1abfdb19: checks
ebc2e532: checks
*** TURN *** [6d 3h 8d] [Ad]
1abfdb19: checks
ebc2e532: checks
*** RIVER *** [6d 3h 8d Ad] [9h]
1abfdb19: bets 565
ebc2e532: folds
Uncalled bet (565) returned to 1abfdb19
*** SHOWDOWN ***
1abfdb19 collected 1,710 from pot
*** SUMMARY ***
Total pot 1,710 | Rake 0 | Jackpot 0 | Bingo 0 | Fortune 0 | Tax 0
Board [6d 3h 8d Ad 9h]
Seat 1: 54b9bb17 (button) folded before Flop
Seat 2: 664bd624 (small blind) folded before Flop
Seat 3: 1abfdb19 (big blind) won (1,710)
Seat 4: b6801109 folded before Flop
Seat 5: Hero folded before Flop
Seat 6: 67a5126d folded before Flop
Seat 7: ebc2e532 folded on the River
Seat 8: 46c81531 folded before Flop


Poker Hand #TM5635034623: Tournament #266179099, Bounty Hunters Special $8.88 Hold'em No Limit - Level7(150/300(45)) - 2026/02/26 22:30:03
Table '78' 8-max Seat #8 is the button
Seat 1: 54b9bb17 (19,056 in chips)
Seat 2: 664bd624 (16,725 in chips)
Seat 3: 1abfdb19 (39,872 in chips)
Seat 4: b6801109 (14,878 in chips)
Seat 5: Hero (8,650 in chips)
Seat 6: 67a5126d (7,005 in chips)
Seat 7: ebc2e532 (25,051 in chips)
Seat 8: 46c81531 (9,080 in chips)
664bd624: posts the ante 45
Hero: posts the ante 45
46c81531: posts the ante 45
67a5126d: posts the ante 45
54b9bb17: posts the ante 45
1abfdb19: posts the ante 45
ebc2e532: posts the ante 45
b6801109: posts the ante 45
54b9bb17: posts small blind 150
664bd624: posts big blind 300
*** HOLE CARDS ***
Dealt to 54b9bb17 
Dealt to 664bd624 
Dealt to 1abfdb19 
Dealt to b6801109 
Dealt to Hero [Qc 3h]
Dealt to 67a5126d 
Dealt to ebc2e532 
Dealt to 46c81531 
1abfdb19: folds
b6801109: folds
Hero: folds
67a5126d: folds
ebc2e532: folds
46c81531: folds
54b9bb17: folds
Uncalled bet (150) returned to 664bd624
*** SHOWDOWN ***
664bd624 collected 660 from pot
*** SUMMARY ***
Total pot 660 | Rake 0 | Jackpot 0 | Bingo 0 | Fortune 0 | Tax 0
Seat 1: 54b9bb17 (small blind) folded before Flop
Seat 2: 664bd624 (big blind) collected (660)
Seat 3: 1abfdb19 folded before Flop
Seat 4: b6801109 folded before Flop
Seat 5: Hero folded before Flop
Seat 6: 67a5126d folded before Flop
Seat 7: ebc2e532 folded before Flop
Seat 8: 46c81531 (button) folded before Flop


Poker Hand #TM5635034611: Tournament #266179099, Bounty Hunters Special $8.88 Hold'em No Limit - Level7(150/300(45)) - 2026/02/26 22:29:42
Table '78' 8-max Seat #7 is the button
Seat 1: 54b9bb17 (19,401 in chips)
Seat 2: 664bd624 (16,770 in chips)
Seat 3: 1abfdb19 (39,917 in chips)
Seat 4: b6801109 (14,923 in chips)
Seat 5: Hero (7,885 in chips)
Seat 6: 67a5126d (7,050 in chips)
Seat 7: ebc2e532 (25,096 in chips)
Seat 8: 46c81531 (9,275 in chips)
664bd624: posts the ante 45
Hero: posts the ante 45
67a5126d: posts the ante 45
46c81531: posts the ante 45
54b9bb17: posts the ante 45
1abfdb19: posts the ante 45
ebc2e532: posts the ante 45
b6801109: posts the ante 45
46c81531: posts small blind 150
54b9bb17: posts big blind 300
*** HOLE CARDS ***
Dealt to 54b9bb17 
Dealt to 664bd624 
Dealt to 1abfdb19 
Dealt to b6801109 
Dealt to Hero [Tc Ac]
Dealt to 67a5126d 
Dealt to ebc2e532 
Dealt to 46c81531 
664bd624: folds
1abfdb19: folds
b6801109: folds
Hero: raises 300 to 600
67a5126d: folds
ebc2e532: folds
46c81531: folds
54b9bb17: folds
Uncalled bet (300) returned to Hero
*** SHOWDOWN ***
Hero collected 1,110 from pot
*** SUMMARY ***
Total pot 1,110 | Rake 0 | Jackpot 0 | Bingo 0 | Fortune 0 | Tax 0
Seat 1: 54b9bb17 (big blind) folded before Flop
Seat 2: 664bd624 folded before Flop
Seat 3: 1abfdb19 folded before Flop
Seat 4: b6801109 folded before Flop
Seat 5: Hero collected (1,110)
Seat 6: 67a5126d folded before Flop
Seat 7: ebc2e532 (button) folded before Flop
Seat 8: 46c81531 (small blind) folded before Flop


Poker Hand #TM5635034603: Tournament #266179099, Bounty Hunters Special $8.88 Hold'em No Limit - Level7(150/300(45)) - 2026/02/26 22:28:43
Table '78' 8-max Seat #6 is the button
Seat 1: 54b9bb17 (19,446 in chips)
Seat 2: 664bd624 (16,815 in chips)
Seat 3: 1abfdb19 (42,782 in chips)
Seat 4: b6801109 (15,568 in chips)
Seat 5: Hero (7,930 in chips)
Seat 6: 67a5126d (2,865 in chips)
Seat 7: ebc2e532 (25,291 in chips)
Seat 8: 46c81531 (9,620 in chips)
664bd624: posts the ante 45
Hero: posts the ante 45
67a5126d: posts the ante 45
46c81531: posts the ante 45
54b9bb17: posts the ante 45
1abfdb19: posts the ante 45
ebc2e532: posts the ante 45
b6801109: posts the ante 45
ebc2e532: posts small blind 150
46c81531: posts big blind 300
*** HOLE CARDS ***
Dealt to 54b9bb17 
Dealt to 664bd624 
Dealt to 1abfdb19 
Dealt to b6801109 
Dealt to Hero [Ah 5s]
Dealt to 67a5126d 
Dealt to ebc2e532 
Dealt to 46c81531 
54b9bb17: folds
664bd624: folds
1abfdb19: raises 300 to 600
b6801109: calls 600
Hero: folds
67a5126d: raises 2,220 to 2,820 and is all-in
ebc2e532: folds
46c81531: folds
1abfdb19: raises 39,917 to 42,737 and is all-in
b6801109: folds
Uncalled bet (39,917) returned to 1abfdb19
1abfdb19: shows [Ac Ts]
67a5126d: shows [Jd Qd]
*** FLOP *** [6s Tc Qc]
*** TURN *** [6s Tc Qc] [5h]
*** RIVER *** [6s Tc Qc 5h] [Qh]
*** SHOWDOWN ***
67a5126d collected 7,050 from pot
*** SUMMARY ***
Total pot 7,050 | Rake 0 | Jackpot 0 | Bingo 0 | Fortune 0 | Tax 0
Board [6s Tc Qc 5h Qh]
Seat 1: 54b9bb17 folded before Flop
Seat 2: 664bd624 folded before Flop
Seat 3: 1abfdb19 showed [Ac Ts] and lost with two pair, Queens and Tens
Seat 4: b6801109 folded before Flop
Seat 5: Hero folded before Flop
Seat 6: 67a5126d (button) showed [Jd Qd] and won (7,050) with three of a kind, Queens
Seat 7: ebc2e532 (small blind) folded before Flop
Seat 8: 46c81531 (big blind) folded before Flop


Poker Hand #TM5635034592: Tournament #266179099, Bounty Hunters Special $8.88 Hold'em No Limit - Level7(150/300(45)) - 2026/02/26 22:28:14
Table '78' 8-max Seat #5 is the button
Seat 1: 54b9bb17 (19,491 in chips)
Seat 2: 664bd624 (16,860 in chips)
Seat 3: 1abfdb19 (42,017 in chips)
Seat 4: b6801109 (15,613 in chips)
Seat 5: Hero (7,975 in chips)
Seat 6: 67a5126d (3,060 in chips)
Seat 7: ebc2e532 (25,636 in chips)
Seat 8: 46c81531 (9,665 in chips)
664bd624: posts the ante 45
Hero: posts the ante 45
46c81531: posts the ante 45
67a5126d: posts the ante 45
54b9bb17: posts the ante 45
1abfdb19: posts the ante 45
ebc2e532: posts the ante 45
b6801109: posts the ante 45
67a5126d: posts small blind 150
ebc2e532: posts big blind 300
*** HOLE CARDS ***
Dealt to 54b9bb17 
Dealt to 664bd624 
Dealt to 1abfdb19 
Dealt to b6801109 
Dealt to Hero [8c 5c]
Dealt to 67a5126d 
Dealt to ebc2e532 
Dealt to 46c81531 
46c81531: folds
54b9bb17: folds
664bd624: folds
1abfdb19: raises 300 to 600
b6801109: folds
Hero: folds
67a5126d: folds
ebc2e532: folds
Uncalled bet (300) returned to 1abfdb19
*** SHOWDOWN ***
1abfdb19 collected 1,110 from pot
*** SUMMARY ***
Total pot 1,110 | Rake 0 | Jackpot 0 | Bingo 0 | Fortune 0 | Tax 0
Seat 1: 54b9bb17 folded before Flop
Seat 2: 664bd624 folded before Flop
Seat 3: 1abfdb19 collected (1,110)
Seat 4: b6801109 folded before Flop
Seat 5: Hero (button) folded before Flop
Seat 6: 67a5126d (small blind) folded before Flop
Seat 7: ebc2e532 (big blind) folded before Flop
Seat 8: 46c81531 folded before Flop


Poker Hand #TM5635034579: Tournament #266179099, Bounty Hunters Special $8.88 Hold'em No Limit - Level7(150/300(45)) - 2026/02/26 22:27:20
Table '78' 8-max Seat #4 is the button
Seat 1: 54b9bb17 (21,936 in chips)
Seat 3: 1abfdb19 (38,897 in chips)
Seat 4: b6801109 (15,658 in chips)
Seat 5: Hero (8,170 in chips)
Seat 6: 67a5126d (3,405 in chips)
Seat 7: ebc2e532 (25,681 in chips)
Seat 8: 46c81531 (9,710 in chips)
Hero: posts the ante 45
46c81531: posts the ante 45
67a5126d: posts the ante 45
54b9bb17: posts the ante 45
1abfdb19: posts the ante 45
ebc2e532: posts the ante 45
b6801109: posts the ante 45
Hero: posts small blind 150
67a5126d: posts big blind 300
*** HOLE CARDS ***
Dealt to 54b9bb17 
Dealt to 1abfdb19 
Dealt to b6801109 
Dealt to Hero [3s 7h]
Dealt to 67a5126d 
Dealt to ebc2e532 
Dealt to 46c81531 
ebc2e532: folds
46c81531: folds
54b9bb17: raises 450 to 750
1abfdb19: raises 1,650 to 2,400
b6801109: folds
Hero: folds
67a5126d: folds
54b9bb17: calls 1,650
*** FLOP *** [9c 3c 4h]
54b9bb17: checks
1abfdb19: bets 1,837
54b9bb17: folds
Uncalled bet (1,837) returned to 1abfdb19
*** SHOWDOWN ***
1abfdb19 collected 5,565 from pot
*** SUMMARY ***
Total pot 5,565 | Rake 0 | Jackpot 0 | Bingo 0 | Fortune 0 | Tax 0
Board [9c 3c 4h]
Seat 1: 54b9bb17 folded on the Flop
Seat 3: 1abfdb19 won (5,565)
Seat 4: b6801109 (button) folded before Flop
Seat 5: Hero (small blind) folded before Flop
Seat 6: 67a5126d (big blind) folded before Flop
Seat 7: ebc2e532 folded before Flop
Seat 8: 46c81531 folded before Flop


Poker Hand #TM5635034566: Tournament #266179099, Bounty Hunters Special $8.88 Hold'em No Limit - Level7(150/300(45)) - 2026/02/26 22:26:26
Table '78' 8-max Seat #3 is the button
Seat 1: 54b9bb17 (18,283 in chips)
Seat 3: 1abfdb19 (40,975 in chips)
Seat 4: b6801109 (15,853 in chips)
Seat 5: Hero (8,815 in chips)
Seat 6: 67a5126d (3,450 in chips)
Seat 7: ebc2e532 (25,726 in chips)
Seat 8: 46c81531 (10,355 in chips)
Hero: posts the ante 45
46c81531: posts the ante 45
67a5126d: posts the ante 45
54b9bb17: posts the ante 45
1abfdb19: posts the ante 45
ebc2e532: posts the ante 45
b6801109: posts the ante 45
b6801109: posts small blind 150
Hero: posts big blind 300
*** HOLE CARDS ***
Dealt to 54b9bb17 
Dealt to 1abfdb19 
Dealt to b6801109 
Dealt to Hero [Ac 5c]
Dealt to 67a5126d 
Dealt to ebc2e532 
Dealt to 46c81531 
67a5126d: folds
ebc2e532: folds
46c81531: raises 300 to 600
54b9bb17: calls 600
1abfdb19: calls 600
b6801109: folds
Hero: calls 300
*** FLOP *** [6s 8h Ts]
Hero: checks
46c81531: checks
54b9bb17: bets 1,433
1abfdb19: calls 1,433
Hero: folds
46c81531: folds
*** TURN *** [6s 8h Ts] [Ah]
54b9bb17: bets 2,866
1abfdb19: folds
Uncalled bet (2,866) returned to 54b9bb17
*** SHOWDOWN ***
54b9bb17 collected 5,731 from pot
*** SUMMARY ***
Total pot 5,731 | Rake 0 | Jackpot 0 | Bingo 0 | Fortune 0 | Tax 0
Board [6s 8h Ts Ah]
Seat 1: 54b9bb17 won (5,731)
Seat 3: 1abfdb19 (button) folded on the Turn
Seat 4: b6801109 (small blind) folded before Flop
Seat 5: Hero (big blind) folded on the Flop
Seat 6: 67a5126d folded before Flop
Seat 7: ebc2e532 folded before Flop
Seat 8: 46c81531 folded on the Flop


Poker Hand #TM5635034559: Tournament #266179099, Bounty Hunters Special $8.88 Hold'em No Limit - Level7(150/300(45)) - 2026/02/26 22:25:53
Table '78' 8-max Seat #1 is the button
Seat 1: 54b9bb17 (18,328 in chips)
Seat 3: 1abfdb19 (41,170 in chips)
Seat 4: b6801109 (16,198 in chips)
Seat 5: Hero (8,860 in chips)
Seat 6: 67a5126d (2,730 in chips)
Seat 7: ebc2e532 (25,771 in chips)
Seat 8: 46c81531 (10,400 in chips)
Hero: posts the ante 45
46c81531: posts the ante 45
67a5126d: posts the ante 45
54b9bb17: posts the ante 45
1abfdb19: posts the ante 45
ebc2e532: posts the ante 45
b6801109: posts the ante 45
1abfdb19: posts small blind 150
b6801109: posts big blind 300
*** HOLE CARDS ***
Dealt to 54b9bb17 
Dealt to 1abfdb19 
Dealt to b6801109 
Dealt to Hero [3c Qs]
Dealt to 67a5126d 
Dealt to ebc2e532 
Dealt to 46c81531 
Hero: folds
67a5126d: raises 2,385 to 2,685 and is all-in
ebc2e532: folds
46c81531: folds
54b9bb17: folds
1abfdb19: folds
b6801109: folds
Uncalled bet (2,385) returned to 67a5126d
*** SHOWDOWN ***
67a5126d collected 1,065 from pot
*** SUMMARY ***
Total pot 1,065 | Rake 0 | Jackpot 0 | Bingo 0 | Fortune 0 | Tax 0
Seat 1: 54b9bb17 (button) folded before Flop
Seat 3: 1abfdb19 (small blind) folded before Flop
Seat 4: b6801109 (big blind) folded before Flop
Seat 5: Hero folded before Flop
Seat 6: 67a5126d collected (1,065)
Seat 7: ebc2e532 folded before Flop
Seat 8: 46c81531 folded before Flop


Poker Hand #TM5635034542: Tournament #266179099, Bounty Hunters Special $8.88 Hold'em No Limit - Level6(125/250(35)) - 2026/02/26 22:24:56
Table '78' 8-max Seat #8 is the button
Seat 1: 54b9bb17 (18,488 in chips)
Seat 2: 608014cf (6,010 in chips)
Seat 3: 1abfdb19 (17,430 in chips)
Seat 4: b6801109 (16,233 in chips)
Seat 5: Hero (8,895 in chips)
Seat 6: 67a5126d (20,160 in chips)
Seat 7: ebc2e532 (25,806 in chips)
Seat 8: 46c81531 (10,435 in chips)
Hero: posts the ante 35
46c81531: posts the ante 35
67a5126d: posts the ante 35
608014cf: posts the ante 35
54b9bb17: posts the ante 35
1abfdb19: posts the ante 35
ebc2e532: posts the ante 35
b6801109: posts the ante 35
54b9bb17: posts small blind 125
608014cf: posts big blind 250
*** HOLE CARDS ***
Dealt to 54b9bb17 
Dealt to 608014cf 
Dealt to 1abfdb19 
Dealt to b6801109 
Dealt to Hero [4c Tc]
Dealt to 67a5126d 
Dealt to ebc2e532 
Dealt to 46c81531 
1abfdb19: raises 250 to 500
b6801109: folds
Hero: folds
67a5126d: calls 500
ebc2e532: folds
46c81531: folds
54b9bb17: folds
608014cf: raises 5,475 to 5,975 and is all-in
1abfdb19: raises 11,420 to 17,395 and is all-in
67a5126d: calls 16,895
1abfdb19: shows [Ah Ks]
67a5126d: shows [Kh Ts]
608014cf: shows [Ad Qc]
*** FLOP *** [6s Js Qd]
*** TURN *** [6s Js Qd] [Jc]
*** RIVER *** [6s Js Qd Jc] [Th]
*** SHOWDOWN ***
1abfdb19 collected 18,330 from pot
1abfdb19 collected 22,840 from pot
*** SUMMARY ***
Total pot 41,170 | Rake 0 | Jackpot 0 | Bingo 0 | Fortune 0 | Tax 0
Board [6s Js Qd Jc Th]
Seat 1: 54b9bb17 (small blind) folded before Flop
Seat 2: 608014cf (big blind) showed [Ad Qc] and lost with two pair, Queens and Jacks
Seat 3: 1abfdb19 showed [Ah Ks] and won (41,170) with a straight, Ace to Ten
Seat 4: b6801109 folded before Flop
Seat 5: Hero folded before Flop
Seat 6: 67a5126d showed [Kh Ts] and lost with two pair, Jacks and Tens
Seat 7: ebc2e532 folded before Flop
Seat 8: 46c81531 (button) folded before Flop


Poker Hand #TM5635034518: Tournament #266179099, Bounty Hunters Special $8.88 Hold'em No Limit - Level6(125/250(35)) - 2026/02/26 22:23:11
Table '78' 8-max Seat #7 is the button
Seat 1: 54b9bb17 (18,773 in chips)
Seat 2: 608014cf (13,834 in chips)
Seat 3: 1abfdb19 (17,465 in chips)
Seat 4: b6801109 (7,824 in chips)
Seat 5: Hero (8,930 in chips)
Seat 6: 67a5126d (20,195 in chips)
Seat 7: ebc2e532 (25,841 in chips)
Seat 8: 46c81531 (10,595 in chips)
Hero: posts the ante 35
67a5126d: posts the ante 35
46c81531: posts the ante 35
608014cf: posts the ante 35
54b9bb17: posts the ante 35
1abfdb19: posts the ante 35
ebc2e532: posts the ante 35
b6801109: posts the ante 35
46c81531: posts small blind 125
54b9bb17: posts big blind 250
*** HOLE CARDS ***
Dealt to 54b9bb17 
Dealt to 608014cf 
Dealt to 1abfdb19 
Dealt to b6801109 
Dealt to Hero [9c Kh]
Dealt to 67a5126d 
Dealt to ebc2e532 
Dealt to 46c81531 
608014cf: raises 275 to 525
1abfdb19: folds
b6801109: calls 525
Hero: folds
67a5126d: folds
ebc2e532: folds
46c81531: folds
54b9bb17: folds
*** FLOP *** [8s 6c 8c]
608014cf: bets 1,353
b6801109: raises 1,706 to 3,059
608014cf: raises 1,706 to 4,765
b6801109: calls 1,706
*** TURN *** [8s 6c 8c] [8d]
608014cf: bets 2,750
b6801109: calls 2,499 and is all-in
Uncalled bet (251) returned to 608014cf
608014cf: shows [3c Ac] (three of a kind, Eights)
b6801109: shows [4s 4h] (a full house, Eights full of Fours)
*** RIVER *** [8s 6c 8c 8d] [Th]
*** SHOWDOWN ***
b6801109 collected 16,233 from pot
*** SUMMARY ***
Total pot 16,233 | Rake 0 | Jackpot 0 | Bingo 0 | Fortune 0 | Tax 0
Board [8s 6c 8c 8d Th]
Seat 1: 54b9bb17 (big blind) folded before Flop
Seat 2: 608014cf showed [3c Ac] and lost with three of a kind, Eights
Seat 3: 1abfdb19 folded before Flop
Seat 4: b6801109 showed [4s 4h] and won (16,233) with a full house, Eights full of Fours
Seat 5: Hero folded before Flop
Seat 6: 67a5126d folded before Flop
Seat 7: ebc2e532 (button) folded before Flop
Seat 8: 46c81531 (small blind) folded before Flop


Poker Hand #TM5635034509: Tournament #266179099, Bounty Hunters Special $8.88 Hold'em No Limit - Level6(125/250(35)) - 2026/02/26 22:22:23
Table '78' 8-max Seat #6 is the button
Seat 1: 54b9bb17 (18,808 in chips)
Seat 2: 608014cf (13,869 in chips)
Seat 3: 1abfdb19 (17,500 in chips)
Seat 4: b6801109 (8,359 in chips)
Seat 5: Hero (8,965 in chips)
Seat 6: 67a5126d (20,230 in chips)
Seat 7: ebc2e532 (24,846 in chips)
Seat 8: 46c81531 (10,880 in chips)
Hero: posts the ante 35
67a5126d: posts the ante 35
46c81531: posts the ante 35
608014cf: posts the ante 35
54b9bb17: posts the ante 35
1abfdb19: posts the ante 35
ebc2e532: posts the ante 35
b6801109: posts the ante 35
ebc2e532: posts small blind 125
46c81531: posts big blind 250
*** HOLE CARDS ***
Dealt to 54b9bb17 
Dealt to 608014cf 
Dealt to 1abfdb19 
Dealt to b6801109 
Dealt to Hero [3s 7h]
Dealt to 67a5126d 
Dealt to ebc2e532 
Dealt to 46c81531 
54b9bb17: folds
608014cf: folds
1abfdb19: folds
b6801109: raises 250 to 500
Hero: folds
67a5126d: folds
ebc2e532: raises 24,311 to 24,811 and is all-in
46c81531: folds
b6801109: folds
Uncalled bet (24,311) returned to ebc2e532
*** SHOWDOWN ***
ebc2e532 collected 1,530 from pot
*** SUMMARY ***
Total pot 1,530 | Rake 0 | Jackpot 0 | Bingo 0 | Fortune 0 | Tax 0
Seat 1: 54b9bb17 folded before Flop
Seat 2: 608014cf folded before Flop
Seat 3: 1abfdb19 folded before Flop
Seat 4: b6801109 folded before Flop
Seat 5: Hero folded before Flop
Seat 6: 67a5126d (button) folded before Flop
Seat 7: ebc2e532 (small blind) collected (1,530)
Seat 8: 46c81531 (big blind) folded before Flop


Poker Hand #TM5635034496: Tournament #266179099, Bounty Hunters Special $8.88 Hold'em No Limit - Level6(125/250(35)) - 2026/02/26 22:21:35
Table '78' 8-max Seat #5 is the button
Seat 1: 54b9bb17 (18,843 in chips)
Seat 2: 608014cf (13,904 in chips)
Seat 3: 1abfdb19 (21,690 in chips)
Seat 4: b6801109 (8,394 in chips)
Seat 5: Hero (4,190 in chips)
Seat 6: 67a5126d (20,390 in chips)
Seat 7: ebc2e532 (25,131 in chips)
Seat 8: 46c81531 (10,915 in chips)
Hero: posts the ante 35
46c81531: posts the ante 35
67a5126d: posts the ante 35
608014cf: posts the ante 35
54b9bb17: posts the ante 35
1abfdb19: posts the ante 35
ebc2e532: posts the ante 35
b6801109: posts the ante 35
67a5126d: posts small blind 125
ebc2e532: posts big blind 250
*** HOLE CARDS ***
Dealt to 54b9bb17 
Dealt to 608014cf 
Dealt to 1abfdb19 
Dealt to b6801109 
Dealt to Hero [Kd Ad]
Dealt to 67a5126d 
Dealt to ebc2e532 
Dealt to 46c81531 
46c81531: folds
54b9bb17: folds
608014cf: folds
1abfdb19: raises 250 to 500
b6801109: folds
Hero: raises 3,655 to 4,155 and is all-in
67a5126d: folds
ebc2e532: folds
1abfdb19: calls 3,655
Hero: shows [Kd Ad]
1abfdb19: shows [Qc As]
*** FLOP *** [5c 3c 4d]
*** TURN *** [5c 3c 4d] [Ah]
*** RIVER *** [5c 3c 4d Ah] [Jd]
*** SHOWDOWN ***
Hero collected 8,965 from pot
*** SUMMARY ***
Total pot 8,965 | Rake 0 | Jackpot 0 | Bingo 0 | Fortune 0 | Tax 0
Board [5c 3c 4d Ah Jd]
Seat 1: 54b9bb17 folded before Flop
Seat 2: 608014cf folded before Flop
Seat 3: 1abfdb19 showed [Qc As] and lost with a pair of Aces
Seat 4: b6801109 folded before Flop
Seat 5: Hero (button) showed [Kd Ad] and won (8,965) with a pair of Aces
Seat 6: 67a5126d (small blind) folded before Flop
Seat 7: ebc2e532 (big blind) folded before Flop
Seat 8: 46c81531 folded before Flop


Poker Hand #TM5635034487: Tournament #266179099, Bounty Hunters Special $8.88 Hold'em No Limit - Level6(125/250(35)) - 2026/02/26 22:20:48
Table '78' 8-max Seat #4 is the button
Seat 1: 54b9bb17 (21,128 in chips)
Seat 2: 608014cf (10,534 in chips)
Seat 3: 1abfdb19 (21,725 in chips)
Seat 4: b6801109 (8,429 in chips)
Seat 5: Hero (4,350 in chips)
Seat 6: 67a5126d (20,675 in chips)
Seat 7: ebc2e532 (25,166 in chips)
Seat 8: 46c81531 (11,450 in chips)
Hero: posts the ante 35
46c81531: posts the ante 35
67a5126d: posts the ante 35
608014cf: posts the ante 35
54b9bb17: posts the ante 35
1abfdb19: posts the ante 35
ebc2e532: posts the ante 35
b6801109: posts the ante 35
Hero: posts small blind 125
67a5126d: posts big blind 250
*** HOLE CARDS ***
Dealt to 54b9bb17 
Dealt to 608014cf 
Dealt to 1abfdb19 
Dealt to b6801109 
Dealt to Hero [6s Th]
Dealt to 67a5126d 
Dealt to ebc2e532 
Dealt to 46c81531 
ebc2e532: folds
46c81531: raises 250 to 500
54b9bb17: calls 500
608014cf: raises 1,750 to 2,250
1abfdb19: folds
b6801109: folds
Hero: folds
67a5126d: folds
46c81531: folds
54b9bb17: calls 1,750
*** FLOP *** [2s Ac 5s]
54b9bb17: checks
608014cf: bets 1,867
54b9bb17: folds
Uncalled bet (1,867) returned to 608014cf
*** SHOWDOWN ***
608014cf collected 5,655 from pot
*** SUMMARY ***
Total pot 5,655 | Rake 0 | Jackpot 0 | Bingo 0 | Fortune 0 | Tax 0
Board [2s Ac 5s]
Seat 1: 54b9bb17 folded on the Flop
Seat 2: 608014cf won (5,655)
Seat 3: 1abfdb19 folded before Flop
Seat 4: b6801109 (button) folded before Flop
Seat 5: Hero (small blind) folded before Flop
Seat 6: 67a5126d (big blind) folded before Flop
Seat 7: ebc2e532 folded before Flop
Seat 8: 46c81531 folded before Flop


Poker Hand #TM5635034476: Tournament #266179099, Bounty Hunters Special $8.88 Hold'em No Limit - Level6(125/250(35)) - 2026/02/26 22:19:57
Table '78' 8-max Seat #3 is the button
Seat 1: 54b9bb17 (21,163 in chips)
Seat 2: 608014cf (10,569 in chips)
Seat 3: 1abfdb19 (22,260 in chips)
Seat 4: b6801109 (8,589 in chips)
Seat 5: Hero (3,480 in chips)
Seat 6: 67a5126d (20,710 in chips)
Seat 7: ebc2e532 (25,201 in chips)
Seat 8: 46c81531 (11,485 in chips)
Hero: posts the ante 35
46c81531: posts the ante 35
67a5126d: posts the ante 35
608014cf: posts the ante 35
54b9bb17: posts the ante 35
1abfdb19: posts the ante 35
ebc2e532: posts the ante 35
b6801109: posts the ante 35
b6801109: posts small blind 125
Hero: posts big blind 250
*** HOLE CARDS ***
Dealt to 54b9bb17 
Dealt to 608014cf 
Dealt to 1abfdb19 
Dealt to b6801109 
Dealt to Hero [Ah 6h]
Dealt to 67a5126d 
Dealt to ebc2e532 
Dealt to 46c81531 
67a5126d: folds
ebc2e532: folds
46c81531: folds
54b9bb17: folds
608014cf: folds
1abfdb19: raises 250 to 500
b6801109: folds
Hero: raises 2,945 to 3,445 and is all-in
1abfdb19: folds
Uncalled bet (2,945) returned to Hero
*** SHOWDOWN ***
Hero collected 1,405 from pot
*** SUMMARY ***
Total pot 1,405 | Rake 0 | Jackpot 0 | Bingo 0 | Fortune 0 | Tax 0
Seat 1: 54b9bb17 folded before Flop
Seat 2: 608014cf folded before Flop
Seat 3: 1abfdb19 (button) folded before Flop
Seat 4: b6801109 (small blind) folded before Flop
Seat 5: Hero (big blind) collected (1,405)
Seat 6: 67a5126d folded before Flop
Seat 7: ebc2e532 folded before Flop
Seat 8: 46c81531 folded before Flop


Poker Hand #TM5635034455: Tournament #266179099, Bounty Hunters Special $8.88 Hold'em No Limit - Level6(125/250(35)) - 2026/02/26 22:18:17
Table '78' 8-max Seat #2 is the button
Seat 1: 54b9bb17 (21,198 in chips)
Seat 2: 608014cf (10,604 in chips)
Seat 3: 1abfdb19 (22,420 in chips)
Seat 4: b6801109 (10,374 in chips)
Seat 5: Hero (15,038 in chips)
Seat 6: 67a5126d (20,745 in chips)
Seat 7: ebc2e532 (11,558 in chips)
Seat 8: 46c81531 (11,520 in chips)
Hero: posts the ante 35
46c81531: posts the ante 35
67a5126d: posts the ante 35
608014cf: posts the ante 35
54b9bb17: posts the ante 35
1abfdb19: posts the ante 35
ebc2e532: posts the ante 35
b6801109: posts the ante 35
1abfdb19: posts small blind 125
b6801109: posts big blind 250
*** HOLE CARDS ***
Dealt to 54b9bb17 
Dealt to 608014cf 
Dealt to 1abfdb19 
Dealt to b6801109 
Dealt to Hero [Kh Kc]
Dealt to 67a5126d 
Dealt to ebc2e532 
Dealt to 46c81531 
Hero: raises 250 to 500
67a5126d: folds
ebc2e532: raises 1,250 to 1,750
46c81531: folds
54b9bb17: folds
608014cf: folds
1abfdb19: folds
b6801109: calls 1,500
Hero: raises 3,742 to 5,492
ebc2e532: calls 3,742
b6801109: folds
*** FLOP *** [2d Tc 7h]
Hero: bets 3,586
ebc2e532: raises 2,445 to 6,031 and is all-in
Hero: calls 2,445
ebc2e532: shows [Ac As] (a pair of Aces)
Hero: shows [Kh Kc] (a pair of Kings)
*** TURN *** [2d Tc 7h] [Jh]
*** RIVER *** [2d Tc 7h Jh] [3s]
*** SHOWDOWN ***
ebc2e532 collected 25,201 from pot
*** SUMMARY ***
Total pot 25,201 | Rake 0 | Jackpot 0 | Bingo 0 | Fortune 0 | Tax 0
Board [2d Tc 7h Jh 3s]
Seat 1: 54b9bb17 folded before Flop
Seat 2: 608014cf (button) folded before Flop
Seat 3: 1abfdb19 (small blind) folded before Flop
Seat 4: b6801109 (big blind) folded before Flop
Seat 5: Hero showed [Kh Kc] and lost with a pair of Kings
Seat 6: 67a5126d folded before Flop
Seat 7: ebc2e532 showed [Ac As] and won (25,201) with a pair of Aces
Seat 8: 46c81531 folded before Flop


Poker Hand #TM5635034432: Tournament #266179099, Bounty Hunters Special $8.88 Hold'em No Limit - Level5(100/200(30)) - 2026/02/26 22:16:47
Table '78' 8-max Seat #1 is the button
Seat 1: 54b9bb17 (21,228 in chips)
Seat 2: 608014cf (12,114 in chips)
Seat 3: 1abfdb19 (20,730 in chips)
Seat 4: b6801109 (10,404 in chips)
Seat 5: Hero (15,068 in chips)
Seat 6: 67a5126d (20,775 in chips)
Seat 7: ebc2e532 (11,588 in chips)
Seat 8: 46c81531 (11,550 in chips)
Hero: posts the ante 30
46c81531: posts the ante 30
67a5126d: posts the ante 30
608014cf: posts the ante 30
54b9bb17: posts the ante 30
1abfdb19: posts the ante 30
ebc2e532: posts the ante 30
b6801109: posts the ante 30
608014cf: posts small blind 100
1abfdb19: posts big blind 200
*** HOLE CARDS ***
Dealt to 54b9bb17 
Dealt to 608014cf 
Dealt to 1abfdb19 
Dealt to b6801109 
Dealt to Hero [6c Ad]
Dealt to 67a5126d 
Dealt to ebc2e532 
Dealt to 46c81531 
b6801109: folds
Hero: folds
67a5126d: folds
ebc2e532: folds
46c81531: folds
54b9bb17: folds
608014cf: calls 100
1abfdb19: raises 480 to 680
608014cf: calls 480
*** FLOP *** [7h 8h 8s]
608014cf: checks
1abfdb19: bets 800
608014cf: calls 800
*** TURN *** [7h 8h 8s] [7s]
608014cf: checks
1abfdb19: checks
*** RIVER *** [7h 8h 8s 7s] [2c]
608014cf: checks
1abfdb19: bets 2,400
608014cf: folds
Uncalled bet (2,400) returned to 1abfdb19
*** SHOWDOWN ***
1abfdb19 collected 3,200 from pot
*** SUMMARY ***
Total pot 3,200 | Rake 0 | Jackpot 0 | Bingo 0 | Fortune 0 | Tax 0
Board [7h 8h 8s 7s 2c]
Seat 1: 54b9bb17 (button) folded before Flop
Seat 2: 608014cf (small blind) folded on the River
Seat 3: 1abfdb19 (big blind) won (3,200)
Seat 4: b6801109 folded before Flop
Seat 5: Hero folded before Flop
Seat 6: 67a5126d folded before Flop
Seat 7: ebc2e532 folded before Flop
Seat 8: 46c81531 folded before Flop


Poker Hand #TM5635034423: Tournament #266179099, Bounty Hunters Special $8.88 Hold'em No Limit - Level5(100/200(30)) - 2026/02/26 22:15:55
Table '78' 8-max Seat #8 is the button
Seat 1: 54b9bb17 (21,358 in chips)
Seat 2: 608014cf (9,880 in chips)
Seat 3: 1abfdb19 (20,760 in chips)
Seat 4: b6801109 (10,434 in chips)
Seat 5: Hero (17,022 in chips)
Seat 6: 67a5126d (20,805 in chips)
Seat 7: ebc2e532 (11,618 in chips)
Seat 8: 46c81531 (11,580 in chips)
Hero: posts the ante 30
46c81531: posts the ante 30
67a5126d: posts the ante 30
608014cf: posts the ante 30
54b9bb17: posts the ante 30
1abfdb19: posts the ante 30
ebc2e532: posts the ante 30
b6801109: posts the ante 30
54b9bb17: posts small blind 100
608014cf: posts big blind 200
*** HOLE CARDS ***
Dealt to 54b9bb17 
Dealt to 608014cf 
Dealt to 1abfdb19 
Dealt to b6801109 
Dealt to Hero [5s 7s]
Dealt to 67a5126d 
Dealt to ebc2e532 
Dealt to 46c81531 
1abfdb19: folds
b6801109: folds
Hero: raises 200 to 400
67a5126d: folds
ebc2e532: folds
46c81531: folds
54b9bb17: folds
608014cf: calls 200
*** FLOP *** [Qc 3h 8d]
608014cf: checks
Hero: bets 377
608014cf: calls 377
*** TURN *** [Qc 3h 8d] [Ad]
608014cf: checks
Hero: bets 1,147
608014cf: calls 1,147
*** RIVER *** [Qc 3h 8d Ad] [Qs]
608014cf: checks
Hero: checks
608014cf: shows [Qh 7h] (three of a kind, Queens)
Hero: shows [5s 7s] (a pair of Queens)
*** SHOWDOWN ***
608014cf collected 4,188 from pot
*** SUMMARY ***
Total pot 4,188 | Rake 0 | Jackpot 0 | Bingo 0 | Fortune 0 | Tax 0
Board [Qc 3h 8d Ad Qs]
Seat 1: 54b9bb17 (small blind) folded before Flop
Seat 2: 608014cf (big blind) showed [Qh 7h] and won (4,188) with three of a kind, Queens
Seat 3: 1abfdb19 folded before Flop
Seat 4: b6801109 folded before Flop
Seat 5: Hero showed [5s 7s] and lost with a pair of Queens
Seat 6: 67a5126d folded before Flop
Seat 7: ebc2e532 folded before Flop
Seat 8: 46c81531 (button) folded before Flop


Poker Hand #TM5635034405: Tournament #266179099, Bounty Hunters Special $8.88 Hold'em No Limit - Level5(100/200(30)) - 2026/02/26 22:14:41
Table '78' 8-max Seat #7 is the button
Seat 1: 54b9bb17 (21,588 in chips)
Seat 2: 608014cf (9,910 in chips)
Seat 3: 1abfdb19 (20,790 in chips)
Seat 4: b6801109 (10,464 in chips)
Seat 5: Hero (17,052 in chips)
Seat 6: 67a5126d (20,835 in chips)
Seat 7: ebc2e532 (10,808 in chips)
Seat 8: 46c81531 (12,010 in chips)
Hero: posts the ante 30
67a5126d: posts the ante 30
46c81531: posts the ante 30
608014cf: posts the ante 30
54b9bb17: posts the ante 30
1abfdb19: posts the ante 30
ebc2e532: posts the ante 30
b6801109: posts the ante 30
46c81531: posts small blind 100
54b9bb17: posts big blind 200
*** HOLE CARDS ***
Dealt to 54b9bb17 
Dealt to 608014cf 
Dealt to 1abfdb19 
Dealt to b6801109 
Dealt to Hero [2s 5h]
Dealt to 67a5126d 
Dealt to ebc2e532 
Dealt to 46c81531 
608014cf: folds
1abfdb19: folds
b6801109: folds
Hero: folds
67a5126d: folds
ebc2e532: raises 200 to 400
46c81531: calls 300
54b9bb17: folds
*** FLOP *** [6h Kd 9h]
46c81531: checks
ebc2e532: bets 410
46c81531: folds
Uncalled bet (410) returned to ebc2e532
*** SHOWDOWN ***
ebc2e532 collected 1,240 from pot
*** SUMMARY ***
Total pot 1,240 | Rake 0 | Jackpot 0 | Bingo 0 | Fortune 0 | Tax 0
Board [6h Kd 9h]
Seat 1: 54b9bb17 (big blind) folded before Flop
Seat 2: 608014cf folded before Flop
Seat 3: 1abfdb19 folded before Flop
Seat 4: b6801109 folded before Flop
Seat 5: Hero folded before Flop
Seat 6: 67a5126d folded before Flop
Seat 7: ebc2e532 (button) won (1,240)
Seat 8: 46c81531 (small blind) folded on the Flop


Poker Hand #TM5635034394: Tournament #266179099, Bounty Hunters Special $8.88 Hold'em No Limit - Level5(100/200(30)) - 2026/02/26 22:13:48
Table '78' 8-max Seat #6 is the button
Seat 1: 54b9bb17 (20,978 in chips)
Seat 2: 608014cf (9,940 in chips)
Seat 3: 1abfdb19 (20,820 in chips)
Seat 4: b6801109 (10,494 in chips)
Seat 5: Hero (17,082 in chips)
Seat 6: 67a5126d (20,865 in chips)
Seat 7: ebc2e532 (11,038 in chips)
Seat 8: 46c81531 (12,240 in chips)
Hero: posts the ante 30
67a5126d: posts the ante 30
46c81531: posts the ante 30
608014cf: posts the ante 30
54b9bb17: posts the ante 30
1abfdb19: posts the ante 30
ebc2e532: posts the ante 30
b6801109: posts the ante 30
ebc2e532: posts small blind 100
46c81531: posts big blind 200
*** HOLE CARDS ***
Dealt to 54b9bb17 
Dealt to 608014cf 
Dealt to 1abfdb19 
Dealt to b6801109 
Dealt to Hero [4d 6s]
Dealt to 67a5126d 
Dealt to ebc2e532 
Dealt to 46c81531 
54b9bb17: calls 200
608014cf: folds
1abfdb19: folds
b6801109: folds
Hero: folds
67a5126d: folds
ebc2e532: calls 100
46c81531: checks
*** FLOP *** [9c 8d 3d]
ebc2e532: checks
46c81531: checks
54b9bb17: bets 420
ebc2e532: folds
46c81531: folds
Uncalled bet (420) returned to 54b9bb17
*** SHOWDOWN ***
54b9bb17 collected 840 from pot
*** SUMMARY ***
Total pot 840 | Rake 0 | Jackpot 0 | Bingo 0 | Fortune 0 | Tax 0
Board [9c 8d 3d]
Seat 1: 54b9bb17 won (840)
Seat 2: 608014cf folded before Flop
Seat 3: 1abfdb19 folded before Flop
Seat 4: b6801109 folded before Flop
Seat 5: Hero folded before Flop
Seat 6: 67a5126d (button) folded before Flop
Seat 7: ebc2e532 (small blind) folded on the Flop
Seat 8: 46c81531 (big blind) folded on the Flop


Poker Hand #TM5635034380: Tournament #266179099, Bounty Hunters Special $8.88 Hold'em No Limit - Level5(100/200(30)) - 2026/02/26 22:12:43
Table '78' 8-max Seat #5 is the button
Seat 1: 54b9bb17 (22,408 in chips)
Seat 2: 608014cf (9,970 in chips)
Seat 3: 1abfdb19 (18,910 in chips)
Seat 4: b6801109 (10,524 in chips)
Seat 5: Hero (17,112 in chips)
Seat 6: 67a5126d (20,995 in chips)
Seat 7: ebc2e532 (11,268 in chips)
Seat 8: 46c81531 (12,270 in chips)
Hero: posts the ante 30
46c81531: posts the ante 30
67a5126d: posts the ante 30
608014cf: posts the ante 30
54b9bb17: posts the ante 30
1abfdb19: posts the ante 30
ebc2e532: posts the ante 30
b6801109: posts the ante 30
67a5126d: posts small blind 100
ebc2e532: posts big blind 200
*** HOLE CARDS ***
Dealt to 54b9bb17 
Dealt to 608014cf 
Dealt to 1abfdb19 
Dealt to b6801109 
Dealt to Hero [3s As]
Dealt to 67a5126d 
Dealt to ebc2e532 
Dealt to 46c81531 
46c81531: folds
54b9bb17: raises 200 to 400
608014cf: folds
1abfdb19: raises 1,000 to 1,400
b6801109: folds
Hero: folds
67a5126d: folds
ebc2e532: folds
54b9bb17: calls 1,000
*** FLOP *** [8s 6d 7d]
54b9bb17: checks
1abfdb19: bets 1,103
54b9bb17: folds
Uncalled bet (1,103) returned to 1abfdb19
*** SHOWDOWN ***
1abfdb19 collected 3,340 from pot
*** SUMMARY ***
Total pot 3,340 | Rake 0 | Jackpot 0 | Bingo 0 | Fortune 0 | Tax 0
Board [8s 6d 7d]
Seat 1: 54b9bb17 folded on the Flop
Seat 2: 608014cf folded before Flop
Seat 3: 1abfdb19 won (3,340)
Seat 4: b6801109 folded before Flop
Seat 5: Hero (button) folded before Flop
Seat 6: 67a5126d (small blind) folded before Flop
Seat 7: ebc2e532 (big blind) folded before Flop
Seat 8: 46c81531 folded before Flop


Poker Hand #TM5635034362: Tournament #266179099, Bounty Hunters Special $8.88 Hold'em No Limit - Level5(100/200(30)) - 2026/02/26 22:11:22
Table '78' 8-max Seat #4 is the button
Seat 1: 54b9bb17 (22,438 in chips)
Seat 2: 608014cf (10,000 in chips)
Seat 3: 1abfdb19 (16,822 in chips)
Seat 4: b6801109 (12,132 in chips)
Seat 5: Hero (17,242 in chips)
Seat 6: 67a5126d (21,225 in chips)
Seat 7: ebc2e532 (11,298 in chips)
Seat 8: 46c81531 (12,300 in chips)
Hero: posts the ante 30
46c81531: posts the ante 30
67a5126d: posts the ante 30
608014cf: posts the ante 30
54b9bb17: posts the ante 30
1abfdb19: posts the ante 30
ebc2e532: posts the ante 30
b6801109: posts the ante 30
Hero: posts small blind 100
67a5126d: posts big blind 200
*** HOLE CARDS ***
Dealt to 54b9bb17 
Dealt to 608014cf 
Dealt to 1abfdb19 
Dealt to b6801109 
Dealt to Hero [4h 5s]
Dealt to 67a5126d 
Dealt to ebc2e532 
Dealt to 46c81531 
ebc2e532: folds
46c81531: folds
54b9bb17: folds
608014cf: folds
1abfdb19: raises 200 to 400
b6801109: calls 400
Hero: folds
67a5126d: folds
*** FLOP *** [3h 2c 4s]
1abfdb19: bets 443
b6801109: raises 735 to 1,178
1abfdb19: calls 735
*** TURN *** [3h 2c 4s] [Kh]
1abfdb19: bets 2,772
b6801109: folds
Uncalled bet (2,772) returned to 1abfdb19
*** SHOWDOWN ***
1abfdb19 collected 3,696 from pot
*** SUMMARY ***
Total pot 3,696 | Rake 0 | Jackpot 0 | Bingo 0 | Fortune 0 | Tax 0
Board [3h 2c 4s Kh]
Seat 1: 54b9bb17 folded before Flop
Seat 2: 608014cf folded before Flop
Seat 3: 1abfdb19 won (3,696)
Seat 4: b6801109 (button) folded on the Turn
Seat 5: Hero (small blind) folded before Flop
Seat 6: 67a5126d (big blind) folded before Flop
Seat 7: ebc2e532 folded before Flop
Seat 8: 46c81531 folded before Flop


Poker Hand #TM5635034354: Tournament #266179099, Bounty Hunters Special $8.88 Hold'em No Limit - Level5(100/200(30)) - 2026/02/26 22:10:44
Table '78' 8-max Seat #3 is the button
Seat 1: 54b9bb17 (21,958 in chips)
Seat 3: 1abfdb19 (16,852 in chips)
Seat 4: b6801109 (12,262 in chips)
Seat 5: Hero (17,472 in chips)
Seat 6: 67a5126d (21,255 in chips)
Seat 7: ebc2e532 (11,328 in chips)
Seat 8: 46c81531 (12,330 in chips)
Hero: posts the ante 30
46c81531: posts the ante 30
67a5126d: posts the ante 30
54b9bb17: posts the ante 30
1abfdb19: posts the ante 30
ebc2e532: posts the ante 30
b6801109: posts the ante 30
b6801109: posts small blind 100
Hero: posts big blind 200
*** HOLE CARDS ***
Dealt to 54b9bb17 
Dealt to 1abfdb19 
Dealt to b6801109 
Dealt to Hero [6c Kd]
Dealt to 67a5126d 
Dealt to ebc2e532 
Dealt to 46c81531 
67a5126d: folds
ebc2e532: folds
46c81531: folds
54b9bb17: raises 200 to 400
1abfdb19: folds
b6801109: folds
Hero: folds
Uncalled bet (200) returned to 54b9bb17
*** SHOWDOWN ***
54b9bb17 collected 710 from pot
*** SUMMARY ***
Total pot 710 | Rake 0 | Jackpot 0 | Bingo 0 | Fortune 0 | Tax 0
Seat 1: 54b9bb17 collected (710)
Seat 3: 1abfdb19 (button) folded before Flop
Seat 4: b6801109 (small blind) folded before Flop
Seat 5: Hero (big blind) folded before Flop
Seat 6: 67a5126d folded before Flop
Seat 7: ebc2e532 folded before Flop
Seat 8: 46c81531 folded before Flop


Poker Hand #TM5635034343: Tournament #266179099, Bounty Hunters Special $8.88 Hold'em No Limit - Level5(100/200(30)) - 2026/02/26 22:09:59
Table '78' 8-max Seat #2 is the button
Seat 1: 54b9bb17 (21,988 in chips)
Seat 2: 90d266d3 (3,579 in chips)
Seat 3: 1abfdb19 (16,982 in chips)
Seat 4: b6801109 (12,492 in chips)
Seat 5: Hero (17,502 in chips)
Seat 6: 67a5126d (21,285 in chips)
Seat 7: ebc2e532 (11,358 in chips)
Seat 8: 46c81531 (8,271 in chips)
Hero: posts the ante 30
46c81531: posts the ante 30
67a5126d: posts the ante 30
54b9bb17: posts the ante 30
90d266d3: posts the ante 30
1abfdb19: posts the ante 30
ebc2e532: posts the ante 30
b6801109: posts the ante 30
1abfdb19: posts small blind 100
b6801109: posts big blind 200
*** HOLE CARDS ***
Dealt to 54b9bb17 
Dealt to 90d266d3 
Dealt to 1abfdb19 
Dealt to b6801109 
Dealt to Hero [Tc 2c]
Dealt to 67a5126d 
Dealt to ebc2e532 
Dealt to 46c81531 
Hero: folds
67a5126d: folds
ebc2e532: folds
46c81531: raises 200 to 400
54b9bb17: folds
90d266d3: raises 3,149 to 3,549 and is all-in
1abfdb19: folds
b6801109: folds
46c81531: calls 3,149
90d266d3: shows [Ad 7s]
46c81531: shows [8h Jh]
*** FLOP *** [6c 6h Jc]
*** TURN *** [6c 6h Jc] [Ks]
*** RIVER *** [6c 6h Jc Ks] [5h]
*** SHOWDOWN ***
46c81531 collected 7,638 from pot
*** SUMMARY ***
Total pot 7,638 | Rake 0 | Jackpot 0 | Bingo 0 | Fortune 0 | Tax 0
Board [6c 6h Jc Ks 5h]
Seat 1: 54b9bb17 folded before Flop
Seat 2: 90d266d3 (button) showed [Ad 7s] and lost with a pair of Sixes
Seat 3: 1abfdb19 (small blind) folded before Flop
Seat 4: b6801109 (big blind) folded before Flop
Seat 5: Hero folded before Flop
Seat 6: 67a5126d folded before Flop
Seat 7: ebc2e532 folded before Flop
Seat 8: 46c81531 showed [8h Jh] and won (7,638) with two pair, Jacks and Sixes


Poker Hand #TM5635034332: Tournament #266179099, Bounty Hunters Special $8.88 Hold'em No Limit - Level5(100/200(30)) - 2026/02/26 22:09:13
Table '78' 8-max Seat #1 is the button
Seat 1: 54b9bb17 (22,018 in chips)
Seat 2: 90d266d3 (11,580 in chips)
Seat 3: 1abfdb19 (8,001 in chips)
Seat 4: b6801109 (12,922 in chips)
Seat 5: Hero (17,532 in chips)
Seat 6: 67a5126d (21,315 in chips)
Seat 7: ebc2e532 (11,788 in chips)
Seat 8: 46c81531 (8,301 in chips)
Hero: posts the ante 30
46c81531: posts the ante 30
67a5126d: posts the ante 30
54b9bb17: posts the ante 30
90d266d3: posts the ante 30
1abfdb19: posts the ante 30
ebc2e532: posts the ante 30
b6801109: posts the ante 30
90d266d3: posts small blind 100
1abfdb19: posts big blind 200
*** HOLE CARDS ***
Dealt to 54b9bb17 
Dealt to 90d266d3 
Dealt to 1abfdb19 
Dealt to b6801109 
Dealt to Hero [Tc 8h]
Dealt to 67a5126d 
Dealt to ebc2e532 
Dealt to 46c81531 
b6801109: raises 200 to 400
Hero: folds
67a5126d: folds
ebc2e532: calls 400
46c81531: folds
54b9bb17: folds
90d266d3: calls 300
1abfdb19: raises 7,571 to 7,971 and is all-in
b6801109: folds
ebc2e532: folds
90d266d3: calls 7,571
1abfdb19: shows [As Kh]
90d266d3: shows [Ad 7d]
*** FLOP *** [5h Qd 6c]
*** TURN *** [5h Qd 6c] [Ts]
*** RIVER *** [5h Qd 6c Ts] [Jh]
*** SHOWDOWN ***
1abfdb19 collected 16,982 from pot
*** SUMMARY ***
Total pot 16,982 | Rake 0 | Jackpot 0 | Bingo 0 | Fortune 0 | Tax 0
Board [5h Qd 6c Ts Jh]
Seat 1: 54b9bb17 (button) folded before Flop
Seat 2: 90d266d3 (small blind) showed [Ad 7d] and lost with Ace high
Seat 3: 1abfdb19 (big blind) showed [As Kh] and won (16,982) with a straight, Ace to Ten
Seat 4: b6801109 folded before Flop
Seat 5: Hero folded before Flop
Seat 6: 67a5126d folded before Flop
Seat 7: ebc2e532 folded before Flop
Seat 8: 46c81531 folded before Flop


Poker Hand #TM5635034322: Tournament #266179099, Bounty Hunters Special $8.88 Hold'em No Limit - Level4(80/160(25)) - 2026/02/26 22:08:36
Table '78' 8-max Seat #8 is the button
Seat 1: 54b9bb17 (22,123 in chips)
Seat 2: 90d266d3 (11,765 in chips)
Seat 3: 1abfdb19 (8,026 in chips)
Seat 4: b6801109 (12,947 in chips)
Seat 5: Hero (17,557 in chips)
Seat 6: 67a5126d (20,900 in chips)
Seat 7: ebc2e532 (11,813 in chips)
Seat 8: 46c81531 (8,326 in chips)
Hero: posts the ante 25
46c81531: posts the ante 25
67a5126d: posts the ante 25
54b9bb17: posts the ante 25
90d266d3: posts the ante 25
1abfdb19: posts the ante 25
ebc2e532: posts the ante 25
b6801109: posts the ante 25
54b9bb17: posts small blind 80
90d266d3: posts big blind 160
*** HOLE CARDS ***
Dealt to 54b9bb17 
Dealt to 90d266d3 
Dealt to 1abfdb19 
Dealt to b6801109 
Dealt to Hero [5d Td]
Dealt to 67a5126d 
Dealt to ebc2e532 
Dealt to 46c81531 
1abfdb19: folds
b6801109: folds
Hero: folds
67a5126d: raises 160 to 320
ebc2e532: folds
46c81531: folds
54b9bb17: folds
90d266d3: folds
Uncalled bet (160) returned to 67a5126d
*** SHOWDOWN ***
67a5126d collected 600 from pot
*** SUMMARY ***
Total pot 600 | Rake 0 | Jackpot 0 | Bingo 0 | Fortune 0 | Tax 0
Seat 1: 54b9bb17 (small blind) folded before Flop
Seat 2: 90d266d3 (big blind) folded before Flop
Seat 3: 1abfdb19 folded before Flop
Seat 4: b6801109 folded before Flop
Seat 5: Hero folded before Flop
Seat 6: 67a5126d collected (600)
Seat 7: ebc2e532 folded before Flop
Seat 8: 46c81531 (button) folded before Flop


Poker Hand #TM5635034309: Tournament #266179099, Bounty Hunters Special $8.88 Hold'em No Limit - Level4(80/160(25)) - 2026/02/26 22:07:22
Table '78' 8-max Seat #7 is the button
Seat 1: 54b9bb17 (22,308 in chips)
Seat 2: 90d266d3 (11,790 in chips)
Seat 3: 1abfdb19 (8,051 in chips)
Seat 4: b6801109 (12,972 in chips)
Seat 5: Hero (22,055 in chips)
Seat 6: 67a5126d (16,012 in chips)
Seat 7: ebc2e532 (11,838 in chips)
Seat 8: 46c81531 (8,431 in chips)
Hero: posts the ante 25
67a5126d: posts the ante 25
46c81531: posts the ante 25
54b9bb17: posts the ante 25
90d266d3: posts the ante 25
1abfdb19: posts the ante 25
ebc2e532: posts the ante 25
b6801109: posts the ante 25
46c81531: posts small blind 80
54b9bb17: posts big blind 160
*** HOLE CARDS ***
Dealt to 54b9bb17 
Dealt to 90d266d3 
Dealt to 1abfdb19 
Dealt to b6801109 
Dealt to Hero [Ts As]
Dealt to 67a5126d 
Dealt to ebc2e532 
Dealt to 46c81531 
90d266d3: folds
1abfdb19: folds
b6801109: folds
Hero: raises 160 to 320
67a5126d: raises 970 to 1,290
ebc2e532: folds
46c81531: folds
54b9bb17: folds
Hero: calls 970
*** FLOP *** [Qc Ac 9s]
Hero: checks
67a5126d: checks
*** TURN *** [Qc Ac 9s] [7d]
Hero: checks
67a5126d: bets 1,317
Hero: calls 1,317
*** RIVER *** [Qc Ac 9s 7d] [3c]
Hero: checks
67a5126d: bets 1,866
Hero: calls 1,866
67a5126d: shows [Ah Jh] (a pair of Aces)
Hero: shows [Ts As] (a pair of Aces)
*** SHOWDOWN ***
67a5126d collected 9,386 from pot
*** SUMMARY ***
Total pot 9,386 | Rake 0 | Jackpot 0 | Bingo 0 | Fortune 0 | Tax 0
Board [Qc Ac 9s 7d 3c]
Seat 1: 54b9bb17 (big blind) folded before Flop
Seat 2: 90d266d3 folded before Flop
Seat 3: 1abfdb19 folded before Flop
Seat 4: b6801109 folded before Flop
Seat 5: Hero showed [Ts As] and lost with a pair of Aces
Seat 6: 67a5126d showed [Ah Jh] and won (9,386) with a pair of Aces
Seat 7: ebc2e532 (button) folded before Flop
Seat 8: 46c81531 (small blind) folded before Flop


Poker Hand #TM5635034300: Tournament #266179099, Bounty Hunters Special $8.88 Hold'em No Limit - Level4(80/160(25)) - 2026/02/26 22:06:43
Table '78' 8-max Seat #6 is the button
Seat 1: 54b9bb17 (22,333 in chips)
Seat 2: 90d266d3 (11,815 in chips)
Seat 3: 1abfdb19 (8,076 in chips)
Seat 4: b6801109 (12,997 in chips)
Seat 5: Hero (21,480 in chips)
Seat 6: 67a5126d (16,037 in chips)
Seat 7: ebc2e532 (11,943 in chips)
Seat 8: 46c81531 (8,776 in chips)
Hero: posts the ante 25
67a5126d: posts the ante 25
46c81531: posts the ante 25
54b9bb17: posts the ante 25
90d266d3: posts the ante 25
1abfdb19: posts the ante 25
ebc2e532: posts the ante 25
b6801109: posts the ante 25
ebc2e532: posts small blind 80
46c81531: posts big blind 160
*** HOLE CARDS ***
Dealt to 54b9bb17 
Dealt to 90d266d3 
Dealt to 1abfdb19 
Dealt to b6801109 
Dealt to Hero [Ad 6c]
Dealt to 67a5126d 
Dealt to ebc2e532 
Dealt to 46c81531 
54b9bb17: folds
90d266d3: folds
1abfdb19: folds
b6801109: folds
Hero: raises 160 to 320
67a5126d: folds
ebc2e532: folds
46c81531: calls 160
*** FLOP *** [Js Kd 3s]
46c81531: checks
Hero: bets 304
46c81531: folds
Uncalled bet (304) returned to Hero
*** SHOWDOWN ***
Hero collected 920 from pot
*** SUMMARY ***
Total pot 920 | Rake 0 | Jackpot 0 | Bingo 0 | Fortune 0 | Tax 0
Board [Js Kd 3s]
Seat 1: 54b9bb17 folded before Flop
Seat 2: 90d266d3 folded before Flop
Seat 3: 1abfdb19 folded before Flop
Seat 4: b6801109 folded before Flop
Seat 5: Hero won (920)
Seat 6: 67a5126d (button) folded before Flop
Seat 7: ebc2e532 (small blind) folded before Flop
Seat 8: 46c81531 (big blind) folded on the Flop


Poker Hand #TM5635034284: Tournament #266179099, Bounty Hunters Special $8.88 Hold'em No Limit - Level4(80/160(25)) - 2026/02/26 22:05:35
Table '78' 8-max Seat #5 is the button
Seat 1: 54b9bb17 (22,358 in chips)
Seat 2: 90d266d3 (10,000 in chips)
Seat 3: 1abfdb19 (8,101 in chips)
Seat 4: b6801109 (13,022 in chips)
Seat 5: Hero (21,505 in chips)
Seat 6: 67a5126d (17,542 in chips)
Seat 7: ebc2e532 (12,128 in chips)
Seat 8: 46c81531 (8,801 in chips)
Hero: posts the ante 25
46c81531: posts the ante 25
67a5126d: posts the ante 25
54b9bb17: posts the ante 25
90d266d3: posts the ante 25
1abfdb19: posts the ante 25
ebc2e532: posts the ante 25
b6801109: posts the ante 25
67a5126d: posts small blind 80
ebc2e532: posts big blind 160
*** HOLE CARDS ***
Dealt to 54b9bb17 
Dealt to 90d266d3 
Dealt to 1abfdb19 
Dealt to b6801109 
Dealt to Hero [5s 7d]
Dealt to 67a5126d 
Dealt to ebc2e532 
Dealt to 46c81531 
46c81531: folds
54b9bb17: folds
90d266d3: raises 160 to 320
1abfdb19: folds
b6801109: folds
Hero: folds
67a5126d: raises 500 to 820
ebc2e532: folds
90d266d3: calls 500
*** FLOP *** [4h 4s Kd]
67a5126d: bets 660
90d266d3: raises 1,096 to 1,756
67a5126d: folds
Uncalled bet (1,096) returned to 90d266d3
*** SHOWDOWN ***
90d266d3 collected 3,320 from pot
*** SUMMARY ***
Total pot 3,320 | Rake 0 | Jackpot 0 | Bingo 0 | Fortune 0 | Tax 0
Board [4h 4s Kd]
Seat 1: 54b9bb17 folded before Flop
Seat 2: 90d266d3 won (3,320)
Seat 3: 1abfdb19 folded before Flop
Seat 4: b6801109 folded before Flop
Seat 5: Hero (button) folded before Flop
Seat 6: 67a5126d (small blind) folded on the Flop
Seat 7: ebc2e532 (big blind) folded before Flop
Seat 8: 46c81531 folded before Flop


Poker Hand #TM5635034264: Tournament #266179099, Bounty Hunters Special $8.88 Hold'em No Limit - Level4(80/160(25)) - 2026/02/26 22:04:08
Table '78' 8-max Seat #4 is the button
Seat 1: 54b9bb17 (22,383 in chips)
Seat 2: f616f457 (7,236 in chips)
Seat 3: 1abfdb19 (8,126 in chips)
Seat 4: b6801109 (13,047 in chips)
Seat 5: Hero (13,959 in chips)
Seat 6: 67a5126d (17,727 in chips)
Seat 7: ebc2e532 (12,153 in chips)
Seat 8: 46c81531 (8,826 in chips)
Hero: posts the ante 25
46c81531: posts the ante 25
67a5126d: posts the ante 25
54b9bb17: posts the ante 25
1abfdb19: posts the ante 25
f616f457: posts the ante 25
ebc2e532: posts the ante 25
b6801109: posts the ante 25
Hero: posts small blind 80
67a5126d: posts big blind 160
*** HOLE CARDS ***
Dealt to 54b9bb17 
Dealt to f616f457 
Dealt to 1abfdb19 
Dealt to b6801109 
Dealt to Hero [Ah As]
Dealt to 67a5126d 
Dealt to ebc2e532 
Dealt to 46c81531 
ebc2e532: folds
46c81531: folds
54b9bb17: folds
f616f457: raises 160 to 320
1abfdb19: folds
b6801109: folds
Hero: raises 1,000 to 1,320
67a5126d: folds
f616f457: calls 1,000
*** FLOP *** [7d 8d 4s]
Hero: bets 830
f616f457: raises 2,330 to 3,160
Hero: raises 9,454 to 12,614 and is all-in
f616f457: calls 2,731 and is all-in
Uncalled bet (6,723) returned to Hero
Hero: shows [Ah As] (a pair of Aces)
f616f457: shows [7s 9s] (a pair of Sevens)
*** TURN *** [7d 8d 4s] [Jh]
*** RIVER *** [7d 8d 4s Jh] [2c]
*** SHOWDOWN ***
Hero collected 14,782 from pot
*** SUMMARY ***
Total pot 14,782 | Rake 0 | Jackpot 0 | Bingo 0 | Fortune 0 | Tax 0
Board [7d 8d 4s Jh 2c]
Seat 1: 54b9bb17 folded before Flop
Seat 2: f616f457 showed [7s 9s] and lost with a pair of Sevens
Seat 3: 1abfdb19 folded before Flop
Seat 4: b6801109 (button) folded before Flop
Seat 5: Hero (small blind) showed [Ah As] and won (14,782) with a pair of Aces
Seat 6: 67a5126d (big blind) folded before Flop
Seat 7: ebc2e532 folded before Flop
Seat 8: 46c81531 folded before Flop


Poker Hand #TM5635034248: Tournament #266179099, Bounty Hunters Special $8.88 Hold'em No Limit - Level4(80/160(25)) - 2026/02/26 22:03:02
Table '78' 8-max Seat #3 is the button
Seat 1: 54b9bb17 (22,408 in chips)
Seat 2: f616f457 (10,000 in chips)
Seat 3: 1abfdb19 (8,151 in chips)
Seat 4: b6801109 (13,152 in chips)
Seat 5: Hero (9,555 in chips)
Seat 6: 67a5126d (17,752 in chips)
Seat 7: ebc2e532 (12,178 in chips)
Seat 8: 46c81531 (10,261 in chips)
Hero: posts the ante 25
46c81531: posts the ante 25
67a5126d: posts the ante 25
54b9bb17: posts the ante 25
1abfdb19: posts the ante 25
f616f457: posts the ante 25
ebc2e532: posts the ante 25
b6801109: posts the ante 25
b6801109: posts small blind 80
Hero: posts big blind 160
*** HOLE CARDS ***
Dealt to 54b9bb17 
Dealt to f616f457 
Dealt to 1abfdb19 
Dealt to b6801109 
Dealt to Hero [7h 7c]
Dealt to 67a5126d 
Dealt to ebc2e532 
Dealt to 46c81531 
67a5126d: folds
ebc2e532: folds
46c81531: raises 160 to 320
54b9bb17: folds
f616f457: calls 320
1abfdb19: folds
b6801109: folds
Hero: raises 1,090 to 1,410
46c81531: calls 1,090
f616f457: calls 1,090
*** FLOP *** [Kh 4c Ah]
Hero: bets 1,329
46c81531: folds
f616f457: calls 1,329
*** TURN *** [Kh 4c Ah] [5d]
Hero: bets 3,744
f616f457: folds
Uncalled bet (3,744) returned to Hero
*** SHOWDOWN ***
Hero collected 7,168 from pot
*** SUMMARY ***
Total pot 7,168 | Rake 0 | Jackpot 0 | Bingo 0 | Fortune 0 | Tax 0
Board [Kh 4c Ah 5d]
Seat 1: 54b9bb17 folded before Flop
Seat 2: f616f457 folded on the Turn
Seat 3: 1abfdb19 (button) folded before Flop
Seat 4: b6801109 (small blind) folded before Flop
Seat 5: Hero (big blind) won (7,168)
Seat 6: 67a5126d folded before Flop
Seat 7: ebc2e532 folded before Flop
Seat 8: 46c81531 folded on the Flop


Poker Hand #TM5635034233: Tournament #266179099, Bounty Hunters Special $8.88 Hold'em No Limit - Level4(80/160(25)) - 2026/02/26 22:01:58
Table '78' 8-max Seat #1 is the button
Seat 1: 54b9bb17 (22,433 in chips)
Seat 3: 1abfdb19 (7,688 in chips)
Seat 4: b6801109 (13,337 in chips)
Seat 5: Hero (9,580 in chips)
Seat 6: 67a5126d (17,290 in chips)
Seat 7: ebc2e532 (12,523 in chips)
Seat 8: 46c81531 (10,606 in chips)
Hero: posts the ante 25
46c81531: posts the ante 25
67a5126d: posts the ante 25
54b9bb17: posts the ante 25
1abfdb19: posts the ante 25
ebc2e532: posts the ante 25
b6801109: posts the ante 25
1abfdb19: posts small blind 80
b6801109: posts big blind 160
*** HOLE CARDS ***
Dealt to 54b9bb17 
Dealt to 1abfdb19 
Dealt to b6801109 
Dealt to Hero [8s 3s]
Dealt to 67a5126d 
Dealt to ebc2e532 
Dealt to 46c81531 
Hero: folds
67a5126d: raises 160 to 320
ebc2e532: calls 320
46c81531: calls 320
54b9bb17: folds
1abfdb19: raises 7,343 to 7,663 and is all-in
b6801109: folds
67a5126d: raises 9,602 to 17,265 and is all-in
ebc2e532: folds
46c81531: folds
Uncalled bet (9,602) returned to 67a5126d
67a5126d: shows [Ad Ks]
1abfdb19: shows [Qs Ac]
*** FLOP *** [7s Js Tc]
*** TURN *** [7s Js Tc] [7h]
*** RIVER *** [7s Js Tc 7h] [Jc]
54b9bb17: shows [Ts] (two pair, Jacks and Tens)
*** SHOWDOWN ***
1abfdb19 collected 8,151 from pot
67a5126d collected 8,150 from pot
*** SUMMARY ***
Total pot 16,301 | Rake 0 | Jackpot 0 | Bingo 0 | Fortune 0 | Tax 0
Board [7s Js Tc 7h Jc]
Seat 1: 54b9bb17 (button) folded before Flop
Seat 3: 1abfdb19 (small blind) showed [Qs Ac] and won (8,151) with two pair, Jacks and Sevens
Seat 4: b6801109 (big blind) folded before Flop
Seat 5: Hero folded before Flop
Seat 6: 67a5126d showed [Ad Ks] and won (8,150) with two pair, Jacks and Sevens
Seat 7: ebc2e532 folded before Flop
Seat 8: 46c81531 folded before Flop


Poker Hand #TM5635034218: Tournament #266179099, Bounty Hunters Special $8.88 Hold'em No Limit - Level4(80/160(25)) - 2026/02/26 21:54:47
Table '78' 8-max Seat #8 is the button
Seat 1: 54b9bb17 (9,105 in chips)
Seat 2: 1a586334 (8,534 in chips)
Seat 3: 1abfdb19 (7,713 in chips)
Seat 4: ca301ecb (4,669 in chips)
Seat 5: Hero (9,605 in chips)
Seat 6: 67a5126d (17,315 in chips)
Seat 7: ebc2e532 (12,548 in chips)
Seat 8: 46c81531 (10,631 in chips)
Hero: posts the ante 25
46c81531: posts the ante 25
67a5126d: posts the ante 25
1a586334: posts the ante 25
ca301ecb: posts the ante 25
54b9bb17: posts the ante 25
1abfdb19: posts the ante 25
ebc2e532: posts the ante 25
54b9bb17: posts small blind 80
1a586334: posts big blind 160
*** HOLE CARDS ***
Dealt to 54b9bb17 
Dealt to 1a586334 
Dealt to 1abfdb19 
Dealt to ca301ecb 
Dealt to Hero [Ah 3c]
Dealt to 67a5126d 
Dealt to ebc2e532 
Dealt to 46c81531 
1abfdb19: folds
ca301ecb: raises 320 to 480
Hero: folds
67a5126d: folds
ebc2e532: folds
46c81531: folds
54b9bb17: calls 400
1a586334: raises 8,029 to 8,509 and is all-in
ca301ecb: calls 4,164 and is all-in
54b9bb17: calls 8,029
1a586334: shows [Ks Jh]
ca301ecb: shows [7s Qs]
54b9bb17: shows [5c Qc]
*** FLOP *** [7c 5d 8c]
*** TURN *** [7c 5d 8c] [4s]
*** RIVER *** [7c 5d 8c 4s] [5h]
*** SHOWDOWN ***
54b9bb17 collected 14,132 from pot
54b9bb17 collected 7,730 from pot
*** SUMMARY ***
Total pot 21,862 | Rake 0 | Jackpot 0 | Bingo 0 | Fortune 0 | Tax 0
Board [7c 5d 8c 4s 5h]
Seat 1: 54b9bb17 (small blind) showed [5c Qc] and won (21,862) with three of a kind, Fives
Seat 2: 1a586334 (big blind) showed [Ks Jh] and lost with a pair of Fives
Seat 3: 1abfdb19 folded before Flop
Seat 4: ca301ecb showed [7s Qs] and lost with two pair, Sevens and Fives
Seat 5: Hero folded before Flop
Seat 6: 67a5126d folded before Flop
Seat 7: ebc2e532 folded before Flop
Seat 8: 46c81531 (button) folded before Flop


Poker Hand #TM5635034212: Tournament #266179099, Bounty Hunters Special $8.88 Hold'em No Limit - Level4(80/160(25)) - 2026/02/26 21:54:23
Table '78' 8-max Seat #7 is the button
Seat 1: 54b9bb17 (9,290 in chips)
Seat 2: 1a586334 (8,559 in chips)
Seat 3: 1abfdb19 (7,738 in chips)
Seat 4: ca301ecb (4,694 in chips)
Seat 5: Hero (9,630 in chips)
Seat 6: 67a5126d (17,340 in chips)
Seat 7: ebc2e532 (12,573 in chips)
Seat 8: 46c81531 (10,296 in chips)
Hero: posts the ante 25
67a5126d: posts the ante 25
46c81531: posts the ante 25
1a586334: posts the ante 25
ca301ecb: posts the ante 25
54b9bb17: posts the ante 25
1abfdb19: posts the ante 25
ebc2e532: posts the ante 25
46c81531: posts small blind 80
54b9bb17: posts big blind 160
*** HOLE CARDS ***
Dealt to 54b9bb17 
Dealt to 1a586334 
Dealt to 1abfdb19 
Dealt to ca301ecb 
Dealt to Hero [9c Qh]
Dealt to 67a5126d 
Dealt to ebc2e532 
Dealt to 46c81531 
1a586334: folds
1abfdb19: folds
ca301ecb: folds
Hero: folds
67a5126d: folds
ebc2e532: folds
46c81531: calls 80
54b9bb17: checks
*** FLOP *** [6s Kc Ts]
46c81531: bets 160
54b9bb17: folds
Uncalled bet (160) returned to 46c81531
*** SHOWDOWN ***
46c81531 collected 520 from pot
*** SUMMARY ***
Total pot 520 | Rake 0 | Jackpot 0 | Bingo 0 | Fortune 0 | Tax 0
Board [6s Kc Ts]
Seat 1: 54b9bb17 (big blind) folded on the Flop
Seat 2: 1a586334 folded before Flop
Seat 3: 1abfdb19 folded before Flop
Seat 4: ca301ecb folded before Flop
Seat 5: Hero folded before Flop
Seat 6: 67a5126d folded before Flop
Seat 7: ebc2e532 (button) folded before Flop
Seat 8: 46c81531 (small blind) won (520)


Poker Hand #TM5635034200: Tournament #266179099, Bounty Hunters Special $8.88 Hold'em No Limit - Level3(70/140(20)) - 2026/02/26 21:53:39
Table '78' 8-max Seat #6 is the button
Seat 1: 54b9bb17 (10,290 in chips)
Seat 2: 1a586334 (6,249 in chips)
Seat 3: 1abfdb19 (7,758 in chips)
Seat 4: ca301ecb (4,714 in chips)
Seat 5: Hero (9,650 in chips)
Seat 6: 67a5126d (18,340 in chips)
Seat 7: ebc2e532 (12,663 in chips)
Seat 8: 46c81531 (10,456 in chips)
Hero: posts the ante 20
67a5126d: posts the ante 20
46c81531: posts the ante 20
1a586334: posts the ante 20
ca301ecb: posts the ante 20
54b9bb17: posts the ante 20
1abfdb19: posts the ante 20
ebc2e532: posts the ante 20
ebc2e532: posts small blind 70
46c81531: posts big blind 140
*** HOLE CARDS ***
Dealt to 54b9bb17 
Dealt to 1a586334 
Dealt to 1abfdb19 
Dealt to ca301ecb 
Dealt to Hero [8c Qs]
Dealt to 67a5126d 
Dealt to ebc2e532 
Dealt to 46c81531 
54b9bb17: raises 140 to 280
1a586334: raises 700 to 980
1abfdb19: folds
ca301ecb: folds
Hero: folds
67a5126d: calls 980
ebc2e532: folds
46c81531: folds
54b9bb17: calls 700
*** FLOP *** [As Jh 8d]
54b9bb17: checks
1a586334: checks
67a5126d: checks
*** TURN *** [As Jh 8d] [Qc]
54b9bb17: checks
1a586334: bets 1,093
67a5126d: folds
54b9bb17: folds
Uncalled bet (1,093) returned to 1a586334
*** SHOWDOWN ***
1a586334 collected 3,310 from pot
*** SUMMARY ***
Total pot 3,310 | Rake 0 | Jackpot 0 | Bingo 0 | Fortune 0 | Tax 0
Board [As Jh 8d Qc]
Seat 1: 54b9bb17 folded on the Turn
Seat 2: 1a586334 won (3,310)
Seat 3: 1abfdb19 folded before Flop
Seat 4: ca301ecb folded before Flop
Seat 5: Hero folded before Flop
Seat 6: 67a5126d (button) folded on the Turn
Seat 7: ebc2e532 (small blind) folded before Flop
Seat 8: 46c81531 (big blind) folded before Flop


Poker Hand #TM5635034191: Tournament #266179099, Bounty Hunters Special $8.88 Hold'em No Limit - Level3(70/140(20)) - 2026/02/26 21:53:24
Table '78' 8-max Seat #5 is the button
Seat 1: 54b9bb17 (10,310 in chips)
Seat 2: 1a586334 (6,269 in chips)
Seat 3: 1abfdb19 (7,778 in chips)
Seat 4: ca301ecb (4,734 in chips)
Seat 5: Hero (9,670 in chips)
Seat 6: 67a5126d (18,430 in chips)
Seat 7: ebc2e532 (12,453 in chips)
Seat 8: 46c81531 (10,476 in chips)
Hero: posts the ante 20
46c81531: posts the ante 20
67a5126d: posts the ante 20
1a586334: posts the ante 20
ca301ecb: posts the ante 20
54b9bb17: posts the ante 20
1abfdb19: posts the ante 20
ebc2e532: posts the ante 20
67a5126d: posts small blind 70
ebc2e532: posts big blind 140
*** HOLE CARDS ***
Dealt to 54b9bb17 
Dealt to 1a586334 
Dealt to 1abfdb19 
Dealt to ca301ecb 
Dealt to Hero [Qd 5s]
Dealt to 67a5126d 
Dealt to ebc2e532 
Dealt to 46c81531 
46c81531: folds
54b9bb17: folds
1a586334: folds
1abfdb19: folds
ca301ecb: folds
Hero: folds
67a5126d: folds
Uncalled bet (70) returned to ebc2e532
*** SHOWDOWN ***
ebc2e532 collected 300 from pot
*** SUMMARY ***
Total pot 300 | Rake 0 | Jackpot 0 | Bingo 0 | Fortune 0 | Tax 0
Seat 1: 54b9bb17 folded before Flop
Seat 2: 1a586334 folded before Flop
Seat 3: 1abfdb19 folded before Flop
Seat 4: ca301ecb folded before Flop
Seat 5: Hero (button) folded before Flop
Seat 6: 67a5126d (small blind) folded before Flop
Seat 7: ebc2e532 (big blind) collected (300)
Seat 8: 46c81531 folded before Flop


Poker Hand #TM5635034189: Tournament #266179099, Bounty Hunters Special $8.88 Hold'em No Limit - Level3(70/140(20)) - 2026/02/26 21:52:43
Table '78' 8-max Seat #4 is the button
Seat 1: 54b9bb17 (8,980 in chips)
Seat 2: 1a586334 (7,269 in chips)
Seat 3: 1abfdb19 (7,798 in chips)
Seat 4: ca301ecb (4,754 in chips)
Seat 5: Hero (9,760 in chips)
Seat 6: 67a5126d (18,590 in chips)
Seat 7: ebc2e532 (12,473 in chips)
Seat 8: 46c81531 (10,496 in chips)
Hero: posts the ante 20
46c81531: posts the ante 20
67a5126d: posts the ante 20
1a586334: posts the ante 20
ca301ecb: posts the ante 20
54b9bb17: posts the ante 20
1abfdb19: posts the ante 20
ebc2e532: posts the ante 20
Hero: posts small blind 70
67a5126d: posts big blind 140
*** HOLE CARDS ***
Dealt to 54b9bb17 
Dealt to 1a586334 
Dealt to 1abfdb19 
Dealt to ca301ecb 
Dealt to Hero [As 2h]
Dealt to 67a5126d 
Dealt to ebc2e532 
Dealt to 46c81531 
ebc2e532: folds
46c81531: folds
54b9bb17: raises 140 to 280
1a586334: raises 700 to 980
1abfdb19: folds
ca301ecb: folds
Hero: folds
67a5126d: folds
54b9bb17: raises 7,980 to 8,960 and is all-in
1a586334: folds
Uncalled bet (7,980) returned to 54b9bb17
*** SHOWDOWN ***
54b9bb17 collected 2,330 from pot
*** SUMMARY ***
Total pot 2,330 | Rake 0 | Jackpot 0 | Bingo 0 | Fortune 0 | Tax 0
Seat 1: 54b9bb17 showed [Ks 8s] and collected (2,330)
Seat 2: 1a586334 folded before Flop
Seat 3: 1abfdb19 folded before Flop
Seat 4: ca301ecb (button) folded before Flop
Seat 5: Hero (small blind) folded before Flop
Seat 6: 67a5126d (big blind) folded before Flop
Seat 7: ebc2e532 folded before Flop
Seat 8: 46c81531 folded before Flop


Poker Hand #TM5635034161: Tournament #266179099, Bounty Hunters Special $8.88 Hold'em No Limit - Level3(70/140(20)) - 2026/02/26 21:51:00
Table '78' 8-max Seat #3 is the button
Seat 1: 54b9bb17 (9,000 in chips)
Seat 2: 1a586334 (16,259 in chips)
Seat 3: 1abfdb19 (7,818 in chips)
Seat 4: ca301ecb (4,844 in chips)
Seat 5: Hero (9,920 in chips)
Seat 6: 67a5126d (8,990 in chips)
Seat 7: ebc2e532 (12,493 in chips)
Seat 8: 46c81531 (10,796 in chips)
Hero: posts the ante 20
46c81531: posts the ante 20
67a5126d: posts the ante 20
1a586334: posts the ante 20
ca301ecb: posts the ante 20
54b9bb17: posts the ante 20
1abfdb19: posts the ante 20
ebc2e532: posts the ante 20
ca301ecb: posts small blind 70
Hero: posts big blind 140
*** HOLE CARDS ***
Dealt to 54b9bb17 
Dealt to 1a586334 
Dealt to 1abfdb19 
Dealt to ca301ecb 
Dealt to Hero [As 3c]
Dealt to 67a5126d 
Dealt to ebc2e532 
Dealt to 46c81531 
67a5126d: raises 140 to 280
ebc2e532: folds
46c81531: calls 280
54b9bb17: folds
1a586334: raises 910 to 1,190
1abfdb19: folds
ca301ecb: folds
Hero: folds
67a5126d: raises 2,413 to 3,603
46c81531: folds
1a586334: calls 2,413
*** FLOP *** [4c 8c 2c]
67a5126d: bets 2,593
1a586334: raises 3,287 to 5,880
67a5126d: calls 2,774 and is all-in
Uncalled bet (513) returned to 1a586334
1a586334: shows [Qh Ad] (Ace high)
67a5126d: shows [Kh Ks] (a pair of Kings)
*** TURN *** [4c 8c 2c] [2d]
*** RIVER *** [4c 8c 2c 2d] [7c]
*** SHOWDOWN ***
67a5126d collected 18,590 from pot
*** SUMMARY ***
Total pot 18,590 | Rake 0 | Jackpot 0 | Bingo 0 | Fortune 0 | Tax 0
Board [4c 8c 2c 2d 7c]
Seat 1: 54b9bb17 folded before Flop
Seat 2: 1a586334 showed [Qh Ad] and lost with a pair of Twos
Seat 3: 1abfdb19 (button) folded before Flop
Seat 4: ca301ecb (small blind) folded before Flop
Seat 5: Hero (big blind) folded before Flop
Seat 6: 67a5126d showed [Kh Ks] and won (18,590) with two pair, Kings and Twos
Seat 7: ebc2e532 folded before Flop
Seat 8: 46c81531 folded before Flop


Poker Hand #TM5635034148: Tournament #266179099, Bounty Hunters Special $8.88 Hold'em No Limit - Level3(70/140(20)) - 2026/02/26 21:50:04
Table '78' 8-max Seat #2 is the button
Seat 1: 54b9bb17 (10,000 in chips)
Seat 2: 1a586334 (14,929 in chips)
Seat 3: 1abfdb19 (7,908 in chips)
Seat 4: ca301ecb (5,004 in chips)
Seat 5: Hero (9,940 in chips)
Seat 6: 67a5126d (9,010 in chips)
Seat 7: ebc2e532 (12,513 in chips)
Seat 8: 46c81531 (10,816 in chips)
Hero: posts the ante 20
46c81531: posts the ante 20
67a5126d: posts the ante 20
1a586334: posts the ante 20
ca301ecb: posts the ante 20
54b9bb17: posts the ante 20
1abfdb19: posts the ante 20
ebc2e532: posts the ante 20
1abfdb19: posts small blind 70
ca301ecb: posts big blind 140
*** HOLE CARDS ***
Dealt to 54b9bb17 
Dealt to 1a586334 
Dealt to 1abfdb19 
Dealt to ca301ecb 
Dealt to Hero [8h 7s]
Dealt to 67a5126d 
Dealt to ebc2e532 
Dealt to 46c81531 
Hero: folds
67a5126d: folds
ebc2e532: folds
46c81531: folds
54b9bb17: raises 140 to 280
1a586334: raises 700 to 980
1abfdb19: folds
ca301ecb: folds
54b9bb17: calls 700
*** FLOP *** [4s Kh Ks]
54b9bb17: checks
1a586334: bets 490
54b9bb17: folds
Uncalled bet (490) returned to 1a586334
*** SHOWDOWN ***
1a586334 collected 2,330 from pot
*** SUMMARY ***
Total pot 2,330 | Rake 0 | Jackpot 0 | Bingo 0 | Fortune 0 | Tax 0
Board [4s Kh Ks]
Seat 1: 54b9bb17 folded on the Flop
Seat 2: 1a586334 (button) won (2,330)
Seat 3: 1abfdb19 (small blind) folded before Flop
Seat 4: ca301ecb (big blind) folded before Flop
Seat 5: Hero folded before Flop
Seat 6: 67a5126d folded before Flop
Seat 7: ebc2e532 folded before Flop
Seat 8: 46c81531 folded before Flop


Poker Hand #TM5635034134: Tournament #266179099, Bounty Hunters Special $8.88 Hold'em No Limit - Level3(70/140(20)) - 2026/02/26 21:49:21
Table '78' 8-max Seat #8 is the button
Seat 2: 1a586334 (15,019 in chips)
Seat 3: 1abfdb19 (8,068 in chips)
Seat 4: ca301ecb (5,304 in chips)
Seat 5: Hero (9,960 in chips)
Seat 6: 67a5126d (9,030 in chips)
Seat 7: ebc2e532 (12,533 in chips)
Seat 8: 46c81531 (10,206 in chips)
Hero: posts the ante 20
46c81531: posts the ante 20
67a5126d: posts the ante 20
1a586334: posts the ante 20
ca301ecb: posts the ante 20
1abfdb19: posts the ante 20
ebc2e532: posts the ante 20
1a586334: posts small blind 70
1abfdb19: posts big blind 140
*** HOLE CARDS ***
Dealt to 1a586334 
Dealt to 1abfdb19 
Dealt to ca301ecb 
Dealt to Hero [2s Kc]
Dealt to 67a5126d 
Dealt to ebc2e532 
Dealt to 46c81531 
ca301ecb: raises 140 to 280
Hero: folds
67a5126d: folds
ebc2e532: folds
46c81531: raises 735 to 1,015
1a586334: folds
1abfdb19: folds
ca301ecb: folds
Uncalled bet (735) returned to 46c81531
*** SHOWDOWN ***
46c81531 collected 910 from pot
*** SUMMARY ***
Total pot 910 | Rake 0 | Jackpot 0 | Bingo 0 | Fortune 0 | Tax 0
Seat 2: 1a586334 (small blind) folded before Flop
Seat 3: 1abfdb19 (big blind) folded before Flop
Seat 4: ca301ecb folded before Flop
Seat 5: Hero folded before Flop
Seat 6: 67a5126d folded before Flop
Seat 7: ebc2e532 folded before Flop
Seat 8: 46c81531 (button) collected (910)


Poker Hand #TM5635034127: Tournament #266179099, Bounty Hunters Special $8.88 Hold'em No Limit - Level3(70/140(20)) - 2026/02/26 21:48:37
Table '78' 8-max Seat #7 is the button
Seat 1: f33bc601 (3,507 in chips)
Seat 2: 1a586334 (15,039 in chips)
Seat 3: 1abfdb19 (8,088 in chips)
Seat 4: ca301ecb (5,324 in chips)
Seat 5: Hero (9,980 in chips)
Seat 6: 67a5126d (9,050 in chips)
Seat 7: ebc2e532 (8,836 in chips)
Seat 8: 46c81531 (10,296 in chips)
Hero: posts the ante 20
67a5126d: posts the ante 20
46c81531: posts the ante 20
1a586334: posts the ante 20
ca301ecb: posts the ante 20
f33bc601: posts the ante 20
1abfdb19: posts the ante 20
ebc2e532: posts the ante 20
46c81531: posts small blind 70
f33bc601: posts big blind 140
*** HOLE CARDS ***
Dealt to f33bc601 
Dealt to 1a586334 
Dealt to 1abfdb19 
Dealt to ca301ecb 
Dealt to Hero [3d Tc]
Dealt to 67a5126d 
Dealt to ebc2e532 
Dealt to 46c81531 
1a586334: folds
1abfdb19: folds
ca301ecb: folds
Hero: folds
67a5126d: folds
ebc2e532: raises 210 to 350
46c81531: folds
f33bc601: calls 210
*** FLOP *** [2d 6h As]
f33bc601: checks
ebc2e532: bets 280
f33bc601: calls 280
*** TURN *** [2d 6h As] [Kc]
f33bc601: bets 770
ebc2e532: calls 770
*** RIVER *** [2d 6h As Kc] [9c]
f33bc601: bets 2,087 and is all-in
ebc2e532: calls 2,087
f33bc601: shows [6d Kd] (two pair, Kings and Sixes)
ebc2e532: shows [Kh 9s] (two pair, Kings and Nines)
*** SHOWDOWN ***
ebc2e532 collected 7,204 from pot
*** SUMMARY ***
Total pot 7,204 | Rake 0 | Jackpot 0 | Bingo 0 | Fortune 0 | Tax 0
Board [2d 6h As Kc 9c]
Seat 1: f33bc601 (big blind) showed [6d Kd] and lost with two pair, Kings and Sixes
Seat 2: 1a586334 folded before Flop
Seat 3: 1abfdb19 folded before Flop
Seat 4: ca301ecb folded before Flop
Seat 5: Hero folded before Flop
Seat 6: 67a5126d folded before Flop
Seat 7: ebc2e532 (button) showed [Kh 9s] and won (7,204) with two pair, Kings and Nines
Seat 8: 46c81531 (small blind) folded before Flop


Poker Hand #TM5635034118: Tournament #266179099, Bounty Hunters Special $8.88 Hold'em No Limit - Level3(70/140(20)) - 2026/02/26 21:48:11
Table '78' 8-max Seat #6 is the button
Seat 1: f33bc601 (3,017 in chips)
Seat 2: 1a586334 (15,059 in chips)
Seat 3: 1abfdb19 (8,108 in chips)
Seat 4: ca301ecb (5,344 in chips)
Seat 5: Hero (10,000 in chips)
Seat 6: 67a5126d (9,070 in chips)
Seat 7: ebc2e532 (8,926 in chips)
Seat 8: 46c81531 (10,596 in chips)
Hero: posts the ante 20
67a5126d: posts the ante 20
46c81531: posts the ante 20
1a586334: posts the ante 20
ca301ecb: posts the ante 20
f33bc601: posts the ante 20
1abfdb19: posts the ante 20
ebc2e532: posts the ante 20
ebc2e532: posts small blind 70
46c81531: posts big blind 140
*** HOLE CARDS ***
Dealt to f33bc601 
Dealt to 1a586334 
Dealt to 1abfdb19 
Dealt to ca301ecb 
Dealt to Hero [Td 6c]
Dealt to 67a5126d 
Dealt to ebc2e532 
Dealt to 46c81531 
f33bc601: raises 140 to 280
1a586334: folds
1abfdb19: folds
ca301ecb: folds
Hero: folds
67a5126d: folds
ebc2e532: folds
46c81531: calls 140
*** FLOP *** [5c Ac Ks]
46c81531: checks
f33bc601: bets 840
46c81531: folds
Uncalled bet (840) returned to f33bc601
*** SHOWDOWN ***
f33bc601 collected 790 from pot
*** SUMMARY ***
Total pot 790 | Rake 0 | Jackpot 0 | Bingo 0 | Fortune 0 | Tax 0
Board [5c Ac Ks]
Seat 1: f33bc601 won (790)
Seat 2: 1a586334 folded before Flop
Seat 3: 1abfdb19 folded before Flop
Seat 4: ca301ecb folded before Flop
Seat 5: Hero folded before Flop
Seat 6: 67a5126d (button) folded before Flop
Seat 7: ebc2e532 (small blind) folded before Flop
Seat 8: 46c81531 (big blind) folded on the Flop


