Poker Hand #TM5634727369: Tournament #266179099, Bounty Hunters Special $8.88 Hold'em No Limit - Level12(350/700(100)) - 2026/02/26 23:14:59
Table '3' 8-max Seat #7 is the button
Seat 1: 95523d03 (41,950 in chips)
Seat 2: Hero (12,950 in chips)
Seat 3: 8c67b12c (27,607 in chips)
Seat 4: 60907e72 (18,420 in chips)
Seat 5: bf9ca07b (20,741 in chips)
Seat 6: 833bb36 (53,870 in chips)
Seat 7: 6eb9a31f (28,521 in chips)
Seat 8: 843abe81 (47,032 in chips)
833bb36: posts the ante 100
843abe81: posts the ante 100
Hero: posts the ante 100
8c67b12c: posts the ante 100
bf9ca07b: posts the ante 100
60907e72: posts the ante 100
6eb9a31f: posts the ante 100
95523d03: posts the ante 100
843abe81: posts small blind 350
95523d03: posts big blind 700
*** HOLE CARDS ***
Dealt to 95523d03 
Dealt to Hero [Ac Qc]
Dealt to 8c67b12c 
Dealt to 60907e72 
Dealt to bf9ca07b 
Dealt to 833bb36 
Dealt to 6eb9a31f 
Dealt to 843abe81 
Hero: raises 700 to 1,400
8c67b12c: folds
60907e72: calls 1,400
bf9ca07b: folds
833bb36: folds
6eb9a31f: folds
843abe81: folds
95523d03: folds
*** FLOP *** [3h 9s 3s]
Hero: checks
60907e72: bets 2,325
Hero: raises 3,769 to 6,094
60907e72: raises 10,826 to 16,920 and is all-in
Hero: calls 5,356 and is all-in
Uncalled bet (5,470) returned to 60907e72
60907e72: shows [As 8s] (a pair of Threes)
Hero: shows [Ac Qc] (a pair of Threes)
*** TURN *** [3h 9s 3s] [6h]
*** RIVER *** [3h 9s 3s 6h] [Ts]
*** SHOWDOWN ***
60907e72 collected 27,550 from pot
*** SUMMARY ***
Total pot 27,550 | Rake 0 | Jackpot 0 | Bingo 0 | Fortune 0 | Tax 0
Board [3h 9s 3s 6h Ts]
Seat 1: 95523d03 (big blind) folded before Flop
Seat 2: Hero showed [Ac Qc] and lost with a pair of Threes
Seat 3: 8c67b12c folded before Flop
Seat 4: 60907e72 showed [As 8s] and won (27,550) with a flush Ace high
Seat 5: bf9ca07b folded before Flop
Seat 6: 833bb36 folded before Flop
Seat 7: 6eb9a31f (button) folded before Flop
Seat 8: 843abe81 (small blind) folded before Flop


Poker Hand #TM5634727354: Tournament #266179099, Bounty Hunters Special $8.88 Hold'em No Limit - Level12(350/700(100)) - 2026/02/26 23:14:30
Table '3' 8-max Seat #6 is the button
Seat 1: 95523d03 (42,050 in chips)
Seat 2: Hero (13,050 in chips)
Seat 3: 8c67b12c (27,707 in chips)
Seat 4: 60907e72 (18,520 in chips)
Seat 5: bf9ca07b (18,991 in chips)
Seat 6: 833bb36 (53,970 in chips)
Seat 7: 6eb9a31f (28,971 in chips)
Seat 8: 843abe81 (47,832 in chips)
833bb36: posts the ante 100
843abe81: posts the ante 100
Hero: posts the ante 100
8c67b12c: posts the ante 100
bf9ca07b: posts the ante 100
60907e72: posts the ante 100
6eb9a31f: posts the ante 100
95523d03: posts the ante 100
6eb9a31f: posts small blind 350
843abe81: posts big blind 700
*** HOLE CARDS ***
Dealt to 95523d03 
Dealt to Hero [6h Js]
Dealt to 8c67b12c 
Dealt to 60907e72 
Dealt to bf9ca07b 
Dealt to 833bb36 
Dealt to 6eb9a31f 
Dealt to 843abe81 
95523d03: folds
Hero: folds
8c67b12c: folds
60907e72: folds
bf9ca07b: raises 700 to 1,400
833bb36: folds
6eb9a31f: folds
843abe81: folds
Uncalled bet (700) returned to bf9ca07b
*** SHOWDOWN ***
bf9ca07b collected 2,550 from pot
*** SUMMARY ***
Total pot 2,550 | Rake 0 | Jackpot 0 | Bingo 0 | Fortune 0 | Tax 0
Seat 1: 95523d03 folded before Flop
Seat 2: Hero folded before Flop
Seat 3: 8c67b12c folded before Flop
Seat 4: 60907e72 folded before Flop
Seat 5: bf9ca07b collected (2,550)
Seat 6: 833bb36 (button) folded before Flop
Seat 7: 6eb9a31f (small blind) folded before Flop
Seat 8: 843abe81 (big blind) folded before Flop


Poker Hand #TM5634727338: Tournament #266179099, Bounty Hunters Special $8.88 Hold'em No Limit - Level12(350/700(100)) - 2026/02/26 23:14:01
Table '3' 8-max Seat #5 is the button
Seat 1: 95523d03 (42,150 in chips)
Seat 2: Hero (9,900 in chips)
Seat 3: 8c67b12c (27,807 in chips)
Seat 4: 60907e72 (18,620 in chips)
Seat 5: bf9ca07b (19,091 in chips)
Seat 6: 833bb36 (54,420 in chips)
Seat 7: 6eb9a31f (29,771 in chips)
Seat 8: 843abe81 (49,332 in chips)
833bb36: posts the ante 100
843abe81: posts the ante 100
Hero: posts the ante 100
8c67b12c: posts the ante 100
bf9ca07b: posts the ante 100
60907e72: posts the ante 100
6eb9a31f: posts the ante 100
95523d03: posts the ante 100
833bb36: posts small blind 350
6eb9a31f: posts big blind 700
*** HOLE CARDS ***
Dealt to 95523d03 
Dealt to Hero [Td Ts]
Dealt to 8c67b12c 
Dealt to 60907e72 
Dealt to bf9ca07b 
Dealt to 833bb36 
Dealt to 6eb9a31f 
Dealt to 843abe81 
843abe81: raises 700 to 1,400
95523d03: folds
Hero: raises 8,400 to 9,800 and is all-in
8c67b12c: folds
60907e72: folds
bf9ca07b: folds
833bb36: folds
6eb9a31f: folds
843abe81: folds
Uncalled bet (8,400) returned to Hero
*** SHOWDOWN ***
Hero collected 4,650 from pot
*** SUMMARY ***
Total pot 4,650 | Rake 0 | Jackpot 0 | Bingo 0 | Fortune 0 | Tax 0
Seat 1: 95523d03 folded before Flop
Seat 2: Hero collected (4,650)
Seat 3: 8c67b12c folded before Flop
Seat 4: 60907e72 folded before Flop
Seat 5: bf9ca07b (button) folded before Flop
Seat 6: 833bb36 (small blind) folded before Flop
Seat 7: 6eb9a31f (big blind) folded before Flop
Seat 8: 843abe81 folded before Flop


Poker Hand #TM5634727316: Tournament #266179099, Bounty Hunters Special $8.88 Hold'em No Limit - Level12(350/700(100)) - 2026/02/26 23:13:18
Table '3' 8-max Seat #4 is the button
Seat 1: 95523d03 (42,250 in chips)
Seat 2: Hero (10,000 in chips)
Seat 3: 8c67b12c (27,907 in chips)
Seat 4: 60907e72 (20,120 in chips)
Seat 5: bf9ca07b (19,541 in chips)
Seat 6: 833bb36 (55,920 in chips)
Seat 7: 6eb9a31f (29,871 in chips)
Seat 8: 843abe81 (45,482 in chips)
833bb36: posts the ante 100
843abe81: posts the ante 100
Hero: posts the ante 100
8c67b12c: posts the ante 100
60907e72: posts the ante 100
bf9ca07b: posts the ante 100
6eb9a31f: posts the ante 100
95523d03: posts the ante 100
bf9ca07b: posts small blind 350
833bb36: posts big blind 700
*** HOLE CARDS ***
Dealt to 95523d03 
Dealt to Hero [Ac 3c]
Dealt to 8c67b12c 
Dealt to 60907e72 
Dealt to bf9ca07b 
Dealt to 833bb36 
Dealt to 6eb9a31f 
Dealt to 843abe81 
6eb9a31f: folds
843abe81: raises 700 to 1,400
95523d03: folds
Hero: folds
8c67b12c: folds
60907e72: calls 1,400
bf9ca07b: folds
833bb36: calls 700
*** FLOP *** [3s Kh Td]
833bb36: checks
843abe81: bets 1,400
60907e72: folds
833bb36: folds
Uncalled bet (1,400) returned to 843abe81
*** SHOWDOWN ***
843abe81 collected 5,350 from pot
*** SUMMARY ***
Total pot 5,350 | Rake 0 | Jackpot 0 | Bingo 0 | Fortune 0 | Tax 0
Board [3s Kh Td]
Seat 1: 95523d03 folded before Flop
Seat 2: Hero folded before Flop
Seat 3: 8c67b12c folded before Flop
Seat 4: 60907e72 (button) folded on the Flop
Seat 5: bf9ca07b (small blind) folded before Flop
Seat 6: 833bb36 (big blind) folded on the Flop
Seat 7: 6eb9a31f folded before Flop
Seat 8: 843abe81 won (5,350)


