Poker Hand #TM5607140438: Tournament #264518806, Bounty Hunters Deepstack Turbo $8.88 Hold'em No Limit - Level14(750/1,500(200)) - 2026/02/19 16:20:20
Table '114' 8-max Seat #2 is the button
Seat 1: 8d658501 (79,636 in chips)
Seat 2: fa62b597 (71,780 in chips)
Seat 3: 32df535a (16,600 in chips)
Seat 4: Hero (31,719 in chips)
Seat 5: 441c1638 (40,311 in chips)
Seat 6: e652fe96 (27,110 in chips)
Seat 7: 42521ff8 (19,600 in chips)
Seat 8: 4577195a (67,590 in chips)
441c1638: posts the ante 200
Hero: posts the ante 200
32df535a: posts the ante 200
fa62b597: posts the ante 200
42521ff8: posts the ante 200
8d658501: posts the ante 200
4577195a: posts the ante 200
e652fe96: posts the ante 200
32df535a: posts small blind 750
Hero: posts big blind 1,500
*** HOLE CARDS ***
Dealt to 8d658501 
Dealt to fa62b597 
Dealt to 32df535a 
Dealt to Hero [Qh 8h]
Dealt to 441c1638 
Dealt to e652fe96 
Dealt to 42521ff8 
Dealt to 4577195a 
441c1638: raises 1,500 to 3,000
e652fe96: folds
42521ff8: folds
4577195a: folds
8d658501: folds
fa62b597: folds
32df535a: folds
Hero: calls 1,500
*** FLOP *** [3h 9c Ah]
Hero: checks
441c1638: bets 3,422
Hero: calls 3,422
*** TURN *** [3h 9c Ah] [9d]
Hero: checks
441c1638: bets 9,363
Hero: raises 15,734 to 25,097 and is all-in
441c1638: calls 15,734
Hero: shows [Qh 8h] (a pair of Nines)
441c1638: shows [Ac Td] (two pair, Aces and Nines)
*** RIVER *** [3h 9c Ah 9d] [7s]
*** SHOWDOWN ***
441c1638 collected 65,388 from pot
*** SUMMARY ***
Total pot 65,388 | Rake 0 | Jackpot 0 | Bingo 0 | Fortune 0 | Tax 0
Board [3h 9c Ah 9d 7s]
Seat 1: 8d658501 folded before Flop
Seat 2: fa62b597 (button) folded before Flop
Seat 3: 32df535a (small blind) folded before Flop
Seat 4: Hero (big blind) showed [Qh 8h] and lost with a pair of Nines
Seat 5: 441c1638 showed [Ac Td] and won (65,388) with two pair, Aces and Nines
Seat 6: e652fe96 folded before Flop
Seat 7: 42521ff8 folded before Flop
Seat 8: 4577195a folded before Flop


Poker Hand #TM5607140427: Tournament #264518806, Bounty Hunters Deepstack Turbo $8.88 Hold'em No Limit - Level14(750/1,500(200)) - 2026/02/19 16:19:42
Table '114' 8-max Seat #1 is the button
Seat 1: 8d658501 (79,836 in chips)
Seat 2: fa62b597 (72,730 in chips)
Seat 3: 32df535a (19,800 in chips)
Seat 4: Hero (31,919 in chips)
Seat 5: 441c1638 (40,511 in chips)
Seat 6: e652fe96 (27,310 in chips)
Seat 7: 42521ff8 (19,800 in chips)
Seat 8: 4577195a (62,440 in chips)
441c1638: posts the ante 200
Hero: posts the ante 200
32df535a: posts the ante 200
fa62b597: posts the ante 200
42521ff8: posts the ante 200
8d658501: posts the ante 200
4577195a: posts the ante 200
e652fe96: posts the ante 200
fa62b597: posts small blind 750
32df535a: posts big blind 1,500
*** HOLE CARDS ***
Dealt to 8d658501 
Dealt to fa62b597 
Dealt to 32df535a 
Dealt to Hero [9h 8c]
Dealt to 441c1638 
Dealt to e652fe96 
Dealt to 42521ff8 
Dealt to 4577195a 
Hero: folds
441c1638: folds
e652fe96: folds
42521ff8: folds
4577195a: raises 1,500 to 3,000
8d658501: folds
fa62b597: folds
32df535a: calls 1,500
*** FLOP *** [2c Jh 7s]
32df535a: checks
4577195a: bets 2,756
32df535a: folds
Uncalled bet (2,756) returned to 4577195a
*** SHOWDOWN ***
4577195a collected 8,350 from pot
*** SUMMARY ***
Total pot 8,350 | Rake 0 | Jackpot 0 | Bingo 0 | Fortune 0 | Tax 0
Board [2c Jh 7s]
Seat 1: 8d658501 (button) folded before Flop
Seat 2: fa62b597 (small blind) folded before Flop
Seat 3: 32df535a (big blind) folded on the Flop
Seat 4: Hero folded before Flop
Seat 5: 441c1638 folded before Flop
Seat 6: e652fe96 folded before Flop
Seat 7: 42521ff8 folded before Flop
Seat 8: 4577195a won (8,350)


Poker Hand #TM5607140420: Tournament #264518806, Bounty Hunters Deepstack Turbo $8.88 Hold'em No Limit - Level14(750/1,500(200)) - 2026/02/19 16:19:15
Table '114' 8-max Seat #8 is the button
Seat 1: 8d658501 (80,786 in chips)
Seat 2: fa62b597 (74,430 in chips)
Seat 3: 32df535a (20,000 in chips)
Seat 4: Hero (28,269 in chips)
Seat 5: 441c1638 (40,711 in chips)
Seat 6: e652fe96 (27,510 in chips)
Seat 7: 42521ff8 (20,000 in chips)
Seat 8: 4577195a (62,640 in chips)
441c1638: posts the ante 200
Hero: posts the ante 200
32df535a: posts the ante 200
fa62b597: posts the ante 200
42521ff8: posts the ante 200
8d658501: posts the ante 200
4577195a: posts the ante 200
e652fe96: posts the ante 200
8d658501: posts small blind 750
fa62b597: posts big blind 1,500
*** HOLE CARDS ***
Dealt to 8d658501 
Dealt to fa62b597 
Dealt to 32df535a 
Dealt to Hero [4s Ac]
Dealt to 441c1638 
Dealt to e652fe96 
Dealt to 42521ff8 
Dealt to 4577195a 
32df535a: folds
Hero: raises 26,569 to 28,069 and is all-in
441c1638: folds
e652fe96: folds
42521ff8: folds
4577195a: folds
8d658501: folds
fa62b597: folds
Uncalled bet (26,569) returned to Hero
*** SHOWDOWN ***
Hero collected 5,350 from pot
*** SUMMARY ***
Total pot 5,350 | Rake 0 | Jackpot 0 | Bingo 0 | Fortune 0 | Tax 0
Seat 1: 8d658501 (small blind) folded before Flop
Seat 2: fa62b597 (big blind) folded before Flop
Seat 3: 32df535a folded before Flop
Seat 4: Hero collected (5,350)
Seat 5: 441c1638 folded before Flop
Seat 6: e652fe96 folded before Flop
Seat 7: 42521ff8 folded before Flop
Seat 8: 4577195a (button) folded before Flop


Poker Hand #TM5607140404: Tournament #264518806, Bounty Hunters Deepstack Turbo $8.88 Hold'em No Limit - Level14(750/1,500(200)) - 2026/02/19 16:18:11
Table '114' 8-max Seat #6 is the button
Seat 1: 8d658501 (82,486 in chips)
Seat 2: fa62b597 (35,690 in chips)
Seat 4: Hero (28,469 in chips)
Seat 5: 441c1638 (40,911 in chips)
Seat 6: e652fe96 (63,200 in chips)
Seat 8: 4577195a (63,590 in chips)
441c1638: posts the ante 200
Hero: posts the ante 200
fa62b597: posts the ante 200
8d658501: posts the ante 200
e652fe96: posts the ante 200
4577195a: posts the ante 200
4577195a: posts small blind 750
8d658501: posts big blind 1,500
*** HOLE CARDS ***
Dealt to 8d658501 
Dealt to fa62b597 
Dealt to Hero [6h 2h]
Dealt to 441c1638 
Dealt to e652fe96 
Dealt to 4577195a 
fa62b597: raises 1,500 to 3,000
Hero: folds
441c1638: folds
e652fe96: raises 9,450 to 12,450
4577195a: folds
8d658501: folds
fa62b597: calls 9,450
*** FLOP *** [3h Kh 5s]
fa62b597: bets 23,040 and is all-in
e652fe96: calls 23,040
fa62b597: shows [Jh Ks] (a pair of Kings)
e652fe96: shows [Qh Ah] (Ace high)
*** TURN *** [3h Kh 5s] [7c]
*** RIVER *** [3h Kh 5s 7c] [2d]
*** SHOWDOWN ***
fa62b597 collected 74,430 from pot
*** SUMMARY ***
Total pot 74,430 | Rake 0 | Jackpot 0 | Bingo 0 | Fortune 0 | Tax 0
Board [3h Kh 5s 7c 2d]
Seat 1: 8d658501 (big blind) folded before Flop
Seat 2: fa62b597 showed [Jh Ks] and won (74,430) with a pair of Kings
Seat 4: Hero folded before Flop
Seat 5: 441c1638 folded before Flop
Seat 6: e652fe96 (button) showed [Qh Ah] and lost with Ace high
Seat 8: 4577195a (small blind) folded before Flop


Poker Hand #TM5607140391: Tournament #264518806, Bounty Hunters Deepstack Turbo $8.88 Hold'em No Limit - Level14(750/1,500(200)) - 2026/02/19 16:17:04
Table '114' 8-max Seat #5 is the button
Seat 1: 8d658501 (45,530 in chips)
Seat 2: fa62b597 (35,890 in chips)
Seat 3: 3f157588 (38,106 in chips)
Seat 4: Hero (73,999 in chips)
Seat 5: 441c1638 (41,111 in chips)
Seat 6: e652fe96 (64,150 in chips)
Seat 8: 4577195a (15,560 in chips)
441c1638: posts the ante 200
Hero: posts the ante 200
fa62b597: posts the ante 200
8d658501: posts the ante 200
4577195a: posts the ante 200
e652fe96: posts the ante 200
3f157588: posts the ante 200
e652fe96: posts small blind 750
4577195a: posts big blind 1,500
*** HOLE CARDS ***
Dealt to 8d658501 
Dealt to fa62b597 
Dealt to 3f157588 
Dealt to Hero [9d Td]
Dealt to 441c1638 
Dealt to e652fe96 
Dealt to 4577195a 
8d658501: calls 1,500
fa62b597: folds
3f157588: raises 3,000 to 4,500
Hero: calls 4,500
441c1638: folds
e652fe96: folds
4577195a: raises 10,860 to 15,360 and is all-in
8d658501: calls 13,860
3f157588: calls 10,860
Hero: raises 58,439 to 73,799 and is all-in
8d658501: calls 29,970 and is all-in
3f157588: calls 22,546 and is all-in
Uncalled bet (28,469) returned to Hero
Hero: shows [9d Td]
4577195a: shows [7c Ac]
8d658501: shows [Jh Qd]
3f157588: shows [8c Ts]
*** FLOP *** [3c 2c 4c]
*** TURN *** [3c 2c 4c] [7h]
*** RIVER *** [3c 2c 4c 7h] [3s]
*** SHOWDOWN ***
4577195a collected 63,590 from pot
8d658501 collected 67,638 from pot
8d658501 collected 14,848 from pot
*** SUMMARY ***
Total pot 146,076 | Rake 0 | Jackpot 0 | Bingo 0 | Fortune 0 | Tax 0
Board [3c 2c 4c 7h 3s]
Seat 1: 8d658501 showed [Jh Qd] and won (82,486) with a pair of Threes
Seat 2: fa62b597 folded before Flop
Seat 3: 3f157588 showed [8c Ts] and lost with a pair of Threes
Seat 4: Hero showed [9d Td] and lost with a pair of Threes
Seat 5: 441c1638 (button) folded before Flop
Seat 6: e652fe96 (small blind) folded before Flop
Seat 8: 4577195a (big blind) showed [7c Ac] and won (63,590) with a flush Ace high


Poker Hand #TM5607140375: Tournament #264518806, Bounty Hunters Deepstack Turbo $8.88 Hold'em No Limit - Level14(750/1,500(200)) - 2026/02/19 16:16:00
Table '114' 8-max Seat #4 is the button
Seat 1: 8d658501 (48,730 in chips)
Seat 2: fa62b597 (36,090 in chips)
Seat 3: 3f157588 (65,686 in chips)
Seat 4: Hero (74,199 in chips)
Seat 5: 441c1638 (42,061 in chips)
Seat 6: e652fe96 (19,800 in chips)
Seat 7: b739c68f (26,538 in chips)
Seat 8: 4577195a (27,580 in chips)
441c1638: posts the ante 200
Hero: posts the ante 200
b739c68f: posts the ante 200
fa62b597: posts the ante 200
8d658501: posts the ante 200
4577195a: posts the ante 200
e652fe96: posts the ante 200
3f157588: posts the ante 200
441c1638: posts small blind 750
e652fe96: posts big blind 1,500
*** HOLE CARDS ***
Dealt to 8d658501 
Dealt to fa62b597 
Dealt to 3f157588 
Dealt to Hero [7s 5s]
Dealt to 441c1638 
Dealt to e652fe96 
Dealt to b739c68f 
Dealt to 4577195a 
b739c68f: folds
4577195a: raises 1,500 to 3,000
8d658501: calls 3,000
fa62b597: folds
3f157588: raises 62,486 to 65,486 and is all-in
Hero: folds
441c1638: folds
e652fe96: calls 18,100 and is all-in
4577195a: calls 24,380 and is all-in
8d658501: folds
Uncalled bet (38,106) returned to 3f157588
3f157588: shows [As Qd]
e652fe96: shows [Qc 6c]
4577195a: shows [Kh Ah]
*** FLOP *** [Ac 8s 9c]
*** TURN *** [Ac 8s 9c] [7h]
*** RIVER *** [Ac 8s 9c 7h] [2c]
*** SHOWDOWN ***
e652fe96 collected 64,150 from pot
4577195a collected 15,560 from pot
*** SUMMARY ***
Total pot 79,710 | Rake 0 | Jackpot 0 | Bingo 0 | Fortune 0 | Tax 0
Board [Ac 8s 9c 7h 2c]
Seat 1: 8d658501 folded before Flop
Seat 2: fa62b597 folded before Flop
Seat 3: 3f157588 showed [As Qd] and lost with a pair of Aces
Seat 4: Hero (button) folded before Flop
Seat 5: 441c1638 (small blind) folded before Flop
Seat 6: e652fe96 (big blind) showed [Qc 6c] and won (64,150) with a flush Ace high
Seat 7: b739c68f folded before Flop
Seat 8: 4577195a showed [Kh Ah] and won (15,560) with a pair of Aces


Poker Hand #TM5607140360: Tournament #264518806, Bounty Hunters Deepstack Turbo $8.88 Hold'em No Limit - Level14(750/1,500(200)) - 2026/02/19 16:15:00
Table '114' 8-max Seat #3 is the button
Seat 1: 8d658501 (38,330 in chips)
Seat 2: fa62b597 (36,290 in chips)
Seat 3: 3f157588 (65,886 in chips)
Seat 4: Hero (77,399 in chips)
Seat 5: 441c1638 (45,261 in chips)
Seat 6: e652fe96 (20,000 in chips)
Seat 7: b739c68f (29,738 in chips)
Seat 8: 4577195a (27,780 in chips)
441c1638: posts the ante 200
b739c68f: posts the ante 200
Hero: posts the ante 200
fa62b597: posts the ante 200
8d658501: posts the ante 200
4577195a: posts the ante 200
e652fe96: posts the ante 200
3f157588: posts the ante 200
Hero: posts small blind 750
441c1638: posts big blind 1,500
*** HOLE CARDS ***
Dealt to 8d658501 
Dealt to fa62b597 
Dealt to 3f157588 
Dealt to Hero [8h Tc]
Dealt to 441c1638 
Dealt to e652fe96 
Dealt to b739c68f 
Dealt to 4577195a 
e652fe96: folds
b739c68f: raises 1,500 to 3,000
4577195a: folds
8d658501: calls 3,000
fa62b597: folds
3f157588: folds
Hero: calls 2,250
441c1638: calls 1,500
*** FLOP *** [2s Ks Kh]
Hero: checks
441c1638: checks
b739c68f: checks
8d658501: bets 4,488
Hero: folds
441c1638: folds
b739c68f: folds
Uncalled bet (4,488) returned to 8d658501
*** SHOWDOWN ***
8d658501 collected 13,600 from pot
*** SUMMARY ***
Total pot 13,600 | Rake 0 | Jackpot 0 | Bingo 0 | Fortune 0 | Tax 0
Board [2s Ks Kh]
Seat 1: 8d658501 won (13,600)
Seat 2: fa62b597 folded before Flop
Seat 3: 3f157588 (button) folded before Flop
Seat 4: Hero (small blind) folded on the Flop
Seat 5: 441c1638 (big blind) folded on the Flop
Seat 6: e652fe96 folded before Flop
Seat 7: b739c68f folded on the Flop
Seat 8: 4577195a folded before Flop


Poker Hand #TM5607140345: Tournament #264518806, Bounty Hunters Deepstack Turbo $8.88 Hold'em No Limit - Level14(750/1,500(200)) - 2026/02/19 16:14:08
Table '114' 8-max Seat #2 is the button
Seat 1: 8d658501 (40,030 in chips)
Seat 2: fa62b597 (16,520 in chips)
Seat 3: 3f157588 (66,836 in chips)
Seat 4: Hero (93,919 in chips)
Seat 5: 441c1638 (45,461 in chips)
Seat 7: b739c68f (29,938 in chips)
Seat 8: 4577195a (27,980 in chips)
441c1638: posts the ante 200
b739c68f: posts the ante 200
Hero: posts the ante 200
fa62b597: posts the ante 200
8d658501: posts the ante 200
4577195a: posts the ante 200
3f157588: posts the ante 200
3f157588: posts small blind 750
Hero: posts big blind 1,500
*** HOLE CARDS ***
Dealt to 8d658501 
Dealt to fa62b597 
Dealt to 3f157588 
Dealt to Hero [As 4c]
Dealt to 441c1638 
Dealt to b739c68f 
Dealt to 4577195a 
441c1638: folds
b739c68f: folds
4577195a: folds
8d658501: calls 1,500
fa62b597: raises 6,650 to 8,150
3f157588: folds
Hero: raises 62,350 to 70,500
8d658501: folds
fa62b597: calls 8,170 and is all-in
Uncalled bet (54,180) returned to Hero
Hero: shows [As 4c]
fa62b597: shows [Ks Qd]
*** FLOP *** [Kc 9d 6h]
*** TURN *** [Kc 9d 6h] [7h]
*** RIVER *** [Kc 9d 6h 7h] [3c]
8d658501: shows [5h 4s] (a straight, Seven to Three)
*** SHOWDOWN ***
fa62b597 collected 36,290 from pot
*** SUMMARY ***
Total pot 36,290 | Rake 0 | Jackpot 0 | Bingo 0 | Fortune 0 | Tax 0
Board [Kc 9d 6h 7h 3c]
Seat 1: 8d658501 folded before Flop
Seat 2: fa62b597 (button) showed [Ks Qd] and won (36,290) with a pair of Kings
Seat 3: 3f157588 (small blind) folded before Flop
Seat 4: Hero (big blind) showed [As 4c] and lost with Ace high
Seat 5: 441c1638 folded before Flop
Seat 7: b739c68f folded before Flop
Seat 8: 4577195a folded before Flop


Poker Hand #TM5607140333: Tournament #264518806, Bounty Hunters Deepstack Turbo $8.88 Hold'em No Limit - Level13(600/1,200(180)) - 2026/02/19 16:13:14
Table '114' 8-max Seat #1 is the button
Seat 1: 8d658501 (40,210 in chips)
Seat 2: fa62b597 (17,300 in chips)
Seat 3: 3f157588 (68,216 in chips)
Seat 4: Hero (100,099 in chips)
Seat 5: 441c1638 (36,581 in chips)
Seat 7: b739c68f (30,118 in chips)
Seat 8: 4577195a (28,160 in chips)
441c1638: posts the ante 180
b739c68f: posts the ante 180
Hero: posts the ante 180
fa62b597: posts the ante 180
8d658501: posts the ante 180
4577195a: posts the ante 180
3f157588: posts the ante 180
fa62b597: posts small blind 600
3f157588: posts big blind 1,200
*** HOLE CARDS ***
Dealt to 8d658501 
Dealt to fa62b597 
Dealt to 3f157588 
Dealt to Hero [9s Th]
Dealt to 441c1638 
Dealt to b739c68f 
Dealt to 4577195a 
Hero: raises 1,200 to 2,400
441c1638: raises 3,600 to 6,000
b739c68f: folds
4577195a: folds
8d658501: folds
fa62b597: folds
3f157588: folds
Hero: calls 3,600
*** FLOP *** [Qc Qs 4d]
Hero: checks
441c1638: checks
*** TURN *** [Qc Qs 4d] [6h]
Hero: checks
441c1638: checks
*** RIVER *** [Qc Qs 4d 6h] [8c]
Hero: checks
441c1638: checks
Hero: shows [9s Th] (a pair of Queens)
441c1638: shows [8d Ad] (two pair, Queens and Eights)
*** SHOWDOWN ***
441c1638 collected 15,060 from pot
*** SUMMARY ***
Total pot 15,060 | Rake 0 | Jackpot 0 | Bingo 0 | Fortune 0 | Tax 0
Board [Qc Qs 4d 6h 8c]
Seat 1: 8d658501 (button) folded before Flop
Seat 2: fa62b597 (small blind) folded before Flop
Seat 3: 3f157588 (big blind) folded before Flop
Seat 4: Hero showed [9s Th] and lost with a pair of Queens
Seat 5: 441c1638 showed [8d Ad] and won (15,060) with two pair, Queens and Eights
Seat 7: b739c68f folded before Flop
Seat 8: 4577195a folded before Flop


Poker Hand #TM5607140328: Tournament #264518806, Bounty Hunters Deepstack Turbo $8.88 Hold'em No Limit - Level13(600/1,200(180)) - 2026/02/19 16:13:00
Table '114' 8-max Seat #8 is the button
Seat 1: 8d658501 (40,990 in chips)
Seat 2: fa62b597 (15,620 in chips)
Seat 3: 3f157588 (68,396 in chips)
Seat 4: Hero (100,279 in chips)
Seat 5: 441c1638 (36,761 in chips)
Seat 7: b739c68f (30,298 in chips)
Seat 8: 4577195a (28,340 in chips)
441c1638: posts the ante 180
b739c68f: posts the ante 180
Hero: posts the ante 180
fa62b597: posts the ante 180
8d658501: posts the ante 180
4577195a: posts the ante 180
3f157588: posts the ante 180
8d658501: posts small blind 600
fa62b597: posts big blind 1,200
*** HOLE CARDS ***
Dealt to 8d658501 
Dealt to fa62b597 
Dealt to 3f157588 
Dealt to Hero [6s 8h]
Dealt to 441c1638 
Dealt to b739c68f 
Dealt to 4577195a 
3f157588: folds
Hero: folds
441c1638: folds
b739c68f: folds
4577195a: folds
8d658501: folds
Uncalled bet (600) returned to fa62b597
*** SHOWDOWN ***
fa62b597 collected 2,460 from pot
*** SUMMARY ***
Total pot 2,460 | Rake 0 | Jackpot 0 | Bingo 0 | Fortune 0 | Tax 0
Seat 1: 8d658501 (small blind) folded before Flop
Seat 2: fa62b597 (big blind) collected (2,460)
Seat 3: 3f157588 folded before Flop
Seat 4: Hero folded before Flop
Seat 5: 441c1638 folded before Flop
Seat 7: b739c68f folded before Flop
Seat 8: 4577195a (button) folded before Flop


Poker Hand #TM5607140319: Tournament #264518806, Bounty Hunters Deepstack Turbo $8.88 Hold'em No Limit - Level13(600/1,200(180)) - 2026/02/19 16:12:22
Table '114' 8-max Seat #7 is the button
Seat 1: 8d658501 (40,240 in chips)
Seat 2: fa62b597 (15,800 in chips)
Seat 3: 3f157588 (68,576 in chips)
Seat 4: Hero (99,529 in chips)
Seat 5: 441c1638 (36,941 in chips)
Seat 7: b739c68f (30,478 in chips)
Seat 8: 4577195a (29,120 in chips)
441c1638: posts the ante 180
b739c68f: posts the ante 180
Hero: posts the ante 180
fa62b597: posts the ante 180
8d658501: posts the ante 180
4577195a: posts the ante 180
3f157588: posts the ante 180
4577195a: posts small blind 600
8d658501: posts big blind 1,200
*** HOLE CARDS ***
Dealt to 8d658501 
Dealt to fa62b597 
Dealt to 3f157588 
Dealt to Hero [Ac 4d]
Dealt to 441c1638 
Dealt to b739c68f 
Dealt to 4577195a 
fa62b597: folds
3f157588: folds
Hero: raises 1,200 to 2,400
441c1638: folds
b739c68f: folds
4577195a: folds
8d658501: calls 1,200
*** FLOP *** [Qd Kc Jc]
8d658501: checks
Hero: bets 2,198
8d658501: calls 2,198
*** TURN *** [Qd Kc Jc] [9h]
8d658501: checks
Hero: checks
*** RIVER *** [Qd Kc Jc 9h] [Kd]
8d658501: checks
Hero: checks
8d658501: shows [As 7d] (a pair of Kings)
Hero: shows [Ac 4d] (a pair of Kings)
*** SHOWDOWN ***
Hero collected 5,528 from pot
8d658501 collected 5,528 from pot
*** SUMMARY ***
Total pot 11,056 | Rake 0 | Jackpot 0 | Bingo 0 | Fortune 0 | Tax 0
Board [Qd Kc Jc 9h Kd]
Seat 1: 8d658501 (big blind) showed [As 7d] and won (5,528) with a pair of Kings
Seat 2: fa62b597 folded before Flop
Seat 3: 3f157588 folded before Flop
Seat 4: Hero showed [Ac 4d] and won (5,528) with a pair of Kings
Seat 5: 441c1638 folded before Flop
Seat 7: b739c68f (button) folded before Flop
Seat 8: 4577195a (small blind) folded before Flop


Poker Hand #TM5607140310: Tournament #264518806, Bounty Hunters Deepstack Turbo $8.88 Hold'em No Limit - Level13(600/1,200(180)) - 2026/02/19 16:11:46
Table '114' 8-max Seat #6 is the button
Seat 1: 8d658501 (40,420 in chips)
Seat 2: fa62b597 (15,980 in chips)
Seat 3: 3f157588 (68,756 in chips)
Seat 4: Hero (99,709 in chips)
Seat 5: 441c1638 (37,121 in chips)
Seat 6: 9f5d77f (73,732 in chips)
Seat 7: b739c68f (31,258 in chips)
Seat 8: 4577195a (30,500 in chips)
441c1638: posts the ante 180
Hero: posts the ante 180
b739c68f: posts the ante 180
fa62b597: posts the ante 180
8d658501: posts the ante 180
4577195a: posts the ante 180
9f5d77f: posts the ante 180
3f157588: posts the ante 180
b739c68f: posts small blind 600
4577195a: posts big blind 1,200
*** HOLE CARDS ***
Dealt to 8d658501 
Dealt to fa62b597 
Dealt to 3f157588 
Dealt to Hero [9c 4h]
Dealt to 441c1638 
Dealt to 9f5d77f 
Dealt to b739c68f 
Dealt to 4577195a 
8d658501: folds
fa62b597: folds
3f157588: folds
Hero: folds
441c1638: folds
9f5d77f: raises 2,400 to 3,600
b739c68f: folds
4577195a: folds
Uncalled bet (2,400) returned to 9f5d77f
*** SHOWDOWN ***
9f5d77f collected 4,440 from pot
*** SUMMARY ***
Total pot 4,440 | Rake 0 | Jackpot 0 | Bingo 0 | Fortune 0 | Tax 0
Seat 1: 8d658501 folded before Flop
Seat 2: fa62b597 folded before Flop
Seat 3: 3f157588 folded before Flop
Seat 4: Hero folded before Flop
Seat 5: 441c1638 folded before Flop
Seat 6: 9f5d77f (button) collected (4,440)
Seat 7: b739c68f (small blind) folded before Flop
Seat 8: 4577195a (big blind) folded before Flop


Poker Hand #TM5607140289: Tournament #264518806, Bounty Hunters Deepstack Turbo $8.88 Hold'em No Limit - Level13(600/1,200(180)) - 2026/02/19 16:10:18
Table '114' 8-max Seat #5 is the button
Seat 1: 8d658501 (40,600 in chips)
Seat 2: fa62b597 (16,160 in chips)
Seat 3: 3f157588 (68,936 in chips)
Seat 4: Hero (88,249 in chips)
Seat 5: 441c1638 (37,301 in chips)
Seat 6: 9f5d77f (74,512 in chips)
Seat 7: b739c68f (41,038 in chips)
Seat 8: 4577195a (30,680 in chips)
441c1638: posts the ante 180
Hero: posts the ante 180
b739c68f: posts the ante 180
fa62b597: posts the ante 180
8d658501: posts the ante 180
4577195a: posts the ante 180
3f157588: posts the ante 180
9f5d77f: posts the ante 180
9f5d77f: posts small blind 600
b739c68f: posts big blind 1,200
*** HOLE CARDS ***
Dealt to 8d658501 
Dealt to fa62b597 
Dealt to 3f157588 
Dealt to Hero [Ad 6h]
Dealt to 441c1638 
Dealt to 9f5d77f 
Dealt to b739c68f 
Dealt to 4577195a 
4577195a: folds
8d658501: folds
fa62b597: folds
3f157588: folds
Hero: raises 1,200 to 2,400
441c1638: folds
9f5d77f: folds
b739c68f: calls 1,200
*** FLOP *** [4h Kc Jd]
b739c68f: checks
Hero: bets 2,258
b739c68f: raises 4,942 to 7,200
Hero: calls 4,942
*** TURN *** [4h Kc Jd] [Qs]
b739c68f: checks
Hero: checks
*** RIVER *** [4h Kc Jd Qs] [Td]
b739c68f: checks
Hero: bets 60,000
b739c68f: folds
Uncalled bet (60,000) returned to Hero
*** SHOWDOWN ***
Hero collected 21,240 from pot
*** SUMMARY ***
Total pot 21,240 | Rake 0 | Jackpot 0 | Bingo 0 | Fortune 0 | Tax 0
Board [4h Kc Jd Qs Td]
Seat 1: 8d658501 folded before Flop
Seat 2: fa62b597 folded before Flop
Seat 3: 3f157588 folded before Flop
Seat 4: Hero won (21,240)
Seat 5: 441c1638 (button) folded before Flop
Seat 6: 9f5d77f (small blind) folded before Flop
Seat 7: b739c68f (big blind) folded on the River
Seat 8: 4577195a folded before Flop


Poker Hand #TM5607140272: Tournament #264518806, Bounty Hunters Deepstack Turbo $8.88 Hold'em No Limit - Level13(600/1,200(180)) - 2026/02/19 16:09:04
Table '114' 8-max Seat #4 is the button
Seat 1: 8d658501 (40,780 in chips)
Seat 2: fa62b597 (18,740 in chips)
Seat 3: 3f157588 (69,116 in chips)
Seat 4: Hero (90,829 in chips)
Seat 5: 441c1638 (38,081 in chips)
Seat 6: 9f5d77f (75,892 in chips)
Seat 7: b739c68f (33,178 in chips)
Seat 8: 4577195a (30,860 in chips)
441c1638: posts the ante 180
Hero: posts the ante 180
b739c68f: posts the ante 180
fa62b597: posts the ante 180
8d658501: posts the ante 180
4577195a: posts the ante 180
3f157588: posts the ante 180
9f5d77f: posts the ante 180
441c1638: posts small blind 600
9f5d77f: posts big blind 1,200
*** HOLE CARDS ***
Dealt to 8d658501 
Dealt to fa62b597 
Dealt to 3f157588 
Dealt to Hero [Js 7d]
Dealt to 441c1638 
Dealt to 9f5d77f 
Dealt to b739c68f 
Dealt to 4577195a 
b739c68f: raises 1,200 to 2,400
4577195a: folds
8d658501: folds
fa62b597: calls 2,400
3f157588: folds
Hero: calls 2,400
441c1638: folds
9f5d77f: folds
*** FLOP *** [Qc 3s 8s]
b739c68f: checks
fa62b597: checks
Hero: checks
*** TURN *** [Qc 3s 8s] [6d]
b739c68f: bets 5,429
fa62b597: folds
Hero: folds
Uncalled bet (5,429) returned to b739c68f
*** SHOWDOWN ***
b739c68f collected 10,440 from pot
*** SUMMARY ***
Total pot 10,440 | Rake 0 | Jackpot 0 | Bingo 0 | Fortune 0 | Tax 0
Board [Qc 3s 8s 6d]
Seat 1: 8d658501 folded before Flop
Seat 2: fa62b597 folded on the Turn
Seat 3: 3f157588 folded before Flop
Seat 4: Hero (button) folded on the Turn
Seat 5: 441c1638 (small blind) folded before Flop
Seat 6: 9f5d77f (big blind) folded before Flop
Seat 7: b739c68f won (10,440)
Seat 8: 4577195a folded before Flop


Poker Hand #TM5607140257: Tournament #264518806, Bounty Hunters Deepstack Turbo $8.88 Hold'em No Limit - Level13(600/1,200(180)) - 2026/02/19 16:08:10
Table '114' 8-max Seat #3 is the button
Seat 1: 8d658501 (40,960 in chips)
Seat 2: fa62b597 (21,320 in chips)
Seat 3: 3f157588 (69,296 in chips)
Seat 4: Hero (91,609 in chips)
Seat 5: 441c1638 (40,661 in chips)
Seat 6: 9f5d77f (69,232 in chips)
Seat 7: b739c68f (33,358 in chips)
Seat 8: 4577195a (31,040 in chips)
441c1638: posts the ante 180
b739c68f: posts the ante 180
Hero: posts the ante 180
fa62b597: posts the ante 180
8d658501: posts the ante 180
4577195a: posts the ante 180
3f157588: posts the ante 180
9f5d77f: posts the ante 180
Hero: posts small blind 600
441c1638: posts big blind 1,200
*** HOLE CARDS ***
Dealt to 8d658501 
Dealt to fa62b597 
Dealt to 3f157588 
Dealt to Hero [7h 8c]
Dealt to 441c1638 
Dealt to 9f5d77f 
Dealt to b739c68f 
Dealt to 4577195a 
9f5d77f: raises 1,200 to 2,400
b739c68f: folds
4577195a: folds
8d658501: folds
fa62b597: calls 2,400
3f157588: folds
Hero: folds
441c1638: calls 1,200
*** FLOP *** [6h 4s 2c]
441c1638: checks
9f5d77f: checks
fa62b597: checks
*** TURN *** [6h 4s 2c] [Ac]
441c1638: checks
9f5d77f: bets 4,620
fa62b597: folds
441c1638: folds
Uncalled bet (4,620) returned to 9f5d77f
*** SHOWDOWN ***
9f5d77f collected 9,240 from pot
*** SUMMARY ***
Total pot 9,240 | Rake 0 | Jackpot 0 | Bingo 0 | Fortune 0 | Tax 0
Board [6h 4s 2c Ac]
Seat 1: 8d658501 folded before Flop
Seat 2: fa62b597 folded on the Turn
Seat 3: 3f157588 (button) folded before Flop
Seat 4: Hero (small blind) folded before Flop
Seat 5: 441c1638 (big blind) folded on the Turn
Seat 6: 9f5d77f won (9,240)
Seat 7: b739c68f folded before Flop
Seat 8: 4577195a folded before Flop


Poker Hand #TM5607140244: Tournament #264518806, Bounty Hunters Deepstack Turbo $8.88 Hold'em No Limit - Level13(600/1,200(180)) - 2026/02/19 16:07:17
Table '114' 8-max Seat #2 is the button
Seat 1: 8d658501 (18,440 in chips)
Seat 2: fa62b597 (21,500 in chips)
Seat 3: 3f157588 (70,076 in chips)
Seat 4: Hero (110,049 in chips)
Seat 5: 441c1638 (40,841 in chips)
Seat 6: 9f5d77f (69,412 in chips)
Seat 7: b739c68f (35,938 in chips)
Seat 8: 4577195a (31,220 in chips)
441c1638: posts the ante 180
b739c68f: posts the ante 180
Hero: posts the ante 180
fa62b597: posts the ante 180
8d658501: posts the ante 180
4577195a: posts the ante 180
9f5d77f: posts the ante 180
3f157588: posts the ante 180
3f157588: posts small blind 600
Hero: posts big blind 1,200
*** HOLE CARDS ***
Dealt to 8d658501 
Dealt to fa62b597 
Dealt to 3f157588 
Dealt to Hero [Ac 3h]
Dealt to 441c1638 
Dealt to 9f5d77f 
Dealt to b739c68f 
Dealt to 4577195a 
441c1638: folds
9f5d77f: folds
b739c68f: raises 1,200 to 2,400
4577195a: folds
8d658501: raises 15,860 to 18,260 and is all-in
fa62b597: folds
3f157588: folds
Hero: raises 30,940 to 49,200
b739c68f: folds
Uncalled bet (30,940) returned to Hero
Hero: shows [Ac 3h]
8d658501: shows [8d 8s]
*** FLOP *** [8h 5h Jd]
*** TURN *** [8h 5h Jd] [6c]
*** RIVER *** [8h 5h Jd 6c] [5c]
*** SHOWDOWN ***
8d658501 collected 40,960 from pot
*** SUMMARY ***
Total pot 40,960 | Rake 0 | Jackpot 0 | Bingo 0 | Fortune 0 | Tax 0
Board [8h 5h Jd 6c 5c]
Seat 1: 8d658501 showed [8d 8s] and won (40,960) with a full house, Eights full of Fives
Seat 2: fa62b597 (button) folded before Flop
Seat 3: 3f157588 (small blind) folded before Flop
Seat 4: Hero (big blind) showed [Ac 3h] and lost with a pair of Fives
Seat 5: 441c1638 folded before Flop
Seat 6: 9f5d77f folded before Flop
Seat 7: b739c68f folded before Flop
Seat 8: 4577195a folded before Flop


Poker Hand #TM5607140233: Tournament #264518806, Bounty Hunters Deepstack Turbo $8.88 Hold'em No Limit - Level13(600/1,200(180)) - 2026/02/19 16:06:25
Table '114' 8-max Seat #1 is the button
Seat 1: 8d658501 (18,620 in chips)
Seat 2: fa62b597 (22,280 in chips)
Seat 3: 3f157588 (72,656 in chips)
Seat 4: Hero (117,249 in chips)
Seat 5: 441c1638 (41,021 in chips)
Seat 6: 9f5d77f (58,132 in chips)
Seat 7: b739c68f (36,118 in chips)
Seat 8: 4577195a (31,400 in chips)
441c1638: posts the ante 180
b739c68f: posts the ante 180
Hero: posts the ante 180
fa62b597: posts the ante 180
8d658501: posts the ante 180
4577195a: posts the ante 180
9f5d77f: posts the ante 180
3f157588: posts the ante 180
fa62b597: posts small blind 600
3f157588: posts big blind 1,200
*** HOLE CARDS ***
Dealt to 8d658501 
Dealt to fa62b597 
Dealt to 3f157588 
Dealt to Hero [6d Td]
Dealt to 441c1638 
Dealt to 9f5d77f 
Dealt to b739c68f 
Dealt to 4577195a 
Hero: raises 1,200 to 2,400
441c1638: folds
9f5d77f: calls 2,400
b739c68f: folds
4577195a: folds
8d658501: folds
fa62b597: folds
3f157588: calls 1,200
*** FLOP *** [3h 8c 7h]
3f157588: checks
Hero: checks
9f5d77f: bets 4,620
3f157588: folds
Hero: calls 4,620
*** TURN *** [3h 8c 7h] [Qc]
Hero: checks
9f5d77f: bets 9,240
Hero: folds
Uncalled bet (9,240) returned to 9f5d77f
*** SHOWDOWN ***
9f5d77f collected 18,480 from pot
*** SUMMARY ***
Total pot 18,480 | Rake 0 | Jackpot 0 | Bingo 0 | Fortune 0 | Tax 0
Board [3h 8c 7h Qc]
Seat 1: 8d658501 (button) folded before Flop
Seat 2: fa62b597 (small blind) folded before Flop
Seat 3: 3f157588 (big blind) folded on the Flop
Seat 4: Hero folded on the Turn
Seat 5: 441c1638 folded before Flop
Seat 6: 9f5d77f won (18,480)
Seat 7: b739c68f folded before Flop
Seat 8: 4577195a folded before Flop


Poker Hand #TM5607140221: Tournament #264518806, Bounty Hunters Deepstack Turbo $8.88 Hold'em No Limit - Level13(600/1,200(180)) - 2026/02/19 16:05:46
Table '114' 8-max Seat #8 is the button
Seat 1: 8d658501 (20,000 in chips)
Seat 2: fa62b597 (20,000 in chips)
Seat 4: Hero (117,429 in chips)
Seat 5: 441c1638 (41,201 in chips)
Seat 6: 9f5d77f (58,312 in chips)
Seat 7: b739c68f (36,298 in chips)
Seat 8: 4577195a (31,580 in chips)
441c1638: posts the ante 180
b739c68f: posts the ante 180
Hero: posts the ante 180
fa62b597: posts the ante 180
8d658501: posts the ante 180
4577195a: posts the ante 180
9f5d77f: posts the ante 180
8d658501: posts small blind 600
fa62b597: posts big blind 1,200
*** HOLE CARDS ***
Dealt to 8d658501 
Dealt to fa62b597 
Dealt to Hero [5d 7s]
Dealt to 441c1638 
Dealt to 9f5d77f 
Dealt to b739c68f 
Dealt to 4577195a 
Hero: folds
441c1638: folds
9f5d77f: folds
b739c68f: folds
4577195a: folds
8d658501: calls 600
fa62b597: raises 12,000 to 13,200
8d658501: folds
Uncalled bet (12,000) returned to fa62b597
*** SHOWDOWN ***
fa62b597 collected 3,660 from pot
*** SUMMARY ***
Total pot 3,660 | Rake 0 | Jackpot 0 | Bingo 0 | Fortune 0 | Tax 0
Seat 1: 8d658501 (small blind) folded before Flop
Seat 2: fa62b597 (big blind) collected (3,660)
Seat 4: Hero folded before Flop
Seat 5: 441c1638 folded before Flop
Seat 6: 9f5d77f folded before Flop
Seat 7: b739c68f folded before Flop
Seat 8: 4577195a (button) folded before Flop


Poker Hand #TM5606446395: Tournament #264518806, Bounty Hunters Deepstack Turbo $8.88 Hold'em No Limit - Level12(500/1,000(150)) - 2026/02/19 16:04:06
Table '39' 8-max Seat #8 is the button
Seat 2: 921515df (61,184 in chips)
Seat 3: 447be2f1 (15,960 in chips)
Seat 4: Hero (119,579 in chips)
Seat 5: f10e6c9f (24,918 in chips)
Seat 6: 76fb4d61 (77,939 in chips)
Seat 7: 7f308dde (133,889 in chips)
Seat 8: d140a863 (160,094 in chips)
f10e6c9f: posts the ante 150
921515df: posts the ante 150
d140a863: posts the ante 150
Hero: posts the ante 150
76fb4d61: posts the ante 150
447be2f1: posts the ante 150
7f308dde: posts the ante 150
921515df: posts small blind 500
447be2f1: posts big blind 1,000
*** HOLE CARDS ***
Dealt to 921515df 
Dealt to 447be2f1 
Dealt to Hero [Ac 8c]
Dealt to f10e6c9f 
Dealt to 76fb4d61 
Dealt to 7f308dde 
Dealt to d140a863 
Hero: raises 1,000 to 2,000
f10e6c9f: folds
76fb4d61: folds
7f308dde: folds
d140a863: calls 2,000
921515df: calls 1,500
447be2f1: folds
*** FLOP *** [4d 3h Qh]
921515df: checks
Hero: checks
d140a863: checks
*** TURN *** [4d 3h Qh] [2h]
921515df: checks
Hero: checks
d140a863: checks
*** RIVER *** [4d 3h Qh 2h] [4c]
921515df: checks
Hero: checks
d140a863: checks
921515df: shows [Jd Td] (a pair of Fours)
Hero: shows [Ac 8c] (a pair of Fours)
d140a863: shows [2d As] (two pair, Fours and Twos)
*** SHOWDOWN ***
d140a863 collected 8,050 from pot
*** SUMMARY ***
Total pot 8,050 | Rake 0 | Jackpot 0 | Bingo 0 | Fortune 0 | Tax 0
Board [4d 3h Qh 2h 4c]
Seat 2: 921515df (small blind) showed [Jd Td] and lost with a pair of Fours
Seat 3: 447be2f1 (big blind) folded before Flop
Seat 4: Hero showed [Ac 8c] and lost with a pair of Fours
Seat 5: f10e6c9f folded before Flop
Seat 6: 76fb4d61 folded before Flop
Seat 7: 7f308dde folded before Flop
Seat 8: d140a863 (button) showed [2d As] and won (8,050) with two pair, Fours and Twos


Poker Hand #TM5606446372: Tournament #264518806, Bounty Hunters Deepstack Turbo $8.88 Hold'em No Limit - Level12(500/1,000(150)) - 2026/02/19 16:02:29
Table '39' 8-max Seat #7 is the button
Seat 1: 466480e1 (19,934 in chips)
Seat 2: 921515df (20,000 in chips)
Seat 3: 447be2f1 (16,110 in chips)
Seat 4: Hero (139,579 in chips)
Seat 5: f10e6c9f (25,068 in chips)
Seat 6: 76fb4d61 (78,089 in chips)
Seat 7: 7f308dde (134,039 in chips)
Seat 8: d140a863 (160,744 in chips)
f10e6c9f: posts the ante 150
921515df: posts the ante 150
466480e1: posts the ante 150
d140a863: posts the ante 150
Hero: posts the ante 150
76fb4d61: posts the ante 150
447be2f1: posts the ante 150
7f308dde: posts the ante 150
d140a863: posts small blind 500
466480e1: posts big blind 1,000
*** HOLE CARDS ***
Dealt to 466480e1 
Dealt to 921515df 
Dealt to 447be2f1 
Dealt to Hero [4h Kh]
Dealt to f10e6c9f 
Dealt to 76fb4d61 
Dealt to 7f308dde 
Dealt to d140a863 
921515df: raises 1,000 to 2,000
447be2f1: folds
Hero: calls 2,000
f10e6c9f: folds
76fb4d61: folds
7f308dde: folds
d140a863: folds
466480e1: raises 17,784 to 19,784 and is all-in
921515df: raises 66 to 19,850 and is all-in
Hero: calls 17,850
921515df: shows [9c Jh]
Hero: shows [4h Kh]
466480e1: shows [Th Ah]
*** FLOP *** [Tc 6h 7s]
*** TURN *** [Tc 6h 7s] [8d]
*** RIVER *** [Tc 6h 7s 8d] [7h]
*** SHOWDOWN ***
921515df collected 61,052 from pot
921515df collected 132 from pot
*** SUMMARY ***
Total pot 61,184 | Rake 0 | Jackpot 0 | Bingo 0 | Fortune 0 | Tax 0
Board [Tc 6h 7s 8d 7h]
Seat 1: 466480e1 (big blind) showed [Th Ah] and lost with two pair, Tens and Sevens
Seat 2: 921515df showed [9c Jh] and won (61,184) with a straight, Jack to Seven
Seat 3: 447be2f1 folded before Flop
Seat 4: Hero showed [4h Kh] and lost with a pair of Sevens
Seat 5: f10e6c9f folded before Flop
Seat 6: 76fb4d61 folded before Flop
Seat 7: 7f308dde (button) folded before Flop
Seat 8: d140a863 (small blind) folded before Flop


Poker Hand #TM5606446362: Tournament #264518806, Bounty Hunters Deepstack Turbo $8.88 Hold'em No Limit - Level12(500/1,000(150)) - 2026/02/19 15:54:32
Table '39' 8-max Seat #6 is the button
Seat 1: 466480e1 (20,084 in chips)
Seat 2: 2cbb491 (37,485 in chips)
Seat 3: 447be2f1 (16,260 in chips)
Seat 4: Hero (99,694 in chips)
Seat 5: f10e6c9f (25,218 in chips)
Seat 6: 76fb4d61 (78,239 in chips)
Seat 7: 7f308dde (134,689 in chips)
Seat 8: d140a863 (161,894 in chips)
f10e6c9f: posts the ante 150
466480e1: posts the ante 150
d140a863: posts the ante 150
Hero: posts the ante 150
76fb4d61: posts the ante 150
2cbb491: posts the ante 150
447be2f1: posts the ante 150
7f308dde: posts the ante 150
7f308dde: posts small blind 500
d140a863: posts big blind 1,000
*** HOLE CARDS ***
Dealt to 466480e1 
Dealt to 2cbb491 
Dealt to 447be2f1 
Dealt to Hero [Jc Ad]
Dealt to f10e6c9f 
Dealt to 76fb4d61 
Dealt to 7f308dde 
Dealt to d140a863 
466480e1: folds
2cbb491: raises 1,000 to 2,000
447be2f1: folds
Hero: raises 4,350 to 6,350
f10e6c9f: folds
76fb4d61: folds
7f308dde: folds
d140a863: folds
2cbb491: raises 30,985 to 37,335 and is all-in
Hero: calls 30,985
2cbb491: shows [As Td]
Hero: shows [Jc Ad]
*** FLOP *** [4s 7s 5s]
*** TURN *** [4s 7s 5s] [5c]
*** RIVER *** [4s 7s 5s 5c] [Ah]
*** SHOWDOWN ***
Hero collected 77,370 from pot
*** SUMMARY ***
Total pot 77,370 | Rake 0 | Jackpot 0 | Bingo 0 | Fortune 0 | Tax 0
Board [4s 7s 5s 5c Ah]
Seat 1: 466480e1 folded before Flop
Seat 2: 2cbb491 showed [As Td] and lost with two pair, Aces and Fives
Seat 3: 447be2f1 folded before Flop
Seat 4: Hero showed [Jc Ad] and won (77,370) with two pair, Aces and Fives
Seat 5: f10e6c9f folded before Flop
Seat 6: 76fb4d61 (button) folded before Flop
Seat 7: 7f308dde (small blind) folded before Flop
Seat 8: d140a863 (big blind) folded before Flop


Poker Hand #TM5606446349: Tournament #264518806, Bounty Hunters Deepstack Turbo $8.88 Hold'em No Limit - Level12(500/1,000(150)) - 2026/02/19 15:53:46
Table '39' 8-max Seat #5 is the button
Seat 1: 466480e1 (20,234 in chips)
Seat 2: 2cbb491 (32,054 in chips)
Seat 3: 447be2f1 (16,410 in chips)
Seat 4: Hero (99,844 in chips)
Seat 5: f10e6c9f (25,368 in chips)
Seat 6: 76fb4d61 (78,889 in chips)
Seat 7: 7f308dde (138,720 in chips)
Seat 8: d140a863 (162,044 in chips)
f10e6c9f: posts the ante 150
466480e1: posts the ante 150
d140a863: posts the ante 150
Hero: posts the ante 150
76fb4d61: posts the ante 150
2cbb491: posts the ante 150
447be2f1: posts the ante 150
7f308dde: posts the ante 150
76fb4d61: posts small blind 500
7f308dde: posts big blind 1,000
*** HOLE CARDS ***
Dealt to 466480e1 
Dealt to 2cbb491 
Dealt to 447be2f1 
Dealt to Hero [Td 6s]
Dealt to f10e6c9f 
Dealt to 76fb4d61 
Dealt to 7f308dde 
Dealt to d140a863 
d140a863: folds
466480e1: folds
2cbb491: raises 1,000 to 2,000
447be2f1: folds
Hero: folds
f10e6c9f: folds
76fb4d61: folds
7f308dde: calls 1,000
*** FLOP *** [9h 9s 4c]
7f308dde: checks
2cbb491: checks
*** TURN *** [9h 9s 4c] [Qs]
7f308dde: bets 1,881
2cbb491: raises 7,097 to 8,978
7f308dde: folds
Uncalled bet (7,097) returned to 2cbb491
*** SHOWDOWN ***
2cbb491 collected 9,462 from pot
*** SUMMARY ***
Total pot 9,462 | Rake 0 | Jackpot 0 | Bingo 0 | Fortune 0 | Tax 0
Board [9h 9s 4c Qs]
Seat 1: 466480e1 folded before Flop
Seat 2: 2cbb491 won (9,462)
Seat 3: 447be2f1 folded before Flop
Seat 4: Hero folded before Flop
Seat 5: f10e6c9f (button) folded before Flop
Seat 6: 76fb4d61 (small blind) folded before Flop
Seat 7: 7f308dde (big blind) folded on the Turn
Seat 8: d140a863 folded before Flop


Poker Hand #TM5606446327: Tournament #264518806, Bounty Hunters Deepstack Turbo $8.88 Hold'em No Limit - Level12(500/1,000(150)) - 2026/02/19 15:52:03
Table '39' 8-max Seat #4 is the button
Seat 1: 466480e1 (20,384 in chips)
Seat 2: 2cbb491 (38,304 in chips)
Seat 3: 447be2f1 (16,560 in chips)
Seat 4: Hero (99,994 in chips)
Seat 5: f10e6c9f (26,018 in chips)
Seat 6: 76fb4d61 (80,039 in chips)
Seat 7: 7f308dde (118,870 in chips)
Seat 8: d140a863 (173,394 in chips)
f10e6c9f: posts the ante 150
466480e1: posts the ante 150
d140a863: posts the ante 150
Hero: posts the ante 150
76fb4d61: posts the ante 150
2cbb491: posts the ante 150
447be2f1: posts the ante 150
7f308dde: posts the ante 150
f10e6c9f: posts small blind 500
76fb4d61: posts big blind 1,000
*** HOLE CARDS ***
Dealt to 466480e1 
Dealt to 2cbb491 
Dealt to 447be2f1 
Dealt to Hero [9s Jh]
Dealt to f10e6c9f 
Dealt to 76fb4d61 
Dealt to 7f308dde 
Dealt to d140a863 
7f308dde: raises 1,200 to 2,200
d140a863: raises 3,900 to 6,100
466480e1: folds
2cbb491: calls 6,100
447be2f1: folds
Hero: folds
f10e6c9f: folds
76fb4d61: folds
7f308dde: calls 3,900
*** FLOP *** [5d Kh 2d]
7f308dde: checks
d140a863: bets 5,100
2cbb491: folds
7f308dde: calls 5,100
*** TURN *** [5d Kh 2d] [Ts]
7f308dde: checks
d140a863: checks
*** RIVER *** [5d Kh 2d Ts] [6d]
7f308dde: bets 15,600
d140a863: folds
Uncalled bet (15,600) returned to 7f308dde
*** SHOWDOWN ***
7f308dde collected 31,200 from pot
*** SUMMARY ***
Total pot 31,200 | Rake 0 | Jackpot 0 | Bingo 0 | Fortune 0 | Tax 0
Board [5d Kh 2d Ts 6d]
Seat 1: 466480e1 folded before Flop
Seat 2: 2cbb491 folded on the Flop
Seat 3: 447be2f1 folded before Flop
Seat 4: Hero (button) folded before Flop
Seat 5: f10e6c9f (small blind) folded before Flop
Seat 6: 76fb4d61 (big blind) folded before Flop
Seat 7: 7f308dde won (31,200)
Seat 8: d140a863 folded on the River


Poker Hand #TM5606446314: Tournament #264518806, Bounty Hunters Deepstack Turbo $8.88 Hold'em No Limit - Level12(500/1,000(150)) - 2026/02/19 15:51:17
Table '39' 8-max Seat #3 is the button
Seat 1: 466480e1 (20,534 in chips)
Seat 2: 2cbb491 (38,454 in chips)
Seat 3: 447be2f1 (16,710 in chips)
Seat 4: Hero (100,644 in chips)
Seat 5: f10e6c9f (27,168 in chips)
Seat 6: 76fb4d61 (80,189 in chips)
Seat 7: 7f308dde (116,320 in chips)
Seat 8: d140a863 (173,544 in chips)
f10e6c9f: posts the ante 150
466480e1: posts the ante 150
d140a863: posts the ante 150
Hero: posts the ante 150
76fb4d61: posts the ante 150
2cbb491: posts the ante 150
447be2f1: posts the ante 150
7f308dde: posts the ante 150
Hero: posts small blind 500
f10e6c9f: posts big blind 1,000
*** HOLE CARDS ***
Dealt to 466480e1 
Dealt to 2cbb491 
Dealt to 447be2f1 
Dealt to Hero [Js 6d]
Dealt to f10e6c9f 
Dealt to 76fb4d61 
Dealt to 7f308dde 
Dealt to d140a863 
76fb4d61: folds
7f308dde: raises 1,200 to 2,200
d140a863: folds
466480e1: folds
2cbb491: folds
447be2f1: folds
Hero: folds
f10e6c9f: folds
Uncalled bet (1,200) returned to 7f308dde
*** SHOWDOWN ***
7f308dde collected 3,700 from pot
*** SUMMARY ***
Total pot 3,700 | Rake 0 | Jackpot 0 | Bingo 0 | Fortune 0 | Tax 0
Seat 1: 466480e1 folded before Flop
Seat 2: 2cbb491 folded before Flop
Seat 3: 447be2f1 (button) folded before Flop
Seat 4: Hero (small blind) folded before Flop
Seat 5: f10e6c9f (big blind) folded before Flop
Seat 6: 76fb4d61 folded before Flop
Seat 7: 7f308dde collected (3,700)
Seat 8: d140a863 folded before Flop


Poker Hand #TM5606446293: Tournament #264518806, Bounty Hunters Deepstack Turbo $8.88 Hold'em No Limit - Level11(400/800(120)) - 2026/02/19 15:49:44
Table '39' 8-max Seat #2 is the button
Seat 1: 466480e1 (22,414 in chips)
Seat 2: 2cbb491 (38,574 in chips)
Seat 3: 447be2f1 (17,230 in chips)
Seat 4: Hero (117,564 in chips)
Seat 5: f10e6c9f (27,288 in chips)
Seat 6: 76fb4d61 (80,309 in chips)
Seat 7: 7f308dde (116,440 in chips)
Seat 8: d140a863 (153,744 in chips)
f10e6c9f: posts the ante 120
466480e1: posts the ante 120
d140a863: posts the ante 120
Hero: posts the ante 120
76fb4d61: posts the ante 120
2cbb491: posts the ante 120
447be2f1: posts the ante 120
7f308dde: posts the ante 120
447be2f1: posts small blind 400
Hero: posts big blind 800
*** HOLE CARDS ***
Dealt to 466480e1 
Dealt to 2cbb491 
Dealt to 447be2f1 
Dealt to Hero [Ts 8c]
Dealt to f10e6c9f 
Dealt to 76fb4d61 
Dealt to 7f308dde 
Dealt to d140a863 
f10e6c9f: folds
76fb4d61: folds
7f308dde: folds
d140a863: raises 960 to 1,760
466480e1: calls 1,760
2cbb491: folds
447be2f1: folds
Hero: calls 960
*** FLOP *** [4c Jd Td]
Hero: bets 800
d140a863: raises 3,920 to 4,720
466480e1: folds
Hero: calls 3,920
*** TURN *** [4c Jd Td] [5h]
Hero: checks
d140a863: bets 10,320
Hero: calls 10,320
*** RIVER *** [4c Jd Td 5h] [Kc]
Hero: checks
d140a863: checks
Hero: shows [Ts 8c] (a pair of Tens)
d140a863: shows [Qh Qs] (a pair of Queens)
*** SHOWDOWN ***
d140a863 collected 36,720 from pot
*** SUMMARY ***
Total pot 36,720 | Rake 0 | Jackpot 0 | Bingo 0 | Fortune 0 | Tax 0
Board [4c Jd Td 5h Kc]
Seat 1: 466480e1 folded on the Flop
Seat 2: 2cbb491 (button) folded before Flop
Seat 3: 447be2f1 (small blind) folded before Flop
Seat 4: Hero (big blind) showed [Ts 8c] and lost with a pair of Tens
Seat 5: f10e6c9f folded before Flop
Seat 6: 76fb4d61 folded before Flop
Seat 7: 7f308dde folded before Flop
Seat 8: d140a863 showed [Qh Qs] and won (36,720) with a pair of Queens


Poker Hand #TM5606446276: Tournament #264518806, Bounty Hunters Deepstack Turbo $8.88 Hold'em No Limit - Level11(400/800(120)) - 2026/02/19 15:48:15
Table '39' 8-max Seat #1 is the button
Seat 1: 466480e1 (22,534 in chips)
Seat 2: 2cbb491 (39,094 in chips)
Seat 3: 447be2f1 (18,150 in chips)
Seat 4: Hero (117,684 in chips)
Seat 5: f10e6c9f (27,408 in chips)
Seat 6: 76fb4d61 (107,189 in chips)
Seat 7: 7f308dde (116,560 in chips)
Seat 8: d140a863 (124,944 in chips)
f10e6c9f: posts the ante 120
466480e1: posts the ante 120
d140a863: posts the ante 120
Hero: posts the ante 120
76fb4d61: posts the ante 120
2cbb491: posts the ante 120
447be2f1: posts the ante 120
7f308dde: posts the ante 120
2cbb491: posts small blind 400
447be2f1: posts big blind 800
*** HOLE CARDS ***
Dealt to 466480e1 
Dealt to 2cbb491 
Dealt to 447be2f1 
Dealt to Hero [8c Qh]
Dealt to f10e6c9f 
Dealt to 76fb4d61 
Dealt to 7f308dde 
Dealt to d140a863 
Hero: folds
f10e6c9f: folds
76fb4d61: calls 800
7f308dde: folds
d140a863: raises 1,600 to 2,400
466480e1: folds
2cbb491: folds
447be2f1: folds
76fb4d61: calls 1,600
*** FLOP *** [Jh Qs Kh]
76fb4d61: bets 3,480
d140a863: calls 3,480
*** TURN *** [Jh Qs Kh] [2d]
76fb4d61: bets 6,960
d140a863: calls 6,960
*** RIVER *** [Jh Qs Kh 2d] [Tc]
76fb4d61: bets 13,920
d140a863: raises 14,080 to 28,000
76fb4d61: folds
Uncalled bet (14,080) returned to d140a863
*** SHOWDOWN ***
d140a863 collected 55,680 from pot
*** SUMMARY ***
Total pot 55,680 | Rake 0 | Jackpot 0 | Bingo 0 | Fortune 0 | Tax 0
Board [Jh Qs Kh 2d Tc]
Seat 1: 466480e1 (button) folded before Flop
Seat 2: 2cbb491 (small blind) folded before Flop
Seat 3: 447be2f1 (big blind) folded before Flop
Seat 4: Hero folded before Flop
Seat 5: f10e6c9f folded before Flop
Seat 6: 76fb4d61 folded on the River
Seat 7: 7f308dde folded before Flop
Seat 8: d140a863 won (55,680)


Poker Hand #TM5606446257: Tournament #264518806, Bounty Hunters Deepstack Turbo $8.88 Hold'em No Limit - Level11(400/800(120)) - 2026/02/19 15:47:00
Table '39' 8-max Seat #8 is the button
Seat 1: 466480e1 (20,094 in chips)
Seat 2: 2cbb491 (40,814 in chips)
Seat 3: 447be2f1 (18,270 in chips)
Seat 4: Hero (117,804 in chips)
Seat 5: f10e6c9f (27,528 in chips)
Seat 6: 76fb4d61 (107,309 in chips)
Seat 7: 7f308dde (116,680 in chips)
Seat 8: d140a863 (125,064 in chips)
f10e6c9f: posts the ante 120
466480e1: posts the ante 120
d140a863: posts the ante 120
Hero: posts the ante 120
76fb4d61: posts the ante 120
2cbb491: posts the ante 120
447be2f1: posts the ante 120
7f308dde: posts the ante 120
466480e1: posts small blind 400
2cbb491: posts big blind 800
*** HOLE CARDS ***
Dealt to 466480e1 
Dealt to 2cbb491 
Dealt to 447be2f1 
Dealt to Hero [6c Tc]
Dealt to f10e6c9f 
Dealt to 76fb4d61 
Dealt to 7f308dde 
Dealt to d140a863 
447be2f1: folds
Hero: folds
f10e6c9f: folds
76fb4d61: folds
7f308dde: folds
d140a863: folds
466480e1: calls 400
2cbb491: checks
*** FLOP *** [3d Jc 2d]
466480e1: bets 800
2cbb491: calls 800
*** TURN *** [3d Jc 2d] [5s]
466480e1: checks
2cbb491: checks
*** RIVER *** [3d Jc 2d 5s] [Ac]
466480e1: bets 4,400
2cbb491: folds
Uncalled bet (4,400) returned to 466480e1
*** SHOWDOWN ***
466480e1 collected 4,160 from pot
*** SUMMARY ***
Total pot 4,160 | Rake 0 | Jackpot 0 | Bingo 0 | Fortune 0 | Tax 0
Board [3d Jc 2d 5s Ac]
Seat 1: 466480e1 (small blind) won (4,160)
Seat 2: 2cbb491 (big blind) folded on the River
Seat 3: 447be2f1 folded before Flop
Seat 4: Hero folded before Flop
Seat 5: f10e6c9f folded before Flop
Seat 6: 76fb4d61 folded before Flop
Seat 7: 7f308dde folded before Flop
Seat 8: d140a863 (button) folded before Flop


Poker Hand #TM5606446249: Tournament #264518806, Bounty Hunters Deepstack Turbo $8.88 Hold'em No Limit - Level11(400/800(120)) - 2026/02/19 15:46:21
Table '39' 8-max Seat #7 is the button
Seat 1: 466480e1 (21,014 in chips)
Seat 2: 2cbb491 (40,934 in chips)
Seat 3: 447be2f1 (18,390 in chips)
Seat 4: Hero (119,524 in chips)
Seat 5: f10e6c9f (27,648 in chips)
Seat 6: 76fb4d61 (109,029 in chips)
Seat 7: 7f308dde (111,440 in chips)
Seat 8: d140a863 (125,584 in chips)
f10e6c9f: posts the ante 120
466480e1: posts the ante 120
d140a863: posts the ante 120
Hero: posts the ante 120
76fb4d61: posts the ante 120
2cbb491: posts the ante 120
447be2f1: posts the ante 120
7f308dde: posts the ante 120
d140a863: posts small blind 400
466480e1: posts big blind 800
*** HOLE CARDS ***
Dealt to 466480e1 
Dealt to 2cbb491 
Dealt to 447be2f1 
Dealt to Hero [Kc Jh]
Dealt to f10e6c9f 
Dealt to 76fb4d61 
Dealt to 7f308dde 
Dealt to d140a863 
2cbb491: folds
447be2f1: folds
Hero: raises 800 to 1,600
f10e6c9f: folds
76fb4d61: calls 1,600
7f308dde: raises 25,600 to 27,200
d140a863: folds
466480e1: folds
Hero: folds
76fb4d61: folds
Uncalled bet (25,600) returned to 7f308dde
*** SHOWDOWN ***
7f308dde collected 6,960 from pot
*** SUMMARY ***
Total pot 6,960 | Rake 0 | Jackpot 0 | Bingo 0 | Fortune 0 | Tax 0
Seat 1: 466480e1 (big blind) folded before Flop
Seat 2: 2cbb491 folded before Flop
Seat 3: 447be2f1 folded before Flop
Seat 4: Hero folded before Flop
Seat 5: f10e6c9f folded before Flop
Seat 6: 76fb4d61 folded before Flop
Seat 7: 7f308dde (button) collected (6,960)
Seat 8: d140a863 (small blind) folded before Flop


Poker Hand #TM5606446236: Tournament #264518806, Bounty Hunters Deepstack Turbo $8.88 Hold'em No Limit - Level11(400/800(120)) - 2026/02/19 15:45:29
Table '39' 8-max Seat #6 is the button
Seat 1: 466480e1 (21,134 in chips)
Seat 2: 2cbb491 (41,054 in chips)
Seat 3: 447be2f1 (18,510 in chips)
Seat 4: Hero (119,644 in chips)
Seat 5: f10e6c9f (29,368 in chips)
Seat 6: 76fb4d61 (117,309 in chips)
Seat 7: 7f308dde (100,040 in chips)
Seat 8: d140a863 (126,504 in chips)
f10e6c9f: posts the ante 120
466480e1: posts the ante 120
d140a863: posts the ante 120
Hero: posts the ante 120
76fb4d61: posts the ante 120
2cbb491: posts the ante 120
447be2f1: posts the ante 120
7f308dde: posts the ante 120
7f308dde: posts small blind 400
d140a863: posts big blind 800
*** HOLE CARDS ***
Dealt to 466480e1 
Dealt to 2cbb491 
Dealt to 447be2f1 
Dealt to Hero [2c 3s]
Dealt to f10e6c9f 
Dealt to 76fb4d61 
Dealt to 7f308dde 
Dealt to d140a863 
466480e1: folds
2cbb491: folds
447be2f1: folds
Hero: folds
f10e6c9f: raises 800 to 1,600
76fb4d61: calls 1,600
7f308dde: raises 6,560 to 8,160
d140a863: folds
f10e6c9f: folds
76fb4d61: calls 6,560
*** FLOP *** [4d 9h 7h]
7f308dde: bets 14,760
76fb4d61: folds
Uncalled bet (14,760) returned to 7f308dde
*** SHOWDOWN ***
7f308dde collected 19,680 from pot
*** SUMMARY ***
Total pot 19,680 | Rake 0 | Jackpot 0 | Bingo 0 | Fortune 0 | Tax 0
Board [4d 9h 7h]
Seat 1: 466480e1 folded before Flop
Seat 2: 2cbb491 folded before Flop
Seat 3: 447be2f1 folded before Flop
Seat 4: Hero folded before Flop
Seat 5: f10e6c9f folded before Flop
Seat 6: 76fb4d61 (button) folded on the Flop
Seat 7: 7f308dde (small blind) won (19,680)
Seat 8: d140a863 (big blind) folded before Flop


Poker Hand #TM5606446211: Tournament #264518806, Bounty Hunters Deepstack Turbo $8.88 Hold'em No Limit - Level11(400/800(120)) - 2026/02/19 15:43:41
Table '39' 8-max Seat #4 is the button
Seat 1: 466480e1 (21,254 in chips)
Seat 2: 2cbb491 (41,174 in chips)
Seat 3: 447be2f1 (18,630 in chips)
Seat 4: Hero (101,458 in chips)
Seat 6: 76fb4d61 (117,829 in chips)
Seat 7: 7f308dde (108,693 in chips)
Seat 8: d140a863 (135,157 in chips)
466480e1: posts the ante 120
d140a863: posts the ante 120
Hero: posts the ante 120
76fb4d61: posts the ante 120
2cbb491: posts the ante 120
447be2f1: posts the ante 120
7f308dde: posts the ante 120
76fb4d61: posts small blind 400
7f308dde: posts big blind 800
*** HOLE CARDS ***
Dealt to 466480e1 
Dealt to 2cbb491 
Dealt to 447be2f1 
Dealt to Hero [Th Kd]
Dealt to 76fb4d61 
Dealt to 7f308dde 
Dealt to d140a863 
d140a863: raises 1,040 to 1,840
466480e1: folds
2cbb491: folds
447be2f1: folds
Hero: calls 1,840
76fb4d61: folds
7f308dde: calls 1,040
*** FLOP *** [7d Kc 9h]
7f308dde: checks
d140a863: bets 1,840
Hero: calls 1,840
7f308dde: calls 1,840
*** TURN *** [7d Kc 9h] [8c]
7f308dde: checks
d140a863: checks
Hero: checks
*** RIVER *** [7d Kc 9h 8c] [8d]
7f308dde: checks
d140a863: checks
Hero: bets 4,853
7f308dde: calls 4,853
d140a863: calls 4,853
Hero: shows [Th Kd] (two pair, Kings and Eights)
7f308dde: shows [9c 5c] (two pair, Nines and Eights)
d140a863: shows [7s Ks] (two pair, Kings and Eights)
*** SHOWDOWN ***
Hero collected 26,839 from pot
*** SUMMARY ***
Total pot 26,839 | Rake 0 | Jackpot 0 | Bingo 0 | Fortune 0 | Tax 0
Board [7d Kc 9h 8c 8d]
Seat 1: 466480e1 folded before Flop
Seat 2: 2cbb491 folded before Flop
Seat 3: 447be2f1 folded before Flop
Seat 4: Hero (button) showed [Th Kd] and won (26,839) with two pair, Kings and Eights
Seat 6: 76fb4d61 (small blind) folded before Flop
Seat 7: 7f308dde (big blind) showed [9c 5c] and lost with two pair, Nines and Eights
Seat 8: d140a863 showed [7s Ks] and lost with two pair, Kings and Eights


Poker Hand #TM5606446196: Tournament #264518806, Bounty Hunters Deepstack Turbo $8.88 Hold'em No Limit - Level11(400/800(120)) - 2026/02/19 15:42:45
Table '39' 8-max Seat #3 is the button
Seat 1: 466480e1 (21,374 in chips)
Seat 2: 2cbb491 (41,294 in chips)
Seat 3: 447be2f1 (18,750 in chips)
Seat 4: Hero (82,778 in chips)
Seat 5: 392c6ef1 (17,960 in chips)
Seat 6: 76fb4d61 (117,949 in chips)
Seat 7: 7f308dde (108,813 in chips)
Seat 8: d140a863 (135,277 in chips)
466480e1: posts the ante 120
d140a863: posts the ante 120
392c6ef1: posts the ante 120
Hero: posts the ante 120
76fb4d61: posts the ante 120
2cbb491: posts the ante 120
447be2f1: posts the ante 120
7f308dde: posts the ante 120
Hero: posts small blind 400
392c6ef1: posts big blind 800
*** HOLE CARDS ***
Dealt to 466480e1 
Dealt to 2cbb491 
Dealt to 447be2f1 
Dealt to Hero [Kh Ts]
Dealt to 392c6ef1 
Dealt to 76fb4d61 
Dealt to 7f308dde 
Dealt to d140a863 
76fb4d61: folds
7f308dde: folds
d140a863: folds
466480e1: folds
2cbb491: folds
447be2f1: folds
Hero: raises 800 to 1,600
392c6ef1: calls 800
*** FLOP *** [8h 9c Ah]
Hero: bets 1,373
392c6ef1: calls 1,373
*** TURN *** [8h 9c Ah] [Kc]
Hero: bets 3,453
392c6ef1: calls 3,453
*** RIVER *** [8h 9c Ah Kc] [9s]
Hero: bets 76,232 and is all-in
392c6ef1: calls 11,414 and is all-in
Uncalled bet (64,818) returned to Hero
Hero: shows [Kh Ts] (two pair, Kings and Nines)
392c6ef1: shows [8d 7s] (two pair, Nines and Eights)
*** SHOWDOWN ***
Hero collected 36,640 from pot
*** SUMMARY ***
Total pot 36,640 | Rake 0 | Jackpot 0 | Bingo 0 | Fortune 0 | Tax 0
Board [8h 9c Ah Kc 9s]
Seat 1: 466480e1 folded before Flop
Seat 2: 2cbb491 folded before Flop
Seat 3: 447be2f1 (button) folded before Flop
Seat 4: Hero (small blind) showed [Kh Ts] and won (36,640) with two pair, Kings and Nines
Seat 5: 392c6ef1 (big blind) showed [8d 7s] and lost with two pair, Nines and Eights
Seat 6: 76fb4d61 folded before Flop
Seat 7: 7f308dde folded before Flop
Seat 8: d140a863 folded before Flop


Poker Hand #TM5606446178: Tournament #264518806, Bounty Hunters Deepstack Turbo $8.88 Hold'em No Limit - Level10(350/700(100)) - 2026/02/19 15:41:24
Table '39' 8-max Seat #2 is the button
Seat 1: 466480e1 (21,474 in chips)
Seat 2: 2cbb491 (41,394 in chips)
Seat 3: 447be2f1 (19,200 in chips)
Seat 4: Hero (84,418 in chips)
Seat 5: 392c6ef1 (19,600 in chips)
Seat 6: 76fb4d61 (118,049 in chips)
Seat 7: 7f308dde (108,913 in chips)
Seat 8: d140a863 (131,147 in chips)
466480e1: posts the ante 100
d140a863: posts the ante 100
392c6ef1: posts the ante 100
Hero: posts the ante 100
76fb4d61: posts the ante 100
2cbb491: posts the ante 100
447be2f1: posts the ante 100
7f308dde: posts the ante 100
447be2f1: posts small blind 350
Hero: posts big blind 700
*** HOLE CARDS ***
Dealt to 466480e1 
Dealt to 2cbb491 
Dealt to 447be2f1 
Dealt to Hero [7s 6d]
Dealt to 392c6ef1 
Dealt to 76fb4d61 
Dealt to 7f308dde 
Dealt to d140a863 
392c6ef1: raises 840 to 1,540
76fb4d61: folds
7f308dde: folds
d140a863: calls 1,540
466480e1: folds
2cbb491: folds
447be2f1: folds
Hero: calls 840
*** FLOP *** [2s Jc 8h]
Hero: checks
392c6ef1: checks
d140a863: bets 2,660
Hero: folds
392c6ef1: folds
Uncalled bet (2,660) returned to d140a863
*** SHOWDOWN ***
d140a863 collected 5,770 from pot
*** SUMMARY ***
Total pot 5,770 | Rake 0 | Jackpot 0 | Bingo 0 | Fortune 0 | Tax 0
Board [2s Jc 8h]
Seat 1: 466480e1 folded before Flop
Seat 2: 2cbb491 (button) folded before Flop
Seat 3: 447be2f1 (small blind) folded before Flop
Seat 4: Hero (big blind) folded on the Flop
Seat 5: 392c6ef1 folded on the Flop
Seat 6: 76fb4d61 folded before Flop
Seat 7: 7f308dde folded before Flop
Seat 8: d140a863 won (5,770)


Poker Hand #TM5606446167: Tournament #264518806, Bounty Hunters Deepstack Turbo $8.88 Hold'em No Limit - Level10(350/700(100)) - 2026/02/19 15:40:40
Table '39' 8-max Seat #1 is the button
Seat 1: 466480e1 (21,574 in chips)
Seat 2: 2cbb491 (41,844 in chips)
Seat 3: 447be2f1 (20,000 in chips)
Seat 4: Hero (84,518 in chips)
Seat 5: 392c6ef1 (19,700 in chips)
Seat 6: 76fb4d61 (118,149 in chips)
Seat 7: 7f308dde (107,163 in chips)
Seat 8: d140a863 (131,247 in chips)
466480e1: posts the ante 100
d140a863: posts the ante 100
392c6ef1: posts the ante 100
Hero: posts the ante 100
76fb4d61: posts the ante 100
2cbb491: posts the ante 100
447be2f1: posts the ante 100
7f308dde: posts the ante 100
2cbb491: posts small blind 350
447be2f1: posts big blind 700
*** HOLE CARDS ***
Dealt to 466480e1 
Dealt to 2cbb491 
Dealt to 447be2f1 
Dealt to Hero [9h 8d]
Dealt to 392c6ef1 
Dealt to 76fb4d61 
Dealt to 7f308dde 
Dealt to d140a863 
Hero: folds
392c6ef1: folds
76fb4d61: folds
7f308dde: raises 1,540 to 2,240
d140a863: folds
466480e1: folds
2cbb491: folds
447be2f1: folds
Uncalled bet (1,540) returned to 7f308dde
*** SHOWDOWN ***
7f308dde collected 2,550 from pot
*** SUMMARY ***
Total pot 2,550 | Rake 0 | Jackpot 0 | Bingo 0 | Fortune 0 | Tax 0
Seat 1: 466480e1 (button) folded before Flop
Seat 2: 2cbb491 (small blind) folded before Flop
Seat 3: 447be2f1 (big blind) folded before Flop
Seat 4: Hero folded before Flop
Seat 5: 392c6ef1 folded before Flop
Seat 6: 76fb4d61 folded before Flop
Seat 7: 7f308dde collected (2,550)
Seat 8: d140a863 folded before Flop


Poker Hand #TM5606446139: Tournament #264518806, Bounty Hunters Deepstack Turbo $8.88 Hold'em No Limit - Level10(350/700(100)) - 2026/02/19 15:38:51
Table '39' 8-max Seat #8 is the button
Seat 1: 466480e1 (22,024 in chips)
Seat 2: 2cbb491 (42,644 in chips)
Seat 4: Hero (84,618 in chips)
Seat 5: 392c6ef1 (19,800 in chips)
Seat 6: 76fb4d61 (118,249 in chips)
Seat 7: 7f308dde (119,723 in chips)
Seat 8: d140a863 (117,137 in chips)
466480e1: posts the ante 100
d140a863: posts the ante 100
392c6ef1: posts the ante 100
Hero: posts the ante 100
76fb4d61: posts the ante 100
2cbb491: posts the ante 100
7f308dde: posts the ante 100
466480e1: posts small blind 350
2cbb491: posts big blind 700
*** HOLE CARDS ***
Dealt to 466480e1 
Dealt to 2cbb491 
Dealt to Hero [2d 9h]
Dealt to 392c6ef1 
Dealt to 76fb4d61 
Dealt to 7f308dde 
Dealt to d140a863 
Hero: folds
392c6ef1: folds
76fb4d61: folds
7f308dde: raises 1,540 to 2,240
d140a863: raises 3,290 to 5,530
466480e1: folds
2cbb491: folds
7f308dde: calls 3,290
*** FLOP *** [6h 4s Th]
7f308dde: checks
d140a863: bets 6,930
7f308dde: calls 6,930
*** TURN *** [6h 4s Th] [8c]
7f308dde: checks
d140a863: checks
*** RIVER *** [6h 4s Th 8c] [5c]
7f308dde: checks
d140a863: checks
7f308dde: shows [Ah 5d] (a pair of Fives)
d140a863: shows [Qs Qh] (a pair of Queens)
*** SHOWDOWN ***
d140a863 collected 26,670 from pot
*** SUMMARY ***
Total pot 26,670 | Rake 0 | Jackpot 0 | Bingo 0 | Fortune 0 | Tax 0
Board [6h 4s Th 8c 5c]
Seat 1: 466480e1 (small blind) folded before Flop
Seat 2: 2cbb491 (big blind) folded before Flop
Seat 4: Hero folded before Flop
Seat 5: 392c6ef1 folded before Flop
Seat 6: 76fb4d61 folded before Flop
Seat 7: 7f308dde showed [Ah 5d] and lost with a pair of Fives
Seat 8: d140a863 (button) showed [Qs Qh] and won (26,670) with a pair of Queens


Poker Hand #TM5606446115: Tournament #264518806, Bounty Hunters Deepstack Turbo $8.88 Hold'em No Limit - Level10(350/700(100)) - 2026/02/19 15:37:15
Table '39' 8-max Seat #7 is the button
Seat 1: 466480e1 (22,824 in chips)
Seat 2: 2cbb491 (42,744 in chips)
Seat 3: d7cce604 (17,940 in chips)
Seat 4: Hero (60,323 in chips)
Seat 5: 392c6ef1 (19,900 in chips)
Seat 6: 76fb4d61 (123,054 in chips)
Seat 7: 7f308dde (119,823 in chips)
Seat 8: d140a863 (117,587 in chips)
d7cce604: posts the ante 100
466480e1: posts the ante 100
d140a863: posts the ante 100
392c6ef1: posts the ante 100
Hero: posts the ante 100
76fb4d61: posts the ante 100
2cbb491: posts the ante 100
7f308dde: posts the ante 100
d140a863: posts small blind 350
466480e1: posts big blind 700
*** HOLE CARDS ***
Dealt to 466480e1 
Dealt to 2cbb491 
Dealt to d7cce604 
Dealt to Hero [Ac Ah]
Dealt to 392c6ef1 
Dealt to 76fb4d61 
Dealt to 7f308dde 
Dealt to d140a863 
2cbb491: folds
d7cce604: raises 840 to 1,540
Hero: raises 3,165 to 4,705
392c6ef1: folds
76fb4d61: calls 4,705
7f308dde: folds
d140a863: folds
466480e1: folds
d7cce604: raises 13,135 to 17,840 and is all-in
Hero: calls 13,135
76fb4d61: folds
d7cce604: shows [Ad Jd]
Hero: shows [Ac Ah]
*** FLOP *** [Ks 9s Jh]
*** TURN *** [Ks 9s Jh] [3h]
*** RIVER *** [Ks 9s Jh 3h] [2s]
*** SHOWDOWN ***
Hero collected 42,235 from pot
*** SUMMARY ***
Total pot 42,235 | Rake 0 | Jackpot 0 | Bingo 0 | Fortune 0 | Tax 0
Board [Ks 9s Jh 3h 2s]
Seat 1: 466480e1 (big blind) folded before Flop
Seat 2: 2cbb491 folded before Flop
Seat 3: d7cce604 showed [Ad Jd] and lost with a pair of Jacks
Seat 4: Hero showed [Ac Ah] and won (42,235) with a pair of Aces
Seat 5: 392c6ef1 folded before Flop
Seat 6: 76fb4d61 folded before Flop
Seat 7: 7f308dde (button) folded before Flop
Seat 8: d140a863 (small blind) folded before Flop


Poker Hand #TM5606446101: Tournament #264518806, Bounty Hunters Deepstack Turbo $8.88 Hold'em No Limit - Level10(350/700(100)) - 2026/02/19 15:36:16
Table '39' 8-max Seat #6 is the button
Seat 1: 466480e1 (22,924 in chips)
Seat 2: 2cbb491 (42,844 in chips)
Seat 3: d7cce604 (18,040 in chips)
Seat 4: Hero (58,573 in chips)
Seat 5: 392c6ef1 (20,000 in chips)
Seat 6: 76fb4d61 (123,154 in chips)
Seat 7: 7f308dde (120,273 in chips)
Seat 8: d140a863 (118,387 in chips)
d7cce604: posts the ante 100
466480e1: posts the ante 100
d140a863: posts the ante 100
392c6ef1: posts the ante 100
Hero: posts the ante 100
76fb4d61: posts the ante 100
2cbb491: posts the ante 100
7f308dde: posts the ante 100
7f308dde: posts small blind 350
d140a863: posts big blind 700
*** HOLE CARDS ***
Dealt to 466480e1 
Dealt to 2cbb491 
Dealt to d7cce604 
Dealt to Hero [4h 4d]
Dealt to 392c6ef1 
Dealt to 76fb4d61 
Dealt to 7f308dde 
Dealt to d140a863 
466480e1: folds
2cbb491: folds
d7cce604: folds
Hero: raises 700 to 1,400
392c6ef1: folds
76fb4d61: folds
7f308dde: folds
d140a863: folds
Uncalled bet (700) returned to Hero
*** SHOWDOWN ***
Hero collected 2,550 from pot
*** SUMMARY ***
Total pot 2,550 | Rake 0 | Jackpot 0 | Bingo 0 | Fortune 0 | Tax 0
Seat 1: 466480e1 folded before Flop
Seat 2: 2cbb491 folded before Flop
Seat 3: d7cce604 folded before Flop
Seat 4: Hero collected (2,550)
Seat 5: 392c6ef1 folded before Flop
Seat 6: 76fb4d61 (button) folded before Flop
Seat 7: 7f308dde (small blind) folded before Flop
Seat 8: d140a863 (big blind) folded before Flop


Poker Hand #TM5606446089: Tournament #264518806, Bounty Hunters Deepstack Turbo $8.88 Hold'em No Limit - Level10(350/700(100)) - 2026/02/19 15:35:24
Table '39' 8-max Seat #4 is the button
Seat 1: 466480e1 (20,574 in chips)
Seat 2: 2cbb491 (42,944 in chips)
Seat 3: d7cce604 (18,140 in chips)
Seat 4: Hero (58,673 in chips)
Seat 6: 76fb4d61 (123,604 in chips)
Seat 7: 7f308dde (121,773 in chips)
Seat 8: d140a863 (118,487 in chips)
d7cce604: posts the ante 100
466480e1: posts the ante 100
d140a863: posts the ante 100
Hero: posts the ante 100
76fb4d61: posts the ante 100
2cbb491: posts the ante 100
7f308dde: posts the ante 100
76fb4d61: posts small blind 350
7f308dde: posts big blind 700
*** HOLE CARDS ***
Dealt to 466480e1 
Dealt to 2cbb491 
Dealt to d7cce604 
Dealt to Hero [9c 4c]
Dealt to 76fb4d61 
Dealt to 7f308dde 
Dealt to d140a863 
d140a863: folds
466480e1: raises 700 to 1,400
2cbb491: folds
d7cce604: folds
Hero: folds
76fb4d61: folds
7f308dde: calls 700
*** FLOP *** [Qh 4h 2d]
7f308dde: checks
466480e1: bets 1,313
7f308dde: folds
Uncalled bet (1,313) returned to 466480e1
*** SHOWDOWN ***
466480e1 collected 3,850 from pot
*** SUMMARY ***
Total pot 3,850 | Rake 0 | Jackpot 0 | Bingo 0 | Fortune 0 | Tax 0
Board [Qh 4h 2d]
Seat 1: 466480e1 won (3,850)
Seat 2: 2cbb491 folded before Flop
Seat 3: d7cce604 folded before Flop
Seat 4: Hero (button) folded before Flop
Seat 6: 76fb4d61 (small blind) folded before Flop
Seat 7: 7f308dde (big blind) folded on the Flop
Seat 8: d140a863 folded before Flop


Poker Hand #TM5606446066: Tournament #264518806, Bounty Hunters Deepstack Turbo $8.88 Hold'em No Limit - Level9(300/600(90)) - 2026/02/19 15:33:57
Table '39' 8-max Seat #3 is the button
Seat 1: 466480e1 (20,664 in chips)
Seat 2: 2cbb491 (43,034 in chips)
Seat 3: d7cce604 (18,230 in chips)
Seat 4: Hero (68,663 in chips)
Seat 6: 76fb4d61 (124,894 in chips)
Seat 7: 7f308dde (121,863 in chips)
Seat 8: d140a863 (106,847 in chips)
d7cce604: posts the ante 90
466480e1: posts the ante 90
d140a863: posts the ante 90
Hero: posts the ante 90
76fb4d61: posts the ante 90
2cbb491: posts the ante 90
7f308dde: posts the ante 90
Hero: posts small blind 300
76fb4d61: posts big blind 600
*** HOLE CARDS ***
Dealt to 466480e1 
Dealt to 2cbb491 
Dealt to d7cce604 
Dealt to Hero [5d 4d]
Dealt to 76fb4d61 
Dealt to 7f308dde 
Dealt to d140a863 
7f308dde: folds
d140a863: raises 600 to 1,200
466480e1: folds
2cbb491: folds
d7cce604: folds
Hero: calls 900
76fb4d61: calls 600
*** FLOP *** [5h 8h 2h]
Hero: checks
76fb4d61: checks
d140a863: checks
*** TURN *** [5h 8h 2h] [3s]
Hero: checks
76fb4d61: checks
d140a863: bets 2,400
Hero: calls 2,400
76fb4d61: folds
*** RIVER *** [5h 8h 2h 3s] [3c]
Hero: checks
d140a863: bets 6,300
Hero: calls 6,300
d140a863: shows [Th Jh] (a flush Jack high)
Hero: shows [5d 4d] (two pair, Fives and Threes)
*** SHOWDOWN ***
d140a863 collected 21,630 from pot
*** SUMMARY ***
Total pot 21,630 | Rake 0 | Jackpot 0 | Bingo 0 | Fortune 0 | Tax 0
Board [5h 8h 2h 3s 3c]
Seat 1: 466480e1 folded before Flop
Seat 2: 2cbb491 folded before Flop
Seat 3: d7cce604 (button) folded before Flop
Seat 4: Hero (small blind) showed [5d 4d] and lost with two pair, Fives and Threes
Seat 6: 76fb4d61 (big blind) folded on the Turn
Seat 7: 7f308dde folded before Flop
Seat 8: d140a863 showed [Th Jh] and won (21,630) with a flush Jack high


Poker Hand #TM5606446056: Tournament #264518806, Bounty Hunters Deepstack Turbo $8.88 Hold'em No Limit - Level9(300/600(90)) - 2026/02/19 15:32:53
Table '39' 8-max Seat #2 is the button
Seat 1: 466480e1 (20,754 in chips)
Seat 2: 2cbb491 (43,124 in chips)
Seat 3: d7cce604 (18,620 in chips)
Seat 4: Hero (62,777 in chips)
Seat 5: a77a523c (5,046 in chips)
Seat 6: 76fb4d61 (124,984 in chips)
Seat 7: 7f308dde (121,953 in chips)
Seat 8: d140a863 (106,937 in chips)
466480e1: posts the ante 90
a77a523c: posts the ante 90
d7cce604: posts the ante 90
d140a863: posts the ante 90
Hero: posts the ante 90
76fb4d61: posts the ante 90
2cbb491: posts the ante 90
7f308dde: posts the ante 90
d7cce604: posts small blind 300
Hero: posts big blind 600
*** HOLE CARDS ***
Dealt to 466480e1 
Dealt to 2cbb491 
Dealt to d7cce604 
Dealt to Hero [Kd 9s]
Dealt to a77a523c 
Dealt to 76fb4d61 
Dealt to 7f308dde 
Dealt to d140a863 
a77a523c: raises 4,356 to 4,956 and is all-in
76fb4d61: folds
7f308dde: folds
d140a863: folds
466480e1: folds
2cbb491: folds
d7cce604: folds
Hero: calls 4,356
a77a523c: shows [7c As]
Hero: shows [Kd 9s]
*** FLOP *** [5s Qh Kh]
*** TURN *** [5s Qh Kh] [3c]
*** RIVER *** [5s Qh Kh 3c] [6c]
*** SHOWDOWN ***
Hero collected 10,932 from pot
*** SUMMARY ***
Total pot 10,932 | Rake 0 | Jackpot 0 | Bingo 0 | Fortune 0 | Tax 0
Board [5s Qh Kh 3c 6c]
Seat 1: 466480e1 folded before Flop
Seat 2: 2cbb491 (button) folded before Flop
Seat 3: d7cce604 (small blind) folded before Flop
Seat 4: Hero (big blind) showed [Kd 9s] and won (10,932) with a pair of Kings
Seat 5: a77a523c showed [7c As] and lost with Ace high
Seat 6: 76fb4d61 folded before Flop
Seat 7: 7f308dde folded before Flop
Seat 8: d140a863 folded before Flop


Poker Hand #TM5606446021: Tournament #264518806, Bounty Hunters Deepstack Turbo $8.88 Hold'em No Limit - Level9(300/600(90)) - 2026/02/19 15:30:27
Table '39' 8-max Seat #1 is the button
Seat 1: 466480e1 (20,844 in chips)
Seat 2: 2cbb491 (30,102 in chips)
Seat 3: d7cce604 (19,910 in chips)
Seat 4: Hero (62,867 in chips)
Seat 5: a77a523c (5,136 in chips)
Seat 6: 76fb4d61 (125,074 in chips)
Seat 7: 7f308dde (122,043 in chips)
Seat 8: d140a863 (118,219 in chips)
466480e1: posts the ante 90
a77a523c: posts the ante 90
d7cce604: posts the ante 90
d140a863: posts the ante 90
Hero: posts the ante 90
76fb4d61: posts the ante 90
2cbb491: posts the ante 90
7f308dde: posts the ante 90
2cbb491: posts small blind 300
d7cce604: posts big blind 600
*** HOLE CARDS ***
Dealt to 466480e1 
Dealt to 2cbb491 
Dealt to d7cce604 
Dealt to Hero [9d 5h]
Dealt to a77a523c 
Dealt to 76fb4d61 
Dealt to 7f308dde 
Dealt to d140a863 
Hero: folds
a77a523c: folds
76fb4d61: folds
7f308dde: folds
d140a863: raises 600 to 1,200
466480e1: folds
2cbb491: calls 900
d7cce604: calls 600
*** FLOP *** [5c Qc 6c]
2cbb491: checks
d7cce604: checks
d140a863: bets 1,500
2cbb491: calls 1,500
d7cce604: folds
*** TURN *** [5c Qc 6c] [Th]
2cbb491: bets 2,416
d140a863: calls 2,416
*** RIVER *** [5c Qc 6c Th] [Ts]
2cbb491: bets 6,076
d140a863: calls 6,076
2cbb491: shows [8h 8d] (two pair, Tens and Eights)
d140a863: shows [Js 5s] (two pair, Tens and Fives)
*** SHOWDOWN ***
2cbb491 collected 24,304 from pot
*** SUMMARY ***
Total pot 24,304 | Rake 0 | Jackpot 0 | Bingo 0 | Fortune 0 | Tax 0
Board [5c Qc 6c Th Ts]
Seat 1: 466480e1 (button) folded before Flop
Seat 2: 2cbb491 (small blind) showed [8h 8d] and won (24,304) with two pair, Tens and Eights
Seat 3: d7cce604 (big blind) folded on the Flop
Seat 4: Hero folded before Flop
Seat 5: a77a523c folded before Flop
Seat 6: 76fb4d61 folded before Flop
Seat 7: 7f308dde folded before Flop
Seat 8: d140a863 showed [Js 5s] and lost with two pair, Tens and Fives


Poker Hand #TM5606446001: Tournament #264518806, Bounty Hunters Deepstack Turbo $8.88 Hold'em No Limit - Level9(300/600(90)) - 2026/02/19 15:29:28
Table '39' 8-max Seat #7 is the button
Seat 1: 466480e1 (31,693 in chips)
Seat 2: 2cbb491 (30,792 in chips)
Seat 3: d7cce604 (20,000 in chips)
Seat 4: Hero (62,957 in chips)
Seat 5: a77a523c (5,226 in chips)
Seat 6: 76fb4d61 (113,175 in chips)
Seat 7: 7f308dde (122,133 in chips)
a77a523c: posts the ante 90
d7cce604: posts the ante 90
466480e1: posts the ante 90
Hero: posts the ante 90
76fb4d61: posts the ante 90
2cbb491: posts the ante 90
7f308dde: posts the ante 90
466480e1: posts small blind 300
2cbb491: posts big blind 600
*** HOLE CARDS ***
Dealt to 466480e1 
Dealt to 2cbb491 
Dealt to d7cce604 
Dealt to Hero [9s Jh]
Dealt to a77a523c 
Dealt to 76fb4d61 
Dealt to 7f308dde 
d7cce604: folds
Hero: folds
a77a523c: folds
76fb4d61: calls 600
7f308dde: folds
466480e1: calls 300
2cbb491: checks
*** FLOP *** [Kh Qc 8h]
466480e1: checks
2cbb491: checks
76fb4d61: bets 1,215
466480e1: calls 1,215
2cbb491: folds
*** TURN *** [Kh Qc 8h] [3h]
466480e1: checks
76fb4d61: checks
*** RIVER *** [Kh Qc 8h 3h] [7c]
466480e1: bets 3,257
76fb4d61: raises 5,687 to 8,944
466480e1: calls 5,687
76fb4d61: shows [Qh 7h] (a flush King high)
466480e1: shows [8c Kc] (two pair, Kings and Eights)
*** SHOWDOWN ***
76fb4d61 collected 22,748 from pot
*** SUMMARY ***
Total pot 22,748 | Rake 0 | Jackpot 0 | Bingo 0 | Fortune 0 | Tax 0
Board [Kh Qc 8h 3h 7c]
Seat 1: 466480e1 (small blind) showed [8c Kc] and lost with two pair, Kings and Eights
Seat 2: 2cbb491 (big blind) folded on the Flop
Seat 3: d7cce604 folded before Flop
Seat 4: Hero folded before Flop
Seat 5: a77a523c folded before Flop
Seat 6: 76fb4d61 showed [Qh 7h] and won (22,748) with a flush King high
Seat 7: 7f308dde (button) folded before Flop


Poker Hand #TM5606445989: Tournament #264518806, Bounty Hunters Deepstack Turbo $8.88 Hold'em No Limit - Level9(300/600(90)) - 2026/02/19 15:28:31
Table '39' 8-max Seat #6 is the button
Seat 1: 466480e1 (31,783 in chips)
Seat 2: 2cbb491 (30,882 in chips)
Seat 4: Hero (64,247 in chips)
Seat 5: a77a523c (5,316 in chips)
Seat 6: 76fb4d61 (100,449 in chips)
Seat 7: 7f308dde (122,523 in chips)
Seat 8: 54ed147 (10,776 in chips)
a77a523c: posts the ante 90
466480e1: posts the ante 90
Hero: posts the ante 90
54ed147: posts the ante 90
76fb4d61: posts the ante 90
2cbb491: posts the ante 90
7f308dde: posts the ante 90
7f308dde: posts small blind 300
54ed147: posts big blind 600
*** HOLE CARDS ***
Dealt to 466480e1 
Dealt to 2cbb491 
Dealt to Hero [8d Kd]
Dealt to a77a523c 
Dealt to 76fb4d61 
Dealt to 7f308dde 
Dealt to 54ed147 
466480e1: folds
2cbb491: folds
Hero: raises 600 to 1,200
a77a523c: folds
76fb4d61: raises 1,297 to 2,497
7f308dde: folds
54ed147: raises 8,189 to 10,686 and is all-in
Hero: folds
76fb4d61: calls 8,189
54ed147: shows [7s 7c]
76fb4d61: shows [Ad Qh]
*** FLOP *** [4s 9h 5s]
*** TURN *** [4s 9h 5s] [5h]
*** RIVER *** [4s 9h 5s 5h] [Qd]
*** SHOWDOWN ***
76fb4d61 collected 23,502 from pot
*** SUMMARY ***
Total pot 23,502 | Rake 0 | Jackpot 0 | Bingo 0 | Fortune 0 | Tax 0
Board [4s 9h 5s 5h Qd]
Seat 1: 466480e1 folded before Flop
Seat 2: 2cbb491 folded before Flop
Seat 4: Hero folded before Flop
Seat 5: a77a523c folded before Flop
Seat 6: 76fb4d61 (button) showed [Ad Qh] and won (23,502) with two pair, Queens and Fives
Seat 7: 7f308dde (small blind) folded before Flop
Seat 8: 54ed147 (big blind) showed [7s 7c] and lost with two pair, Sevens and Fives


Poker Hand #TM5606445976: Tournament #264518806, Bounty Hunters Deepstack Turbo $8.88 Hold'em No Limit - Level9(300/600(90)) - 2026/02/19 15:27:32
Table '39' 8-max Seat #5 is the button
Seat 1: 466480e1 (31,873 in chips)
Seat 2: 2cbb491 (38,517 in chips)
Seat 4: Hero (64,337 in chips)
Seat 5: a77a523c (5,406 in chips)
Seat 6: 76fb4d61 (91,164 in chips)
Seat 7: 7f308dde (123,813 in chips)
Seat 8: 54ed147 (10,866 in chips)
a77a523c: posts the ante 90
466480e1: posts the ante 90
Hero: posts the ante 90
54ed147: posts the ante 90
76fb4d61: posts the ante 90
2cbb491: posts the ante 90
7f308dde: posts the ante 90
76fb4d61: posts small blind 300
7f308dde: posts big blind 600
*** HOLE CARDS ***
Dealt to 466480e1 
Dealt to 2cbb491 
Dealt to Hero [Qh 6c]
Dealt to a77a523c 
Dealt to 76fb4d61 
Dealt to 7f308dde 
Dealt to 54ed147 
54ed147: folds
466480e1: folds
2cbb491: raises 600 to 1,200
Hero: folds
a77a523c: folds
76fb4d61: calls 900
7f308dde: calls 600
*** FLOP *** [As 4s Qd]
76fb4d61: bets 2,115
7f308dde: folds
2cbb491: calls 2,115
*** TURN *** [As 4s Qd] [Kh]
76fb4d61: bets 4,230
2cbb491: calls 4,230
*** RIVER *** [As 4s Qd Kh] [4c]
76fb4d61: bets 8,460
2cbb491: folds
Uncalled bet (8,460) returned to 76fb4d61
*** SHOWDOWN ***
76fb4d61 collected 16,920 from pot
*** SUMMARY ***
Total pot 16,920 | Rake 0 | Jackpot 0 | Bingo 0 | Fortune 0 | Tax 0
Board [As 4s Qd Kh 4c]
Seat 1: 466480e1 folded before Flop
Seat 2: 2cbb491 folded on the River
Seat 4: Hero folded before Flop
Seat 5: a77a523c (button) folded before Flop
Seat 6: 76fb4d61 (small blind) won (16,920)
Seat 7: 7f308dde (big blind) folded on the Flop
Seat 8: 54ed147 folded before Flop


Poker Hand #TM5606445971: Tournament #264518806, Bounty Hunters Deepstack Turbo $8.88 Hold'em No Limit - Level9(300/600(90)) - 2026/02/19 15:27:06
Table '39' 8-max Seat #4 is the button
Seat 1: 466480e1 (31,963 in chips)
Seat 2: 2cbb491 (38,607 in chips)
Seat 4: Hero (64,427 in chips)
Seat 5: a77a523c (5,796 in chips)
Seat 6: 76fb4d61 (90,324 in chips)
Seat 7: 7f308dde (123,903 in chips)
Seat 8: 54ed147 (10,956 in chips)
466480e1: posts the ante 90
a77a523c: posts the ante 90
Hero: posts the ante 90
54ed147: posts the ante 90
76fb4d61: posts the ante 90
2cbb491: posts the ante 90
7f308dde: posts the ante 90
a77a523c: posts small blind 300
76fb4d61: posts big blind 600
*** HOLE CARDS ***
Dealt to 466480e1 
Dealt to 2cbb491 
Dealt to Hero [4c 7s]
Dealt to a77a523c 
Dealt to 76fb4d61 
Dealt to 7f308dde 
Dealt to 54ed147 
7f308dde: folds
54ed147: folds
466480e1: folds
2cbb491: folds
Hero: folds
a77a523c: folds
Uncalled bet (300) returned to 76fb4d61
*** SHOWDOWN ***
76fb4d61 collected 1,230 from pot
*** SUMMARY ***
Total pot 1,230 | Rake 0 | Jackpot 0 | Bingo 0 | Fortune 0 | Tax 0
Seat 1: 466480e1 folded before Flop
Seat 2: 2cbb491 folded before Flop
Seat 4: Hero (button) folded before Flop
Seat 5: a77a523c (small blind) folded before Flop
Seat 6: 76fb4d61 (big blind) collected (1,230)
Seat 7: 7f308dde folded before Flop
Seat 8: 54ed147 folded before Flop


Poker Hand #TM5606445955: Tournament #264518806, Bounty Hunters Deepstack Turbo $8.88 Hold'em No Limit - Level8(250/500(75)) - 2026/02/19 15:25:58
Table '39' 8-max Seat #2 is the button
Seat 2: 2cbb491 (38,682 in chips)
Seat 3: ac8b58cc (15,770 in chips)
Seat 4: Hero (48,282 in chips)
Seat 5: a77a523c (5,871 in chips)
Seat 6: 76fb4d61 (90,399 in chips)
Seat 7: 7f308dde (123,978 in chips)
Seat 8: 54ed147 (11,031 in chips)
a77a523c: posts the ante 75
Hero: posts the ante 75
54ed147: posts the ante 75
76fb4d61: posts the ante 75
2cbb491: posts the ante 75
7f308dde: posts the ante 75
ac8b58cc: posts the ante 75
ac8b58cc: posts small blind 250
Hero: posts big blind 500
*** HOLE CARDS ***
Dealt to 2cbb491 
Dealt to ac8b58cc 
Dealt to Hero [Ad 8h]
Dealt to a77a523c 
Dealt to 76fb4d61 
Dealt to 7f308dde 
Dealt to 54ed147 
a77a523c: folds
76fb4d61: folds
7f308dde: folds
54ed147: folds
2cbb491: folds
ac8b58cc: calls 250
Hero: raises 1,000 to 1,500
ac8b58cc: raises 14,195 to 15,695 and is all-in
Hero: calls 14,195
ac8b58cc: shows [4d 4s]
Hero: shows [Ad 8h]
*** FLOP *** [9s Td Ac]
*** TURN *** [9s Td Ac] [Js]
*** RIVER *** [9s Td Ac Js] [3c]
7f308dde: shows [9c Ts] (two pair, Tens and Nines)
*** SHOWDOWN ***
Hero collected 31,915 from pot
*** SUMMARY ***
Total pot 31,915 | Rake 0 | Jackpot 0 | Bingo 0 | Fortune 0 | Tax 0
Board [9s Td Ac Js 3c]
Seat 2: 2cbb491 (button) folded before Flop
Seat 3: ac8b58cc (small blind) showed [4d 4s] and lost with a pair of Fours
Seat 4: Hero (big blind) showed [Ad 8h] and won (31,915) with a pair of Aces
Seat 5: a77a523c folded before Flop
Seat 6: 76fb4d61 folded before Flop
Seat 7: 7f308dde folded before Flop
Seat 8: 54ed147 folded before Flop


Poker Hand #TM5606445943: Tournament #264518806, Bounty Hunters Deepstack Turbo $8.88 Hold'em No Limit - Level8(250/500(75)) - 2026/02/19 15:24:43
Table '39' 8-max Seat #1 is the button
Seat 1: e2ef1c11 (7,128 in chips)
Seat 2: 2cbb491 (39,007 in chips)
Seat 3: ac8b58cc (16,345 in chips)
Seat 4: Hero (48,357 in chips)
Seat 5: a77a523c (38,532 in chips)
Seat 6: 76fb4d61 (32,661 in chips)
Seat 8: eabd0a5e (16,974 in chips)
e2ef1c11: posts the ante 75
a77a523c: posts the ante 75
Hero: posts the ante 75
eabd0a5e: posts the ante 75
76fb4d61: posts the ante 75
2cbb491: posts the ante 75
ac8b58cc: posts the ante 75
2cbb491: posts small blind 250
ac8b58cc: posts big blind 500
*** HOLE CARDS ***
Dealt to e2ef1c11 
Dealt to 2cbb491 
Dealt to ac8b58cc 
Dealt to Hero [Qs 4h]
Dealt to a77a523c 
Dealt to 76fb4d61 
Dealt to eabd0a5e 
Hero: folds
a77a523c: raises 600 to 1,100
76fb4d61: calls 1,100
eabd0a5e: calls 1,100
e2ef1c11: raises 5,953 to 7,053 and is all-in
2cbb491: folds
ac8b58cc: folds
a77a523c: raises 31,404 to 38,457 and is all-in
76fb4d61: calls 31,486 and is all-in
eabd0a5e: calls 15,799 and is all-in
Uncalled bet (5,871) returned to a77a523c
a77a523c: shows [Jc Tc]
76fb4d61: shows [Ks Kd]
eabd0a5e: shows [Qc Kh]
e2ef1c11: shows [9c 9h]
*** FLOP *** [2s 9s 5s]
*** TURN *** [2s 9s 5s] [Ts]
*** RIVER *** [2s 9s 5s Ts] [Jh]
*** SHOWDOWN ***
76fb4d61 collected 29,487 from pot
76fb4d61 collected 29,538 from pot
76fb4d61 collected 31,374 from pot
*** SUMMARY ***
Total pot 90,399 | Rake 0 | Jackpot 0 | Bingo 0 | Fortune 0 | Tax 0
Board [2s 9s 5s Ts Jh]
Seat 1: e2ef1c11 (button) showed [9c 9h] and lost with three of a kind, Nines
Seat 2: 2cbb491 (small blind) folded before Flop
Seat 3: ac8b58cc (big blind) folded before Flop
Seat 4: Hero folded before Flop
Seat 5: a77a523c showed [Jc Tc] and lost with two pair, Jacks and Tens
Seat 6: 76fb4d61 showed [Ks Kd] and won (90,399) with a flush King high
Seat 8: eabd0a5e showed [Qc Kh] and lost with a straight, King to Nine


Poker Hand #TM5606445929: Tournament #264518806, Bounty Hunters Deepstack Turbo $8.88 Hold'em No Limit - Level8(250/500(75)) - 2026/02/19 15:23:32
Table '39' 8-max Seat #8 is the button
Seat 1: e2ef1c11 (7,453 in chips)
Seat 2: 2cbb491 (39,582 in chips)
Seat 3: ac8b58cc (16,420 in chips)
Seat 4: Hero (49,432 in chips)
Seat 5: a77a523c (38,607 in chips)
Seat 6: 76fb4d61 (24,245 in chips)
Seat 7: ac4560f (6,216 in chips)
Seat 8: eabd0a5e (17,049 in chips)
e2ef1c11: posts the ante 75
a77a523c: posts the ante 75
Hero: posts the ante 75
eabd0a5e: posts the ante 75
ac4560f: posts the ante 75
76fb4d61: posts the ante 75
2cbb491: posts the ante 75
ac8b58cc: posts the ante 75
e2ef1c11: posts small blind 250
2cbb491: posts big blind 500
*** HOLE CARDS ***
Dealt to e2ef1c11 
Dealt to 2cbb491 
Dealt to ac8b58cc 
Dealt to Hero [Ks 9c]
Dealt to a77a523c 
Dealt to 76fb4d61 
Dealt to ac4560f 
Dealt to eabd0a5e 
ac8b58cc: folds
Hero: raises 500 to 1,000
a77a523c: folds
76fb4d61: calls 1,000
ac4560f: raises 5,141 to 6,141 and is all-in
eabd0a5e: folds
e2ef1c11: folds
2cbb491: folds
Hero: folds
76fb4d61: calls 5,141
ac4560f: shows [4c Kc]
76fb4d61: shows [5c Ah]
*** FLOP *** [5h Jh Tc]
*** TURN *** [5h Jh Tc] [As]
*** RIVER *** [5h Jh Tc As] [Ad]
*** SHOWDOWN ***
76fb4d61 collected 14,632 from pot
*** SUMMARY ***
Total pot 14,632 | Rake 0 | Jackpot 0 | Bingo 0 | Fortune 0 | Tax 0
Board [5h Jh Tc As Ad]
Seat 1: e2ef1c11 (small blind) folded before Flop
Seat 2: 2cbb491 (big blind) folded before Flop
Seat 3: ac8b58cc folded before Flop
Seat 4: Hero folded before Flop
Seat 5: a77a523c folded before Flop
Seat 6: 76fb4d61 showed [5c Ah] and won (14,632) with a full house, Aces full of Fives
Seat 7: ac4560f showed [4c Kc] and lost with a pair of Aces
Seat 8: eabd0a5e (button) folded before Flop


Poker Hand #TM5606445910: Tournament #264518806, Bounty Hunters Deepstack Turbo $8.88 Hold'em No Limit - Level8(250/500(75)) - 2026/02/19 15:22:05
Table '39' 8-max Seat #7 is the button
Seat 1: e2ef1c11 (8,528 in chips)
Seat 2: 2cbb491 (39,657 in chips)
Seat 3: ac8b58cc (16,495 in chips)
Seat 4: Hero (28,907 in chips)
Seat 5: a77a523c (38,682 in chips)
Seat 6: 76fb4d61 (24,320 in chips)
Seat 7: ac4560f (24,291 in chips)
Seat 8: eabd0a5e (18,124 in chips)
e2ef1c11: posts the ante 75
a77a523c: posts the ante 75
Hero: posts the ante 75
eabd0a5e: posts the ante 75
ac4560f: posts the ante 75
76fb4d61: posts the ante 75
2cbb491: posts the ante 75
ac8b58cc: posts the ante 75
eabd0a5e: posts small blind 250
e2ef1c11: posts big blind 500
*** HOLE CARDS ***
Dealt to e2ef1c11 
Dealt to 2cbb491 
Dealt to ac8b58cc 
Dealt to Hero [Kc Ad]
Dealt to a77a523c 
Dealt to 76fb4d61 
Dealt to ac4560f 
Dealt to eabd0a5e 
2cbb491: folds
ac8b58cc: folds
Hero: raises 500 to 1,000
a77a523c: folds
76fb4d61: folds
ac4560f: calls 1,000
eabd0a5e: calls 750
e2ef1c11: calls 500
*** FLOP *** [5c Jh 5d]
eabd0a5e: checks
e2ef1c11: checks
Hero: checks
ac4560f: bets 1,750
eabd0a5e: folds
e2ef1c11: folds
Hero: calls 1,750
*** TURN *** [5c Jh 5d] [Jc]
Hero: checks
ac4560f: bets 3,000
Hero: calls 3,000
*** RIVER *** [5c Jh 5d Jc] [3s]
Hero: checks
ac4560f: bets 12,250
Hero: calls 12,250
ac4560f: shows [9c 7h] (two pair, Jacks and Fives)
Hero: shows [Kc Ad] (two pair, Jacks and Fives)
*** SHOWDOWN ***
Hero collected 38,600 from pot
*** SUMMARY ***
Total pot 38,600 | Rake 0 | Jackpot 0 | Bingo 0 | Fortune 0 | Tax 0
Board [5c Jh 5d Jc 3s]
Seat 1: e2ef1c11 (big blind) folded on the Flop
Seat 2: 2cbb491 folded before Flop
Seat 3: ac8b58cc folded before Flop
Seat 4: Hero showed [Kc Ad] and won (38,600) with two pair, Jacks and Fives
Seat 5: a77a523c folded before Flop
Seat 6: 76fb4d61 folded before Flop
Seat 7: ac4560f (button) showed [9c 7h] and lost with two pair, Jacks and Fives
Seat 8: eabd0a5e (small blind) folded on the Flop


Poker Hand #TM5606445899: Tournament #264518806, Bounty Hunters Deepstack Turbo $8.88 Hold'em No Limit - Level8(250/500(75)) - 2026/02/19 15:21:04
Table '39' 8-max Seat #6 is the button
Seat 1: e2ef1c11 (8,603 in chips)
Seat 2: 2cbb491 (39,732 in chips)
Seat 3: ac8b58cc (16,570 in chips)
Seat 4: Hero (28,982 in chips)
Seat 5: a77a523c (38,757 in chips)
Seat 6: 76fb4d61 (19,345 in chips)
Seat 7: ac4560f (24,616 in chips)
Seat 8: eabd0a5e (22,399 in chips)
e2ef1c11: posts the ante 75
a77a523c: posts the ante 75
Hero: posts the ante 75
eabd0a5e: posts the ante 75
ac4560f: posts the ante 75
76fb4d61: posts the ante 75
2cbb491: posts the ante 75
ac8b58cc: posts the ante 75
ac4560f: posts small blind 250
eabd0a5e: posts big blind 500
*** HOLE CARDS ***
Dealt to e2ef1c11 
Dealt to 2cbb491 
Dealt to ac8b58cc 
Dealt to Hero [7c 8s]
Dealt to a77a523c 
Dealt to 76fb4d61 
Dealt to ac4560f 
Dealt to eabd0a5e 
e2ef1c11: folds
2cbb491: folds
ac8b58cc: folds
Hero: folds
a77a523c: folds
76fb4d61: calls 500
ac4560f: folds
eabd0a5e: checks
*** FLOP *** [9d 7s 9c]
eabd0a5e: checks
76fb4d61: bets 925
eabd0a5e: calls 925
*** TURN *** [9d 7s 9c] [Qs]
eabd0a5e: checks
76fb4d61: bets 2,775
eabd0a5e: calls 2,775
*** RIVER *** [9d 7s 9c Qs] [Qh]
eabd0a5e: checks
76fb4d61: bets 4,625
eabd0a5e: folds
Uncalled bet (4,625) returned to 76fb4d61
*** SHOWDOWN ***
76fb4d61 collected 9,250 from pot
*** SUMMARY ***
Total pot 9,250 | Rake 0 | Jackpot 0 | Bingo 0 | Fortune 0 | Tax 0
Board [9d 7s 9c Qs Qh]
Seat 1: e2ef1c11 folded before Flop
Seat 2: 2cbb491 folded before Flop
Seat 3: ac8b58cc folded before Flop
Seat 4: Hero folded before Flop
Seat 5: a77a523c folded before Flop
Seat 6: 76fb4d61 (button) won (9,250)
Seat 7: ac4560f (small blind) folded before Flop
Seat 8: eabd0a5e (big blind) folded on the River


Poker Hand #TM5606445876: Tournament #264518806, Bounty Hunters Deepstack Turbo $8.88 Hold'em No Limit - Level8(250/500(75)) - 2026/02/19 15:19:09
Table '39' 8-max Seat #5 is the button
Seat 1: e2ef1c11 (8,678 in chips)
Seat 2: 2cbb491 (39,807 in chips)
Seat 3: ac8b58cc (16,645 in chips)
Seat 4: Hero (18,664 in chips)
Seat 5: a77a523c (42,013 in chips)
Seat 6: 76fb4d61 (19,670 in chips)
Seat 7: ac4560f (27,872 in chips)
Seat 8: eabd0a5e (25,655 in chips)
e2ef1c11: posts the ante 75
a77a523c: posts the ante 75
Hero: posts the ante 75
eabd0a5e: posts the ante 75
ac4560f: posts the ante 75
76fb4d61: posts the ante 75
2cbb491: posts the ante 75
ac8b58cc: posts the ante 75
76fb4d61: posts small blind 250
ac4560f: posts big blind 500
*** HOLE CARDS ***
Dealt to e2ef1c11 
Dealt to 2cbb491 
Dealt to ac8b58cc 
Dealt to Hero [Ah Th]
Dealt to a77a523c 
Dealt to 76fb4d61 
Dealt to ac4560f 
Dealt to eabd0a5e 
eabd0a5e: raises 750 to 1,250
e2ef1c11: folds
2cbb491: folds
ac8b58cc: folds
Hero: calls 1,250
a77a523c: calls 1,250
76fb4d61: folds
ac4560f: calls 750
*** FLOP *** [5d Kh 8s]
ac4560f: checks
eabd0a5e: checks
Hero: checks
a77a523c: checks
*** TURN *** [5d Kh 8s] [Qh]
ac4560f: bets 1,931
eabd0a5e: calls 1,931
Hero: calls 1,931
a77a523c: calls 1,931
*** RIVER *** [5d Kh 8s Qh] [As]
ac4560f: checks
eabd0a5e: checks
Hero: checks
a77a523c: checks
ac4560f: shows [Ks 4h] (a pair of Kings)
eabd0a5e: shows [Qd Js] (a pair of Queens)
Hero: shows [Ah Th] (a pair of Aces)
a77a523c: shows [2h 3h] (Ace high)
*** SHOWDOWN ***
Hero collected 13,574 from pot
*** SUMMARY ***
Total pot 13,574 | Rake 0 | Jackpot 0 | Bingo 0 | Fortune 0 | Tax 0
Board [5d Kh 8s Qh As]
Seat 1: e2ef1c11 folded before Flop
Seat 2: 2cbb491 folded before Flop
Seat 3: ac8b58cc folded before Flop
Seat 4: Hero showed [Ah Th] and won (13,574) with a pair of Aces
Seat 5: a77a523c (button) showed [2h 3h] and lost with Ace high
Seat 6: 76fb4d61 (small blind) folded before Flop
Seat 7: ac4560f (big blind) showed [Ks 4h] and lost with a pair of Kings
Seat 8: eabd0a5e showed [Qd Js] and lost with a pair of Queens


Poker Hand #TM5606445866: Tournament #264518806, Bounty Hunters Deepstack Turbo $8.88 Hold'em No Limit - Level8(250/500(75)) - 2026/02/19 15:18:42
Table '39' 8-max Seat #4 is the button
Seat 1: e2ef1c11 (8,753 in chips)
Seat 2: 2cbb491 (39,882 in chips)
Seat 3: ac8b58cc (16,720 in chips)
Seat 4: Hero (17,389 in chips)
Seat 5: a77a523c (42,338 in chips)
Seat 6: 76fb4d61 (20,245 in chips)
Seat 7: ac4560f (27,947 in chips)
Seat 8: eabd0a5e (25,730 in chips)
e2ef1c11: posts the ante 75
a77a523c: posts the ante 75
Hero: posts the ante 75
eabd0a5e: posts the ante 75
ac4560f: posts the ante 75
76fb4d61: posts the ante 75
2cbb491: posts the ante 75
ac8b58cc: posts the ante 75
a77a523c: posts small blind 250
76fb4d61: posts big blind 500
*** HOLE CARDS ***
Dealt to e2ef1c11 
Dealt to 2cbb491 
Dealt to ac8b58cc 
Dealt to Hero [Kh 4h]
Dealt to a77a523c 
Dealt to 76fb4d61 
Dealt to ac4560f 
Dealt to eabd0a5e 
ac4560f: folds
eabd0a5e: folds
e2ef1c11: folds
2cbb491: folds
ac8b58cc: folds
Hero: raises 500 to 1,000
a77a523c: folds
76fb4d61: folds
Uncalled bet (500) returned to Hero
*** SHOWDOWN ***
Hero collected 1,850 from pot
*** SUMMARY ***
Total pot 1,850 | Rake 0 | Jackpot 0 | Bingo 0 | Fortune 0 | Tax 0
Seat 1: e2ef1c11 folded before Flop
Seat 2: 2cbb491 folded before Flop
Seat 3: ac8b58cc folded before Flop
Seat 4: Hero (button) collected (1,850)
Seat 5: a77a523c (small blind) folded before Flop
Seat 6: 76fb4d61 (big blind) folded before Flop
Seat 7: ac4560f folded before Flop
Seat 8: eabd0a5e folded before Flop


Poker Hand #TM5606445849: Tournament #264518806, Bounty Hunters Deepstack Turbo $8.88 Hold'em No Limit - Level7(200/400(60)) - 2026/02/19 15:17:42
Table '39' 8-max Seat #3 is the button
Seat 1: e2ef1c11 (8,813 in chips)
Seat 2: 2cbb491 (39,942 in chips)
Seat 3: ac8b58cc (16,780 in chips)
Seat 4: Hero (21,453 in chips)
Seat 5: a77a523c (37,914 in chips)
Seat 6: 76fb4d61 (20,305 in chips)
Seat 7: ac4560f (28,007 in chips)
Seat 8: eabd0a5e (25,790 in chips)
e2ef1c11: posts the ante 60
a77a523c: posts the ante 60
Hero: posts the ante 60
eabd0a5e: posts the ante 60
ac4560f: posts the ante 60
76fb4d61: posts the ante 60
2cbb491: posts the ante 60
ac8b58cc: posts the ante 60
Hero: posts small blind 200
a77a523c: posts big blind 400
*** HOLE CARDS ***
Dealt to e2ef1c11 
Dealt to 2cbb491 
Dealt to ac8b58cc 
Dealt to Hero [Qs 5s]
Dealt to a77a523c 
Dealt to 76fb4d61 
Dealt to ac4560f 
Dealt to eabd0a5e 
76fb4d61: folds
ac4560f: folds
eabd0a5e: folds
e2ef1c11: folds
2cbb491: folds
ac8b58cc: folds
Hero: raises 400 to 800
a77a523c: calls 400
*** FLOP *** [7s 3c 6c]
Hero: bets 1,040
a77a523c: raises 2,164 to 3,204
Hero: calls 2,164
*** TURN *** [7s 3c 6c] [9c]
Hero: checks
a77a523c: bets 7,215
Hero: folds
Uncalled bet (7,215) returned to a77a523c
*** SHOWDOWN ***
a77a523c collected 8,488 from pot
*** SUMMARY ***
Total pot 8,488 | Rake 0 | Jackpot 0 | Bingo 0 | Fortune 0 | Tax 0
Board [7s 3c 6c 9c]
Seat 1: e2ef1c11 folded before Flop
Seat 2: 2cbb491 folded before Flop
Seat 3: ac8b58cc (button) folded before Flop
Seat 4: Hero (small blind) folded on the Turn
Seat 5: a77a523c (big blind) won (8,488)
Seat 6: 76fb4d61 folded before Flop
Seat 7: ac4560f folded before Flop
Seat 8: eabd0a5e folded before Flop


Poker Hand #TM5606445837: Tournament #264518806, Bounty Hunters Deepstack Turbo $8.88 Hold'em No Limit - Level7(200/400(60)) - 2026/02/19 15:16:47
Table '39' 8-max Seat #2 is the button
Seat 1: e2ef1c11 (13,093 in chips)
Seat 2: 2cbb491 (40,002 in chips)
Seat 3: ac8b58cc (17,040 in chips)
Seat 4: Hero (16,613 in chips)
Seat 5: a77a523c (37,974 in chips)
Seat 6: 76fb4d61 (20,365 in chips)
Seat 7: ac4560f (28,067 in chips)
Seat 8: eabd0a5e (25,850 in chips)
e2ef1c11: posts the ante 60
a77a523c: posts the ante 60
Hero: posts the ante 60
eabd0a5e: posts the ante 60
ac4560f: posts the ante 60
76fb4d61: posts the ante 60
2cbb491: posts the ante 60
ac8b58cc: posts the ante 60
ac8b58cc: posts small blind 200
Hero: posts big blind 400
*** HOLE CARDS ***
Dealt to e2ef1c11 
Dealt to 2cbb491 
Dealt to ac8b58cc 
Dealt to Hero [Kd 9h]
Dealt to a77a523c 
Dealt to 76fb4d61 
Dealt to ac4560f 
Dealt to eabd0a5e 
a77a523c: folds
76fb4d61: folds
ac4560f: folds
eabd0a5e: folds
e2ef1c11: raises 400 to 800
2cbb491: folds
ac8b58cc: folds
Hero: calls 400
*** FLOP *** [3d Td 7h]
Hero: checks
e2ef1c11: checks
*** TURN *** [3d Td 7h] [Ks]
Hero: checks
e2ef1c11: bets 1,140
Hero: calls 1,140
*** RIVER *** [3d Td 7h Ks] [3c]
Hero: checks
e2ef1c11: bets 2,280
Hero: calls 2,280
e2ef1c11: shows [As 9d] (a pair of Threes)
Hero: shows [Kd 9h] (two pair, Kings and Threes)
*** SHOWDOWN ***
Hero collected 9,120 from pot
*** SUMMARY ***
Total pot 9,120 | Rake 0 | Jackpot 0 | Bingo 0 | Fortune 0 | Tax 0
Board [3d Td 7h Ks 3c]
Seat 1: e2ef1c11 showed [As 9d] and lost with a pair of Threes
Seat 2: 2cbb491 (button) folded before Flop
Seat 3: ac8b58cc (small blind) folded before Flop
Seat 4: Hero (big blind) showed [Kd 9h] and won (9,120) with two pair, Kings and Threes
Seat 5: a77a523c folded before Flop
Seat 6: 76fb4d61 folded before Flop
Seat 7: ac4560f folded before Flop
Seat 8: eabd0a5e folded before Flop


Poker Hand #TM5606445824: Tournament #264518806, Bounty Hunters Deepstack Turbo $8.88 Hold'em No Limit - Level7(200/400(60)) - 2026/02/19 15:15:41
Table '39' 8-max Seat #1 is the button
Seat 1: e2ef1c11 (13,153 in chips)
Seat 2: 2cbb491 (46,750 in chips)
Seat 3: ac8b58cc (17,500 in chips)
Seat 4: Hero (16,673 in chips)
Seat 5: a77a523c (30,466 in chips)
Seat 6: 76fb4d61 (20,425 in chips)
Seat 7: ac4560f (28,127 in chips)
Seat 8: eabd0a5e (25,910 in chips)
e2ef1c11: posts the ante 60
a77a523c: posts the ante 60
Hero: posts the ante 60
eabd0a5e: posts the ante 60
ac4560f: posts the ante 60
76fb4d61: posts the ante 60
2cbb491: posts the ante 60
ac8b58cc: posts the ante 60
2cbb491: posts small blind 200
ac8b58cc: posts big blind 400
*** HOLE CARDS ***
Dealt to e2ef1c11 
Dealt to 2cbb491 
Dealt to ac8b58cc 
Dealt to Hero [2h 9s]
Dealt to a77a523c 
Dealt to 76fb4d61 
Dealt to ac4560f 
Dealt to eabd0a5e 
Hero: folds
a77a523c: raises 480 to 880
76fb4d61: folds
ac4560f: folds
eabd0a5e: folds
e2ef1c11: folds
2cbb491: calls 680
ac8b58cc: folds
*** FLOP *** [5c 9h 7c]
2cbb491: bets 1,320
a77a523c: calls 1,320
*** TURN *** [5c 9h 7c] [4c]
2cbb491: checks
a77a523c: checks
*** RIVER *** [5c 9h 7c 4c] [7h]
2cbb491: checks
a77a523c: bets 4,488
2cbb491: calls 4,488
a77a523c: shows [2c Ac] (a flush Ace high)
2cbb491: shows [Ah 8d] (a pair of Sevens)
*** SHOWDOWN ***
a77a523c collected 14,256 from pot
*** SUMMARY ***
Total pot 14,256 | Rake 0 | Jackpot 0 | Bingo 0 | Fortune 0 | Tax 0
Board [5c 9h 7c 4c 7h]
Seat 1: e2ef1c11 (button) folded before Flop
Seat 2: 2cbb491 (small blind) showed [Ah 8d] and lost with a pair of Sevens
Seat 3: ac8b58cc (big blind) folded before Flop
Seat 4: Hero folded before Flop
Seat 5: a77a523c showed [2c Ac] and won (14,256) with a flush Ace high
Seat 6: 76fb4d61 folded before Flop
Seat 7: ac4560f folded before Flop
Seat 8: eabd0a5e folded before Flop


Poker Hand #TM5606445811: Tournament #264518806, Bounty Hunters Deepstack Turbo $8.88 Hold'em No Limit - Level7(200/400(60)) - 2026/02/19 15:14:14
Table '39' 8-max Seat #8 is the button
Seat 1: e2ef1c11 (13,413 in chips)
Seat 2: 2cbb491 (47,610 in chips)
Seat 3: ac8b58cc (17,560 in chips)
Seat 4: Hero (13,467 in chips)
Seat 5: a77a523c (32,312 in chips)
Seat 6: 76fb4d61 (20,485 in chips)
Seat 7: ac4560f (28,187 in chips)
Seat 8: eabd0a5e (25,970 in chips)
e2ef1c11: posts the ante 60
a77a523c: posts the ante 60
Hero: posts the ante 60
eabd0a5e: posts the ante 60
ac4560f: posts the ante 60
76fb4d61: posts the ante 60
2cbb491: posts the ante 60
ac8b58cc: posts the ante 60
e2ef1c11: posts small blind 200
2cbb491: posts big blind 400
*** HOLE CARDS ***
Dealt to e2ef1c11 
Dealt to 2cbb491 
Dealt to ac8b58cc 
Dealt to Hero [6c 6s]
Dealt to a77a523c 
Dealt to 76fb4d61 
Dealt to ac4560f 
Dealt to eabd0a5e 
ac8b58cc: folds
Hero: raises 400 to 800
a77a523c: calls 800
76fb4d61: folds
ac4560f: folds
eabd0a5e: folds
e2ef1c11: folds
2cbb491: calls 400
*** FLOP *** [Qs 4d 9c]
2cbb491: checks
Hero: checks
a77a523c: bets 986
2cbb491: folds
Hero: calls 986
*** TURN *** [Qs 4d 9c] [As]
Hero: checks
a77a523c: checks
*** RIVER *** [Qs 4d 9c As] [8s]
Hero: checks
a77a523c: checks
Hero: shows [6c 6s] (a pair of Sixes)
a77a523c: shows [Kh 7h] (Ace high)
*** SHOWDOWN ***
Hero collected 5,052 from pot
*** SUMMARY ***
Total pot 5,052 | Rake 0 | Jackpot 0 | Bingo 0 | Fortune 0 | Tax 0
Board [Qs 4d 9c As 8s]
Seat 1: e2ef1c11 (small blind) folded before Flop
Seat 2: 2cbb491 (big blind) folded on the Flop
Seat 3: ac8b58cc folded before Flop
Seat 4: Hero showed [6c 6s] and won (5,052) with a pair of Sixes
Seat 5: a77a523c showed [Kh 7h] and lost with Ace high
Seat 6: 76fb4d61 folded before Flop
Seat 7: ac4560f folded before Flop
Seat 8: eabd0a5e (button) folded before Flop


Poker Hand #TM5606445799: Tournament #264518806, Bounty Hunters Deepstack Turbo $8.88 Hold'em No Limit - Level7(200/400(60)) - 2026/02/19 15:13:19
Table '39' 8-max Seat #7 is the button
Seat 1: e2ef1c11 (11,913 in chips)
Seat 2: 2cbb491 (48,550 in chips)
Seat 3: ac8b58cc (17,620 in chips)
Seat 4: Hero (13,527 in chips)
Seat 5: a77a523c (32,372 in chips)
Seat 6: 76fb4d61 (20,545 in chips)
Seat 7: ac4560f (28,247 in chips)
Seat 8: eabd0a5e (26,230 in chips)
e2ef1c11: posts the ante 60
a77a523c: posts the ante 60
Hero: posts the ante 60
eabd0a5e: posts the ante 60
ac4560f: posts the ante 60
76fb4d61: posts the ante 60
2cbb491: posts the ante 60
ac8b58cc: posts the ante 60
eabd0a5e: posts small blind 200
e2ef1c11: posts big blind 400
*** HOLE CARDS ***
Dealt to e2ef1c11 
Dealt to 2cbb491 
Dealt to ac8b58cc 
Dealt to Hero [Ac 6s]
Dealt to a77a523c 
Dealt to 76fb4d61 
Dealt to ac4560f 
Dealt to eabd0a5e 
2cbb491: raises 480 to 880
ac8b58cc: folds
Hero: folds
a77a523c: folds
76fb4d61: folds
ac4560f: folds
eabd0a5e: folds
e2ef1c11: calls 480
*** FLOP *** [Ks 6h 2s]
e2ef1c11: checks
2cbb491: checks
*** TURN *** [Ks 6h 2s] [3s]
e2ef1c11: bets 806
2cbb491: folds
Uncalled bet (806) returned to e2ef1c11
*** SHOWDOWN ***
e2ef1c11 collected 2,440 from pot
*** SUMMARY ***
Total pot 2,440 | Rake 0 | Jackpot 0 | Bingo 0 | Fortune 0 | Tax 0
Board [Ks 6h 2s 3s]
Seat 1: e2ef1c11 (big blind) won (2,440)
Seat 2: 2cbb491 folded on the Turn
Seat 3: ac8b58cc folded before Flop
Seat 4: Hero folded before Flop
Seat 5: a77a523c folded before Flop
Seat 6: 76fb4d61 folded before Flop
Seat 7: ac4560f (button) folded before Flop
Seat 8: eabd0a5e (small blind) folded before Flop


Poker Hand #TM5606445794: Tournament #264518806, Bounty Hunters Deepstack Turbo $8.88 Hold'em No Limit - Level7(200/400(60)) - 2026/02/19 15:12:54
Table '39' 8-max Seat #6 is the button
Seat 1: e2ef1c11 (11,973 in chips)
Seat 2: 2cbb491 (48,610 in chips)
Seat 3: ac8b58cc (17,680 in chips)
Seat 4: Hero (13,587 in chips)
Seat 5: a77a523c (32,432 in chips)
Seat 6: 76fb4d61 (20,605 in chips)
Seat 7: ac4560f (28,507 in chips)
Seat 8: eabd0a5e (25,610 in chips)
e2ef1c11: posts the ante 60
a77a523c: posts the ante 60
Hero: posts the ante 60
eabd0a5e: posts the ante 60
ac4560f: posts the ante 60
76fb4d61: posts the ante 60
2cbb491: posts the ante 60
ac8b58cc: posts the ante 60
ac4560f: posts small blind 200
eabd0a5e: posts big blind 400
*** HOLE CARDS ***
Dealt to e2ef1c11 
Dealt to 2cbb491 
Dealt to ac8b58cc 
Dealt to Hero [5s 2d]
Dealt to a77a523c 
Dealt to 76fb4d61 
Dealt to ac4560f 
Dealt to eabd0a5e 
e2ef1c11: folds
2cbb491: folds
ac8b58cc: folds
Hero: folds
a77a523c: folds
76fb4d61: folds
ac4560f: folds
Uncalled bet (200) returned to eabd0a5e
*** SHOWDOWN ***
eabd0a5e collected 880 from pot
*** SUMMARY ***
Total pot 880 | Rake 0 | Jackpot 0 | Bingo 0 | Fortune 0 | Tax 0
Seat 1: e2ef1c11 folded before Flop
Seat 2: 2cbb491 folded before Flop
Seat 3: ac8b58cc folded before Flop
Seat 4: Hero folded before Flop
Seat 5: a77a523c folded before Flop
Seat 6: 76fb4d61 (button) folded before Flop
Seat 7: ac4560f (small blind) folded before Flop
Seat 8: eabd0a5e (big blind) collected (880)


Poker Hand #TM5606445778: Tournament #264518806, Bounty Hunters Deepstack Turbo $8.88 Hold'em No Limit - Level7(200/400(60)) - 2026/02/19 15:11:26
Table '39' 8-max Seat #5 is the button
Seat 1: e2ef1c11 (12,033 in chips)
Seat 2: 2cbb491 (49,470 in chips)
Seat 3: ac8b58cc (17,740 in chips)
Seat 4: Hero (16,387 in chips)
Seat 5: a77a523c (32,492 in chips)
Seat 6: 76fb4d61 (20,865 in chips)
Seat 7: ac4560f (23,547 in chips)
Seat 8: eabd0a5e (26,470 in chips)
e2ef1c11: posts the ante 60
a77a523c: posts the ante 60
Hero: posts the ante 60
eabd0a5e: posts the ante 60
ac4560f: posts the ante 60
76fb4d61: posts the ante 60
2cbb491: posts the ante 60
ac8b58cc: posts the ante 60
76fb4d61: posts small blind 200
ac4560f: posts big blind 400
*** HOLE CARDS ***
Dealt to e2ef1c11 
Dealt to 2cbb491 
Dealt to ac8b58cc 
Dealt to Hero [Qd Ts]
Dealt to a77a523c 
Dealt to 76fb4d61 
Dealt to ac4560f 
Dealt to eabd0a5e 
eabd0a5e: raises 400 to 800
e2ef1c11: folds
2cbb491: calls 800
ac8b58cc: folds
Hero: calls 800
a77a523c: folds
76fb4d61: folds
ac4560f: calls 400
*** FLOP *** [Jd Ac 6s]
ac4560f: checks
eabd0a5e: checks
2cbb491: checks
Hero: checks
*** TURN *** [Jd Ac 6s] [8d]
ac4560f: checks
eabd0a5e: checks
2cbb491: checks
Hero: bets 1,940
ac4560f: calls 1,940
eabd0a5e: folds
2cbb491: folds
*** RIVER *** [Jd Ac 6s 8d] [3h]
ac4560f: bets 4,600
Hero: folds
Uncalled bet (4,600) returned to ac4560f
*** SHOWDOWN ***
ac4560f collected 7,760 from pot
*** SUMMARY ***
Total pot 7,760 | Rake 0 | Jackpot 0 | Bingo 0 | Fortune 0 | Tax 0
Board [Jd Ac 6s 8d 3h]
Seat 1: e2ef1c11 folded before Flop
Seat 2: 2cbb491 folded on the Turn
Seat 3: ac8b58cc folded before Flop
Seat 4: Hero folded on the River
Seat 5: a77a523c (button) folded before Flop
Seat 6: 76fb4d61 (small blind) folded before Flop
Seat 7: ac4560f (big blind) showed [2d 2c] and won (7,760)
Seat 8: eabd0a5e folded on the Turn


Poker Hand #TM5606445763: Tournament #264518806, Bounty Hunters Deepstack Turbo $8.88 Hold'em No Limit - Level7(200/400(60)) - 2026/02/19 15:10:10
Table '39' 8-max Seat #4 is the button
Seat 1: e2ef1c11 (12,093 in chips)
Seat 2: 2cbb491 (49,530 in chips)
Seat 3: ac8b58cc (17,800 in chips)
Seat 4: Hero (23,007 in chips)
Seat 5: a77a523c (32,752 in chips)
Seat 6: 76fb4d61 (21,325 in chips)
Seat 7: ac4560f (23,607 in chips)
Seat 8: eabd0a5e (18,890 in chips)
e2ef1c11: posts the ante 60
a77a523c: posts the ante 60
Hero: posts the ante 60
eabd0a5e: posts the ante 60
ac4560f: posts the ante 60
76fb4d61: posts the ante 60
2cbb491: posts the ante 60
ac8b58cc: posts the ante 60
a77a523c: posts small blind 200
76fb4d61: posts big blind 400
*** HOLE CARDS ***
Dealt to e2ef1c11 
Dealt to 2cbb491 
Dealt to ac8b58cc 
Dealt to Hero [Td Kh]
Dealt to a77a523c 
Dealt to 76fb4d61 
Dealt to ac4560f 
Dealt to eabd0a5e 
ac4560f: folds
eabd0a5e: raises 480 to 880
e2ef1c11: folds
2cbb491: folds
ac8b58cc: folds
Hero: calls 880
a77a523c: folds
76fb4d61: folds
*** FLOP *** [Tc 2s 3h]
eabd0a5e: checks
Hero: bets 1,420
eabd0a5e: calls 1,420
*** TURN *** [Tc 2s 3h] [7h]
eabd0a5e: checks
Hero: bets 4,260
eabd0a5e: calls 4,260
*** RIVER *** [Tc 2s 3h 7h] [Qd]
eabd0a5e: checks
Hero: checks
eabd0a5e: shows [Ac As] (a pair of Aces)
Hero: shows [Td Kh] (a pair of Tens)
*** SHOWDOWN ***
eabd0a5e collected 14,200 from pot
*** SUMMARY ***
Total pot 14,200 | Rake 0 | Jackpot 0 | Bingo 0 | Fortune 0 | Tax 0
Board [Tc 2s 3h 7h Qd]
Seat 1: e2ef1c11 folded before Flop
Seat 2: 2cbb491 folded before Flop
Seat 3: ac8b58cc folded before Flop
Seat 4: Hero (button) showed [Td Kh] and lost with a pair of Tens
Seat 5: a77a523c (small blind) folded before Flop
Seat 6: 76fb4d61 (big blind) folded before Flop
Seat 7: ac4560f folded before Flop
Seat 8: eabd0a5e showed [Ac As] and won (14,200) with a pair of Aces


Poker Hand #TM5606445753: Tournament #264518806, Bounty Hunters Deepstack Turbo $8.88 Hold'em No Limit - Level6(150/300(45)) - 2026/02/19 15:09:30
Table '39' 8-max Seat #3 is the button
Seat 1: e2ef1c11 (12,738 in chips)
Seat 2: 2cbb491 (49,575 in chips)
Seat 3: ac8b58cc (17,845 in chips)
Seat 4: Hero (23,202 in chips)
Seat 5: a77a523c (33,097 in chips)
Seat 6: 76fb4d61 (19,960 in chips)
Seat 7: ac4560f (23,652 in chips)
Seat 8: eabd0a5e (18,935 in chips)
e2ef1c11: posts the ante 45
a77a523c: posts the ante 45
Hero: posts the ante 45
eabd0a5e: posts the ante 45
ac4560f: posts the ante 45
76fb4d61: posts the ante 45
2cbb491: posts the ante 45
ac8b58cc: posts the ante 45
Hero: posts small blind 150
a77a523c: posts big blind 300
*** HOLE CARDS ***
Dealt to e2ef1c11 
Dealt to 2cbb491 
Dealt to ac8b58cc 
Dealt to Hero [5h 9d]
Dealt to a77a523c 
Dealt to 76fb4d61 
Dealt to ac4560f 
Dealt to eabd0a5e 
76fb4d61: raises 300 to 600
ac4560f: folds
eabd0a5e: folds
e2ef1c11: calls 600
2cbb491: folds
ac8b58cc: folds
Hero: folds
a77a523c: folds
*** FLOP *** [4c 6d Ac]
76fb4d61: bets 1,005
e2ef1c11: folds
Uncalled bet (1,005) returned to 76fb4d61
*** SHOWDOWN ***
76fb4d61 collected 2,010 from pot
*** SUMMARY ***
Total pot 2,010 | Rake 0 | Jackpot 0 | Bingo 0 | Fortune 0 | Tax 0
Board [4c 6d Ac]
Seat 1: e2ef1c11 folded on the Flop
Seat 2: 2cbb491 folded before Flop
Seat 3: ac8b58cc (button) folded before Flop
Seat 4: Hero (small blind) folded before Flop
Seat 5: a77a523c (big blind) folded before Flop
Seat 6: 76fb4d61 won (2,010)
Seat 7: ac4560f folded before Flop
Seat 8: eabd0a5e folded before Flop


Poker Hand #TM5606445748: Tournament #264518806, Bounty Hunters Deepstack Turbo $8.88 Hold'em No Limit - Level6(150/300(45)) - 2026/02/19 15:09:05
Table '39' 8-max Seat #2 is the button
Seat 1: e2ef1c11 (12,783 in chips)
Seat 2: 2cbb491 (48,810 in chips)
Seat 3: ac8b58cc (18,040 in chips)
Seat 4: Hero (23,547 in chips)
Seat 5: a77a523c (33,142 in chips)
Seat 6: 76fb4d61 (20,005 in chips)
Seat 7: ac4560f (23,697 in chips)
Seat 8: eabd0a5e (18,980 in chips)
e2ef1c11: posts the ante 45
a77a523c: posts the ante 45
Hero: posts the ante 45
eabd0a5e: posts the ante 45
ac4560f: posts the ante 45
76fb4d61: posts the ante 45
2cbb491: posts the ante 45
ac8b58cc: posts the ante 45
ac8b58cc: posts small blind 150
Hero: posts big blind 300
*** HOLE CARDS ***
Dealt to e2ef1c11 
Dealt to 2cbb491 
Dealt to ac8b58cc 
Dealt to Hero [2d 9h]
Dealt to a77a523c 
Dealt to 76fb4d61 
Dealt to ac4560f 
Dealt to eabd0a5e 
a77a523c: folds
76fb4d61: folds
ac4560f: folds
eabd0a5e: folds
e2ef1c11: folds
2cbb491: raises 300 to 600
ac8b58cc: folds
Hero: folds
Uncalled bet (300) returned to 2cbb491
*** SHOWDOWN ***
2cbb491 collected 1,110 from pot
*** SUMMARY ***
Total pot 1,110 | Rake 0 | Jackpot 0 | Bingo 0 | Fortune 0 | Tax 0
Seat 1: e2ef1c11 folded before Flop
Seat 2: 2cbb491 (button) collected (1,110)
Seat 3: ac8b58cc (small blind) folded before Flop
Seat 4: Hero (big blind) folded before Flop
Seat 5: a77a523c folded before Flop
Seat 6: 76fb4d61 folded before Flop
Seat 7: ac4560f folded before Flop
Seat 8: eabd0a5e folded before Flop


Poker Hand #TM5606445733: Tournament #264518806, Bounty Hunters Deepstack Turbo $8.88 Hold'em No Limit - Level6(150/300(45)) - 2026/02/19 15:08:00
Table '39' 8-max Seat #1 is the button
Seat 1: e2ef1c11 (15,760 in chips)
Seat 2: 2cbb491 (49,005 in chips)
Seat 3: ac8b58cc (18,385 in chips)
Seat 4: Hero (23,592 in chips)
Seat 5: a77a523c (33,187 in chips)
Seat 6: 76fb4d61 (20,050 in chips)
Seat 7: ac4560f (20,000 in chips)
Seat 8: eabd0a5e (19,025 in chips)
e2ef1c11: posts the ante 45
a77a523c: posts the ante 45
Hero: posts the ante 45
eabd0a5e: posts the ante 45
ac4560f: posts the ante 45
76fb4d61: posts the ante 45
2cbb491: posts the ante 45
ac8b58cc: posts the ante 45
2cbb491: posts small blind 150
ac8b58cc: posts big blind 300
*** HOLE CARDS ***
Dealt to e2ef1c11 
Dealt to 2cbb491 
Dealt to ac8b58cc 
Dealt to Hero [9d 5h]
Dealt to a77a523c 
Dealt to 76fb4d61 
Dealt to ac4560f 
Dealt to eabd0a5e 
Hero: folds
a77a523c: folds
76fb4d61: folds
ac4560f: raises 300 to 600
eabd0a5e: folds
e2ef1c11: raises 1,005 to 1,605
2cbb491: folds
ac8b58cc: folds
ac4560f: calls 1,005
*** FLOP *** [9s 3h Tc]
ac4560f: checks
e2ef1c11: bets 1,327
ac4560f: calls 1,327
*** TURN *** [9s 3h Tc] [Kd]
ac4560f: checks
e2ef1c11: checks
*** RIVER *** [9s 3h Tc Kd] [8s]
ac4560f: checks
e2ef1c11: checks
ac4560f: shows [2d 2c] (a pair of Twos)
e2ef1c11: shows [Jd Ad] (Ace high)
*** SHOWDOWN ***
ac4560f collected 6,674 from pot
*** SUMMARY ***
Total pot 6,674 | Rake 0 | Jackpot 0 | Bingo 0 | Fortune 0 | Tax 0
Board [9s 3h Tc Kd 8s]
Seat 1: e2ef1c11 (button) showed [Jd Ad] and lost with Ace high
Seat 2: 2cbb491 (small blind) folded before Flop
Seat 3: ac8b58cc (big blind) folded before Flop
Seat 4: Hero folded before Flop
Seat 5: a77a523c folded before Flop
Seat 6: 76fb4d61 folded before Flop
Seat 7: ac4560f showed [2d 2c] and won (6,674) with a pair of Twos
Seat 8: eabd0a5e folded before Flop


Poker Hand #TM5606445720: Tournament #264518806, Bounty Hunters Deepstack Turbo $8.88 Hold'em No Limit - Level6(150/300(45)) - 2026/02/19 15:07:01
Table '39' 8-max Seat #8 is the button
Seat 1: e2ef1c11 (21,525 in chips)
Seat 2: 2cbb491 (49,350 in chips)
Seat 3: ac8b58cc (18,430 in chips)
Seat 4: Hero (17,302 in chips)
Seat 5: a77a523c (33,232 in chips)
Seat 6: 76fb4d61 (20,095 in chips)
Seat 8: eabd0a5e (19,070 in chips)
e2ef1c11: posts the ante 45
a77a523c: posts the ante 45
Hero: posts the ante 45
eabd0a5e: posts the ante 45
76fb4d61: posts the ante 45
2cbb491: posts the ante 45
ac8b58cc: posts the ante 45
e2ef1c11: posts small blind 150
2cbb491: posts big blind 300
*** HOLE CARDS ***
Dealt to e2ef1c11 
Dealt to 2cbb491 
Dealt to ac8b58cc 
Dealt to Hero [As Kc]
Dealt to a77a523c 
Dealt to 76fb4d61 
Dealt to eabd0a5e 
ac8b58cc: folds
Hero: raises 300 to 600
a77a523c: folds
76fb4d61: folds
eabd0a5e: folds
e2ef1c11: calls 450
2cbb491: folds
*** FLOP *** [Jc Ah 7h]
e2ef1c11: checks
Hero: bets 599
e2ef1c11: raises 1,507 to 2,106
Hero: calls 1,507
*** TURN *** [Jc Ah 7h] [Js]
e2ef1c11: checks
Hero: checks
*** RIVER *** [Jc Ah 7h Js] [8c]
e2ef1c11: checks
Hero: bets 3,014
e2ef1c11: calls 3,014
Hero: shows [As Kc] (two pair, Aces and Jacks)
e2ef1c11: shows [7d Ad] (two pair, Aces and Jacks)
*** SHOWDOWN ***
Hero collected 12,055 from pot
*** SUMMARY ***
Total pot 12,055 | Rake 0 | Jackpot 0 | Bingo 0 | Fortune 0 | Tax 0
Board [Jc Ah 7h Js 8c]
Seat 1: e2ef1c11 (small blind) showed [7d Ad] and lost with two pair, Aces and Jacks
Seat 2: 2cbb491 (big blind) folded before Flop
Seat 3: ac8b58cc folded before Flop
Seat 4: Hero showed [As Kc] and won (12,055) with two pair, Aces and Jacks
Seat 5: a77a523c folded before Flop
Seat 6: 76fb4d61 folded before Flop
Seat 8: eabd0a5e (button) folded before Flop


Poker Hand #TM5606445704: Tournament #264518806, Bounty Hunters Deepstack Turbo $8.88 Hold'em No Limit - Level6(150/300(45)) - 2026/02/19 15:05:18
Table '39' 8-max Seat #7 is the button
Seat 1: e2ef1c11 (21,870 in chips)
Seat 2: 2cbb491 (52,057 in chips)
Seat 3: ac8b58cc (18,475 in chips)
Seat 4: Hero (30,896 in chips)
Seat 5: a77a523c (13,594 in chips)
Seat 6: 76fb4d61 (20,140 in chips)
Seat 7: a384437a (2,707 in chips)
Seat 8: eabd0a5e (19,265 in chips)
e2ef1c11: posts the ante 45
a77a523c: posts the ante 45
a384437a: posts the ante 45
Hero: posts the ante 45
eabd0a5e: posts the ante 45
76fb4d61: posts the ante 45
2cbb491: posts the ante 45
ac8b58cc: posts the ante 45
eabd0a5e: posts small blind 150
e2ef1c11: posts big blind 300
*** HOLE CARDS ***
Dealt to e2ef1c11 
Dealt to 2cbb491 
Dealt to ac8b58cc 
Dealt to Hero [Ks Jd]
Dealt to a77a523c 
Dealt to 76fb4d61 
Dealt to a384437a 
Dealt to eabd0a5e 
2cbb491: raises 300 to 600
ac8b58cc: folds
Hero: calls 600
a77a523c: raises 1,500 to 2,100
76fb4d61: folds
a384437a: raises 562 to 2,662 and is all-in
eabd0a5e: folds
e2ef1c11: folds
2cbb491: calls 2,062
Hero: calls 2,062
a77a523c: calls 562
*** FLOP *** [6h 4d Ts]
2cbb491: checks
Hero: checks
a77a523c: bets 3,667
2cbb491: folds
Hero: calls 3,667
*** TURN *** [6h 4d Ts] [3s]
Hero: checks
a77a523c: bets 7,220 and is all-in
Hero: calls 7,220
a77a523c: shows [Qs Th] (a pair of Tens)
a384437a: shows [Ah 8d] (Ace high)
Hero: shows [Ks Jd] (King high)
*** RIVER *** [6h 4d Ts 3s] [8s]
*** SHOWDOWN ***
a77a523c collected 11,458 from pot
a77a523c collected 21,774 from pot
*** SUMMARY ***
Total pot 33,232 | Rake 0 | Jackpot 0 | Bingo 0 | Fortune 0 | Tax 0
Board [6h 4d Ts 3s 8s]
Seat 1: e2ef1c11 (big blind) folded before Flop
Seat 2: 2cbb491 folded on the Flop
Seat 3: ac8b58cc folded before Flop
Seat 4: Hero showed [Ks Jd] and lost with King high
Seat 5: a77a523c showed [Qs Th] and won (33,232) with a pair of Tens
Seat 6: 76fb4d61 folded before Flop
Seat 7: a384437a (button) showed [Ah 8d] and lost with a pair of Eights
Seat 8: eabd0a5e (small blind) folded before Flop


Poker Hand #TM5606445692: Tournament #264518806, Bounty Hunters Deepstack Turbo $8.88 Hold'em No Limit - Level6(150/300(45)) - 2026/02/19 15:04:02
Table '39' 8-max Seat #6 is the button
Seat 1: e2ef1c11 (21,915 in chips)
Seat 2: 2cbb491 (49,942 in chips)
Seat 3: ac8b58cc (18,520 in chips)
Seat 4: Hero (30,941 in chips)
Seat 5: a77a523c (14,239 in chips)
Seat 6: 76fb4d61 (20,185 in chips)
Seat 7: a384437a (3,352 in chips)
Seat 8: eabd0a5e (19,910 in chips)
e2ef1c11: posts the ante 45
a77a523c: posts the ante 45
a384437a: posts the ante 45
Hero: posts the ante 45
eabd0a5e: posts the ante 45
76fb4d61: posts the ante 45
2cbb491: posts the ante 45
ac8b58cc: posts the ante 45
a384437a: posts small blind 150
eabd0a5e: posts big blind 300
*** HOLE CARDS ***
Dealt to e2ef1c11 
Dealt to 2cbb491 
Dealt to ac8b58cc 
Dealt to Hero [5c Td]
Dealt to a77a523c 
Dealt to 76fb4d61 
Dealt to a384437a 
Dealt to eabd0a5e 
e2ef1c11: folds
2cbb491: raises 300 to 600
ac8b58cc: folds
Hero: folds
a77a523c: calls 600
76fb4d61: folds
a384437a: calls 450
eabd0a5e: calls 300
*** FLOP *** [Kh Ac 6s]
a384437a: checks
eabd0a5e: checks
2cbb491: bets 911
a77a523c: folds
a384437a: folds
eabd0a5e: folds
Uncalled bet (911) returned to 2cbb491
*** SHOWDOWN ***
2cbb491 collected 2,760 from pot
*** SUMMARY ***
Total pot 2,760 | Rake 0 | Jackpot 0 | Bingo 0 | Fortune 0 | Tax 0
Board [Kh Ac 6s]
Seat 1: e2ef1c11 folded before Flop
Seat 2: 2cbb491 won (2,760)
Seat 3: ac8b58cc folded before Flop
Seat 4: Hero folded before Flop
Seat 5: a77a523c folded on the Flop
Seat 6: 76fb4d61 (button) folded before Flop
Seat 7: a384437a (small blind) folded on the Flop
Seat 8: eabd0a5e (big blind) folded on the Flop


Poker Hand #TM5606445680: Tournament #264518806, Bounty Hunters Deepstack Turbo $8.88 Hold'em No Limit - Level6(150/300(45)) - 2026/02/19 15:03:04
Table '39' 8-max Seat #5 is the button
Seat 1: e2ef1c11 (20,250 in chips)
Seat 2: 2cbb491 (49,987 in chips)
Seat 3: ac8b58cc (18,565 in chips)
Seat 4: Hero (31,586 in chips)
Seat 5: a77a523c (14,284 in chips)
Seat 6: 76fb4d61 (20,380 in chips)
Seat 7: a384437a (3,997 in chips)
Seat 8: eabd0a5e (19,955 in chips)
e2ef1c11: posts the ante 45
a77a523c: posts the ante 45
a384437a: posts the ante 45
Hero: posts the ante 45
eabd0a5e: posts the ante 45
76fb4d61: posts the ante 45
2cbb491: posts the ante 45
ac8b58cc: posts the ante 45
76fb4d61: posts small blind 150
a384437a: posts big blind 300
*** HOLE CARDS ***
Dealt to e2ef1c11 
Dealt to 2cbb491 
Dealt to ac8b58cc 
Dealt to Hero [Qc Jd]
Dealt to a77a523c 
Dealt to 76fb4d61 
Dealt to a384437a 
Dealt to eabd0a5e 
eabd0a5e: folds
e2ef1c11: raises 300 to 600
2cbb491: folds
ac8b58cc: folds
Hero: calls 600
a77a523c: folds
76fb4d61: folds
a384437a: calls 300
*** FLOP *** [8h Kd 5c]
a384437a: checks
e2ef1c11: checks
Hero: checks
*** TURN *** [8h Kd 5c] [3c]
a384437a: checks
e2ef1c11: bets 763
Hero: folds
a384437a: folds
Uncalled bet (763) returned to e2ef1c11
*** SHOWDOWN ***
e2ef1c11 collected 2,310 from pot
*** SUMMARY ***
Total pot 2,310 | Rake 0 | Jackpot 0 | Bingo 0 | Fortune 0 | Tax 0
Board [8h Kd 5c 3c]
Seat 1: e2ef1c11 won (2,310)
Seat 2: 2cbb491 folded before Flop
Seat 3: ac8b58cc folded before Flop
Seat 4: Hero folded on the Turn
Seat 5: a77a523c (button) folded before Flop
Seat 6: 76fb4d61 (small blind) folded before Flop
Seat 7: a384437a (big blind) folded on the Turn
Seat 8: eabd0a5e folded before Flop


Poker Hand #TM5606445673: Tournament #264518806, Bounty Hunters Deepstack Turbo $8.88 Hold'em No Limit - Level6(150/300(45)) - 2026/02/19 15:02:09
Table '39' 8-max Seat #4 is the button
Seat 1: e2ef1c11 (20,295 in chips)
Seat 2: 2cbb491 (50,032 in chips)
Seat 3: ac8b58cc (18,610 in chips)
Seat 4: Hero (30,071 in chips)
Seat 5: a77a523c (14,929 in chips)
Seat 6: 76fb4d61 (21,025 in chips)
Seat 7: a384437a (4,042 in chips)
Seat 8: eabd0a5e (20,000 in chips)
e2ef1c11: posts the ante 45
a77a523c: posts the ante 45
a384437a: posts the ante 45
Hero: posts the ante 45
eabd0a5e: posts the ante 45
76fb4d61: posts the ante 45
2cbb491: posts the ante 45
ac8b58cc: posts the ante 45
a77a523c: posts small blind 150
76fb4d61: posts big blind 300
*** HOLE CARDS ***
Dealt to e2ef1c11 
Dealt to 2cbb491 
Dealt to ac8b58cc 
Dealt to Hero [6h 2h]
Dealt to a77a523c 
Dealt to 76fb4d61 
Dealt to a384437a 
Dealt to eabd0a5e 
a384437a: folds
eabd0a5e: folds
e2ef1c11: folds
2cbb491: folds
ac8b58cc: folds
Hero: raises 300 to 600
a77a523c: calls 450
76fb4d61: calls 300
*** FLOP *** [Qs Th 5c]
a77a523c: checks
76fb4d61: checks
Hero: bets 713
a77a523c: folds
76fb4d61: folds
Uncalled bet (713) returned to Hero
*** SHOWDOWN ***
Hero collected 2,160 from pot
*** SUMMARY ***
Total pot 2,160 | Rake 0 | Jackpot 0 | Bingo 0 | Fortune 0 | Tax 0
Board [Qs Th 5c]
Seat 1: e2ef1c11 folded before Flop
Seat 2: 2cbb491 folded before Flop
Seat 3: ac8b58cc folded before Flop
Seat 4: Hero (button) won (2,160)
Seat 5: a77a523c (small blind) folded on the Flop
Seat 6: 76fb4d61 (big blind) folded on the Flop
Seat 7: a384437a folded before Flop
Seat 8: eabd0a5e folded before Flop


Poker Hand #TM5606445661: Tournament #264518806, Bounty Hunters Deepstack Turbo $8.88 Hold'em No Limit - Level5(125/250(35)) - 2026/02/19 14:54:40
Table '39' 8-max Seat #3 is the button
Seat 1: e2ef1c11 (20,330 in chips)
Seat 2: 2cbb491 (50,067 in chips)
Seat 3: ac8b58cc (19,270 in chips)
Seat 4: Hero (14,493 in chips)
Seat 5: a77a523c (15,214 in chips)
Seat 6: 76fb4d61 (21,060 in chips)
Seat 7: a384437a (18,535 in chips)
Seat 8: 5dbadb11 (6,799 in chips)
e2ef1c11: posts the ante 35
a77a523c: posts the ante 35
a384437a: posts the ante 35
Hero: posts the ante 35
5dbadb11: posts the ante 35
76fb4d61: posts the ante 35
2cbb491: posts the ante 35
ac8b58cc: posts the ante 35
Hero: posts small blind 125
a77a523c: posts big blind 250
*** HOLE CARDS ***
Dealt to e2ef1c11 
Dealt to 2cbb491 
Dealt to ac8b58cc 
Dealt to Hero [Td Ts]
Dealt to a77a523c 
Dealt to 76fb4d61 
Dealt to a384437a 
Dealt to 5dbadb11 
76fb4d61: folds
a384437a: raises 375 to 625
5dbadb11: folds
e2ef1c11: folds
2cbb491: folds
ac8b58cc: calls 625
Hero: raises 13,833 to 14,458 and is all-in
a77a523c: folds
a384437a: raises 4,042 to 18,500 and is all-in
ac8b58cc: folds
Uncalled bet (4,042) returned to a384437a
a384437a: shows [Qd Ah]
Hero: shows [Td Ts]
*** FLOP *** [8h 3d 8s]
*** TURN *** [8h 3d 8s] [2d]
*** RIVER *** [8h 3d 8s 2d] [Kd]
*** SHOWDOWN ***
Hero collected 30,071 from pot
*** SUMMARY ***
Total pot 30,071 | Rake 0 | Jackpot 0 | Bingo 0 | Fortune 0 | Tax 0
Board [8h 3d 8s 2d Kd]
Seat 1: e2ef1c11 folded before Flop
Seat 2: 2cbb491 folded before Flop
Seat 3: ac8b58cc (button) folded before Flop
Seat 4: Hero (small blind) showed [Td Ts] and won (30,071) with two pair, Tens and Eights
Seat 5: a77a523c (big blind) folded before Flop
Seat 6: 76fb4d61 folded before Flop
Seat 7: a384437a showed [Qd Ah] and lost with a pair of Eights
Seat 8: 5dbadb11 folded before Flop


Poker Hand #TM5606445653: Tournament #264518806, Bounty Hunters Deepstack Turbo $8.88 Hold'em No Limit - Level5(125/250(35)) - 2026/02/19 14:53:48
Table '39' 8-max Seat #2 is the button
Seat 1: e2ef1c11 (20,365 in chips)
Seat 2: 2cbb491 (48,597 in chips)
Seat 3: ac8b58cc (19,430 in chips)
Seat 4: Hero (15,078 in chips)
Seat 5: a77a523c (15,799 in chips)
Seat 6: 76fb4d61 (21,095 in chips)
Seat 7: a384437a (18,570 in chips)
Seat 8: 5dbadb11 (6,834 in chips)
e2ef1c11: posts the ante 35
a77a523c: posts the ante 35
a384437a: posts the ante 35
Hero: posts the ante 35
5dbadb11: posts the ante 35
76fb4d61: posts the ante 35
2cbb491: posts the ante 35
ac8b58cc: posts the ante 35
ac8b58cc: posts small blind 125
Hero: posts big blind 250
*** HOLE CARDS ***
Dealt to e2ef1c11 
Dealt to 2cbb491 
Dealt to ac8b58cc 
Dealt to Hero [9s Jh]
Dealt to a77a523c 
Dealt to 76fb4d61 
Dealt to a384437a 
Dealt to 5dbadb11 
a77a523c: raises 300 to 550
76fb4d61: folds
a384437a: folds
5dbadb11: folds
e2ef1c11: folds
2cbb491: calls 550
ac8b58cc: folds
Hero: calls 300
*** FLOP *** [3c 2c 7c]
Hero: checks
a77a523c: checks
2cbb491: bets 679
Hero: folds
a77a523c: folds
Uncalled bet (679) returned to 2cbb491
*** SHOWDOWN ***
2cbb491 collected 2,055 from pot
*** SUMMARY ***
Total pot 2,055 | Rake 0 | Jackpot 0 | Bingo 0 | Fortune 0 | Tax 0
Board [3c 2c 7c]
Seat 1: e2ef1c11 folded before Flop
Seat 2: 2cbb491 (button) won (2,055)
Seat 3: ac8b58cc (small blind) folded before Flop
Seat 4: Hero (big blind) folded on the Flop
Seat 5: a77a523c folded on the Flop
Seat 6: 76fb4d61 folded before Flop
Seat 7: a384437a folded before Flop
Seat 8: 5dbadb11 folded before Flop


Poker Hand #TM5606445645: Tournament #264518806, Bounty Hunters Deepstack Turbo $8.88 Hold'em No Limit - Level5(125/250(35)) - 2026/02/19 14:52:51
Table '39' 8-max Seat #1 is the button
Seat 1: e2ef1c11 (20,400 in chips)
Seat 2: 2cbb491 (48,757 in chips)
Seat 3: ac8b58cc (19,965 in chips)
Seat 4: Hero (15,113 in chips)
Seat 5: a77a523c (15,834 in chips)
Seat 6: 76fb4d61 (21,130 in chips)
Seat 7: a384437a (17,700 in chips)
Seat 8: 5dbadb11 (6,869 in chips)
e2ef1c11: posts the ante 35
a77a523c: posts the ante 35
a384437a: posts the ante 35
Hero: posts the ante 35
5dbadb11: posts the ante 35
76fb4d61: posts the ante 35
2cbb491: posts the ante 35
ac8b58cc: posts the ante 35
2cbb491: posts small blind 125
ac8b58cc: posts big blind 250
*** HOLE CARDS ***
Dealt to e2ef1c11 
Dealt to 2cbb491 
Dealt to ac8b58cc 
Dealt to Hero [4d 6d]
Dealt to a77a523c 
Dealt to 76fb4d61 
Dealt to a384437a 
Dealt to 5dbadb11 
Hero: folds
a77a523c: folds
76fb4d61: folds
a384437a: raises 250 to 500
5dbadb11: folds
e2ef1c11: folds
2cbb491: folds
ac8b58cc: calls 250
*** FLOP *** [3c Ah Qs]
ac8b58cc: checks
a384437a: bets 964
ac8b58cc: folds
Uncalled bet (964) returned to a384437a
*** SHOWDOWN ***
a384437a collected 1,405 from pot
*** SUMMARY ***
Total pot 1,405 | Rake 0 | Jackpot 0 | Bingo 0 | Fortune 0 | Tax 0
Board [3c Ah Qs]
Seat 1: e2ef1c11 (button) folded before Flop
Seat 2: 2cbb491 (small blind) folded before Flop
Seat 3: ac8b58cc (big blind) folded on the Flop
Seat 4: Hero folded before Flop
Seat 5: a77a523c folded before Flop
Seat 6: 76fb4d61 folded before Flop
Seat 7: a384437a won (1,405)
Seat 8: 5dbadb11 folded before Flop


Poker Hand #TM5606445636: Tournament #264518806, Bounty Hunters Deepstack Turbo $8.88 Hold'em No Limit - Level5(125/250(35)) - 2026/02/19 14:51:45
Table '39' 8-max Seat #8 is the button
Seat 1: e2ef1c11 (24,495 in chips)
Seat 2: 2cbb491 (43,952 in chips)
Seat 3: ac8b58cc (20,000 in chips)
Seat 4: Hero (15,648 in chips)
Seat 5: a77a523c (15,869 in chips)
Seat 6: 76fb4d61 (21,165 in chips)
Seat 7: a384437a (17,735 in chips)
Seat 8: 5dbadb11 (6,904 in chips)
e2ef1c11: posts the ante 35
a77a523c: posts the ante 35
a384437a: posts the ante 35
Hero: posts the ante 35
5dbadb11: posts the ante 35
76fb4d61: posts the ante 35
2cbb491: posts the ante 35
ac8b58cc: posts the ante 35
e2ef1c11: posts small blind 125
2cbb491: posts big blind 250
*** HOLE CARDS ***
Dealt to e2ef1c11 
Dealt to 2cbb491 
Dealt to ac8b58cc 
Dealt to Hero [Ad 5h]
Dealt to a77a523c 
Dealt to 76fb4d61 
Dealt to a384437a 
Dealt to 5dbadb11 
ac8b58cc: folds
Hero: raises 250 to 500
a77a523c: folds
76fb4d61: folds
a384437a: folds
5dbadb11: folds
e2ef1c11: calls 375
2cbb491: calls 250
*** FLOP *** [7d 9s 6s]
e2ef1c11: checks
2cbb491: checks
Hero: checks
*** TURN *** [7d 9s 6s] [Jh]
e2ef1c11: bets 890
2cbb491: calls 890
Hero: folds
*** RIVER *** [7d 9s 6s Jh] [Th]
e2ef1c11: checks
2cbb491: bets 2,670
e2ef1c11: calls 2,670
2cbb491: shows [Jc 8s] (a straight, Jack to Seven)
e2ef1c11: shows [9h 9c] (three of a kind, Nines)
*** SHOWDOWN ***
2cbb491 collected 8,900 from pot
*** SUMMARY ***
Total pot 8,900 | Rake 0 | Jackpot 0 | Bingo 0 | Fortune 0 | Tax 0
Board [7d 9s 6s Jh Th]
Seat 1: e2ef1c11 (small blind) showed [9h 9c] and lost with three of a kind, Nines
Seat 2: 2cbb491 (big blind) showed [Jc 8s] and won (8,900) with a straight, Jack to Seven
Seat 3: ac8b58cc folded before Flop
Seat 4: Hero folded on the Turn
Seat 5: a77a523c folded before Flop
Seat 6: 76fb4d61 folded before Flop
Seat 7: a384437a folded before Flop
Seat 8: 5dbadb11 (button) folded before Flop


Poker Hand #TM5606445623: Tournament #264518806, Bounty Hunters Deepstack Turbo $8.88 Hold'em No Limit - Level5(125/250(35)) - 2026/02/19 14:49:59
Table '39' 8-max Seat #7 is the button
Seat 1: e2ef1c11 (16,547 in chips)
Seat 2: 2cbb491 (43,987 in chips)
Seat 4: Hero (15,683 in chips)
Seat 5: a77a523c (21,012 in chips)
Seat 6: 76fb4d61 (21,200 in chips)
Seat 7: a384437a (20,275 in chips)
Seat 8: 5dbadb11 (7,064 in chips)
e2ef1c11: posts the ante 35
a77a523c: posts the ante 35
a384437a: posts the ante 35
Hero: posts the ante 35
5dbadb11: posts the ante 35
76fb4d61: posts the ante 35
2cbb491: posts the ante 35
5dbadb11: posts small blind 125
e2ef1c11: posts big blind 250
*** HOLE CARDS ***
Dealt to e2ef1c11 
Dealt to 2cbb491 
Dealt to Hero [9h Jd]
Dealt to a77a523c 
Dealt to 76fb4d61 
Dealt to a384437a 
Dealt to 5dbadb11 
2cbb491: folds
Hero: folds
a77a523c: raises 300 to 550
76fb4d61: folds
a384437a: calls 550
5dbadb11: folds
e2ef1c11: calls 300
*** FLOP *** [9s 2d 6d]
e2ef1c11: checks
a77a523c: bets 647
a384437a: calls 647
e2ef1c11: raises 1,308 to 1,955
a77a523c: calls 1,308
a384437a: calls 1,308
*** TURN *** [9s 2d 6d] [2c]
e2ef1c11: bets 2,603
a77a523c: calls 2,603
a384437a: folds
*** RIVER *** [9s 2d 6d 2c] [Ah]
e2ef1c11: bets 5,000
a77a523c: folds
Uncalled bet (5,000) returned to e2ef1c11
*** SHOWDOWN ***
e2ef1c11 collected 13,091 from pot
*** SUMMARY ***
Total pot 13,091 | Rake 0 | Jackpot 0 | Bingo 0 | Fortune 0 | Tax 0
Board [9s 2d 6d 2c Ah]
Seat 1: e2ef1c11 (big blind) won (13,091)
Seat 2: 2cbb491 folded before Flop
Seat 4: Hero folded before Flop
Seat 5: a77a523c folded on the River
Seat 6: 76fb4d61 folded before Flop
Seat 7: a384437a (button) folded on the Turn
Seat 8: 5dbadb11 (small blind) folded before Flop


Poker Hand #TM5606445613: Tournament #264518806, Bounty Hunters Deepstack Turbo $8.88 Hold'em No Limit - Level5(125/250(35)) - 2026/02/19 14:48:55
Table '39' 8-max Seat #6 is the button
Seat 1: e2ef1c11 (16,582 in chips)
Seat 2: 2cbb491 (21,576 in chips)
Seat 3: 84fab74e (22,967 in chips)
Seat 4: Hero (15,718 in chips)
Seat 5: a77a523c (21,047 in chips)
Seat 6: 76fb4d61 (21,235 in chips)
Seat 7: a384437a (20,435 in chips)
Seat 8: 5dbadb11 (28,640 in chips)
e2ef1c11: posts the ante 35
a77a523c: posts the ante 35
a384437a: posts the ante 35
Hero: posts the ante 35
5dbadb11: posts the ante 35
84fab74e: posts the ante 35
76fb4d61: posts the ante 35
2cbb491: posts the ante 35
a384437a: posts small blind 125
5dbadb11: posts big blind 250
*** HOLE CARDS ***
Dealt to e2ef1c11 
Dealt to 2cbb491 
Dealt to 84fab74e 
Dealt to Hero [Td Kh]
Dealt to a77a523c 
Dealt to 76fb4d61 
Dealt to a384437a 
Dealt to 5dbadb11 
e2ef1c11: folds
2cbb491: raises 250 to 500
84fab74e: calls 500
Hero: folds
a77a523c: folds
76fb4d61: folds
a384437a: folds
5dbadb11: raises 2,000 to 2,500
2cbb491: raises 19,041 to 21,541 and is all-in
84fab74e: folds
5dbadb11: calls 19,041
2cbb491: shows [Jd Js]
5dbadb11: shows [Qh Qc]
*** FLOP *** [Jh 3d Ks]
*** TURN *** [Jh 3d Ks] [8s]
*** RIVER *** [Jh 3d Ks 8s] [2s]
a384437a: shows [Jc] (a pair of Jacks)
*** SHOWDOWN ***
2cbb491 collected 43,987 from pot
*** SUMMARY ***
Total pot 43,987 | Rake 0 | Jackpot 0 | Bingo 0 | Fortune 0 | Tax 0
Board [Jh 3d Ks 8s 2s]
Seat 1: e2ef1c11 folded before Flop
Seat 2: 2cbb491 showed [Jd Js] and won (43,987) with three of a kind, Jacks
Seat 3: 84fab74e folded before Flop
Seat 4: Hero folded before Flop
Seat 5: a77a523c folded before Flop
Seat 6: 76fb4d61 (button) folded before Flop
Seat 7: a384437a (small blind) folded before Flop
Seat 8: 5dbadb11 (big blind) showed [Qh Qc] and lost with a pair of Queens


Poker Hand #TM5606445606: Tournament #264518806, Bounty Hunters Deepstack Turbo $8.88 Hold'em No Limit - Level5(125/250(35)) - 2026/02/19 14:48:04
Table '39' 8-max Seat #5 is the button
Seat 1: e2ef1c11 (17,117 in chips)
Seat 2: 2cbb491 (21,611 in chips)
Seat 3: 84fab74e (23,502 in chips)
Seat 4: Hero (15,753 in chips)
Seat 5: a77a523c (21,082 in chips)
Seat 6: 76fb4d61 (19,740 in chips)
Seat 7: a384437a (20,720 in chips)
Seat 8: 5dbadb11 (28,675 in chips)
e2ef1c11: posts the ante 35
a77a523c: posts the ante 35
a384437a: posts the ante 35
Hero: posts the ante 35
5dbadb11: posts the ante 35
84fab74e: posts the ante 35
76fb4d61: posts the ante 35
2cbb491: posts the ante 35
76fb4d61: posts small blind 125
a384437a: posts big blind 250
*** HOLE CARDS ***
Dealt to e2ef1c11 
Dealt to 2cbb491 
Dealt to 84fab74e 
Dealt to Hero [Td Js]
Dealt to a77a523c 
Dealt to 76fb4d61 
Dealt to a384437a 
Dealt to 5dbadb11 
5dbadb11: folds
e2ef1c11: raises 250 to 500
2cbb491: folds
84fab74e: calls 500
Hero: folds
a77a523c: folds
76fb4d61: calls 375
a384437a: folds
*** FLOP *** [2c 8c Ks]
76fb4d61: bets 670
e2ef1c11: folds
84fab74e: folds
Uncalled bet (670) returned to 76fb4d61
*** SHOWDOWN ***
76fb4d61 collected 2,030 from pot
*** SUMMARY ***
Total pot 2,030 | Rake 0 | Jackpot 0 | Bingo 0 | Fortune 0 | Tax 0
Board [2c 8c Ks]
Seat 1: e2ef1c11 folded on the Flop
Seat 2: 2cbb491 folded before Flop
Seat 3: 84fab74e folded on the Flop
Seat 4: Hero folded before Flop
Seat 5: a77a523c (button) folded before Flop
Seat 6: 76fb4d61 (small blind) won (2,030)
Seat 7: a384437a (big blind) folded before Flop
Seat 8: 5dbadb11 folded before Flop


Poker Hand #TM5606445596: Tournament #264518806, Bounty Hunters Deepstack Turbo $8.88 Hold'em No Limit - Level4(100/200(30)) - 2026/02/19 14:46:58
Table '39' 8-max Seat #4 is the button
Seat 1: e2ef1c11 (17,147 in chips)
Seat 2: 2cbb491 (21,641 in chips)
Seat 3: 84fab74e (23,532 in chips)
Seat 4: Hero (15,783 in chips)
Seat 5: a77a523c (21,512 in chips)
Seat 6: 76fb4d61 (19,970 in chips)
Seat 7: a384437a (19,910 in chips)
Seat 8: 5dbadb11 (28,705 in chips)
e2ef1c11: posts the ante 30
a77a523c: posts the ante 30
a384437a: posts the ante 30
Hero: posts the ante 30
5dbadb11: posts the ante 30
84fab74e: posts the ante 30
76fb4d61: posts the ante 30
2cbb491: posts the ante 30
a77a523c: posts small blind 100
76fb4d61: posts big blind 200
*** HOLE CARDS ***
Dealt to e2ef1c11 
Dealt to 2cbb491 
Dealt to 84fab74e 
Dealt to Hero [6d Ks]
Dealt to a77a523c 
Dealt to 76fb4d61 
Dealt to a384437a 
Dealt to 5dbadb11 
a384437a: raises 200 to 400
5dbadb11: folds
e2ef1c11: folds
2cbb491: folds
84fab74e: folds
Hero: folds
a77a523c: calls 300
76fb4d61: folds
*** FLOP *** [Jc 3c 5d]
a77a523c: checks
a384437a: checks
*** TURN *** [Jc 3c 5d] [Qc]
a77a523c: checks
a384437a: bets 620
a77a523c: folds
Uncalled bet (620) returned to a384437a
*** SHOWDOWN ***
a384437a collected 1,240 from pot
*** SUMMARY ***
Total pot 1,240 | Rake 0 | Jackpot 0 | Bingo 0 | Fortune 0 | Tax 0
Board [Jc 3c 5d Qc]
Seat 1: e2ef1c11 folded before Flop
Seat 2: 2cbb491 folded before Flop
Seat 3: 84fab74e folded before Flop
Seat 4: Hero (button) folded before Flop
Seat 5: a77a523c (small blind) folded on the Turn
Seat 6: 76fb4d61 (big blind) folded before Flop
Seat 7: a384437a won (1,240)
Seat 8: 5dbadb11 folded before Flop


Poker Hand #TM5606445591: Tournament #264518806, Bounty Hunters Deepstack Turbo $8.88 Hold'em No Limit - Level4(100/200(30)) - 2026/02/19 14:46:21
Table '39' 8-max Seat #3 is the button
Seat 1: e2ef1c11 (17,177 in chips)
Seat 2: 2cbb491 (21,131 in chips)
Seat 3: 84fab74e (23,562 in chips)
Seat 4: Hero (15,913 in chips)
Seat 5: a77a523c (21,742 in chips)
Seat 6: 76fb4d61 (20,000 in chips)
Seat 7: a384437a (19,940 in chips)
Seat 8: 5dbadb11 (28,735 in chips)
e2ef1c11: posts the ante 30
a77a523c: posts the ante 30
a384437a: posts the ante 30
Hero: posts the ante 30
5dbadb11: posts the ante 30
84fab74e: posts the ante 30
76fb4d61: posts the ante 30
2cbb491: posts the ante 30
Hero: posts small blind 100
a77a523c: posts big blind 200
*** HOLE CARDS ***
Dealt to e2ef1c11 
Dealt to 2cbb491 
Dealt to 84fab74e 
Dealt to Hero [8c 3d]
Dealt to a77a523c 
Dealt to 76fb4d61 
Dealt to a384437a 
Dealt to 5dbadb11 
76fb4d61: folds
a384437a: folds
5dbadb11: folds
e2ef1c11: folds
2cbb491: raises 200 to 400
84fab74e: folds
Hero: folds
a77a523c: folds
Uncalled bet (200) returned to 2cbb491
*** SHOWDOWN ***
2cbb491 collected 740 from pot
*** SUMMARY ***
Total pot 740 | Rake 0 | Jackpot 0 | Bingo 0 | Fortune 0 | Tax 0
Seat 1: e2ef1c11 folded before Flop
Seat 2: 2cbb491 collected (740)
Seat 3: 84fab74e (button) folded before Flop
Seat 4: Hero (small blind) folded before Flop
Seat 5: a77a523c (big blind) folded before Flop
Seat 6: 76fb4d61 folded before Flop
Seat 7: a384437a folded before Flop
Seat 8: 5dbadb11 folded before Flop


Poker Hand #TM5606445580: Tournament #264518806, Bounty Hunters Deepstack Turbo $8.88 Hold'em No Limit - Level4(100/200(30)) - 2026/02/19 14:45:27
Table '39' 8-max Seat #2 is the button
Seat 1: e2ef1c11 (20,000 in chips)
Seat 2: 2cbb491 (19,610 in chips)
Seat 3: 84fab74e (23,692 in chips)
Seat 4: Hero (14,391 in chips)
Seat 5: a77a523c (21,772 in chips)
Seat 7: a384437a (19,970 in chips)
Seat 8: 5dbadb11 (28,765 in chips)
e2ef1c11: posts the ante 30
a77a523c: posts the ante 30
a384437a: posts the ante 30
Hero: posts the ante 30
5dbadb11: posts the ante 30
84fab74e: posts the ante 30
2cbb491: posts the ante 30
84fab74e: posts small blind 100
Hero: posts big blind 200
*** HOLE CARDS ***
Dealt to e2ef1c11 
Dealt to 2cbb491 
Dealt to 84fab74e 
Dealt to Hero [As 6s]
Dealt to a77a523c 
Dealt to a384437a 
Dealt to 5dbadb11 
a77a523c: folds
a384437a: folds
5dbadb11: folds
e2ef1c11: raises 200 to 400
2cbb491: raises 655 to 1,055
84fab74e: folds
Hero: calls 855
e2ef1c11: calls 655
*** FLOP *** [Td Ac Qh]
Hero: checks
e2ef1c11: checks
2cbb491: bets 1,738
Hero: calls 1,738
e2ef1c11: calls 1,738
*** TURN *** [Td Ac Qh] [6d]
Hero: checks
e2ef1c11: checks
2cbb491: bets 16,787 and is all-in
Hero: calls 11,568 and is all-in
e2ef1c11: folds
Uncalled bet (5,219) returned to 2cbb491
2cbb491: shows [8d Ad] (a pair of Aces)
Hero: shows [As 6s] (two pair, Aces and Sixes)
*** RIVER *** [Td Ac Qh 6d] [Ts]
*** SHOWDOWN ***
2cbb491 collected 15,912 from pot
Hero collected 15,913 from pot
*** SUMMARY ***
Total pot 31,825 | Rake 0 | Jackpot 0 | Bingo 0 | Fortune 0 | Tax 0
Board [Td Ac Qh 6d Ts]
Seat 1: e2ef1c11 folded on the Turn
Seat 2: 2cbb491 (button) showed [8d Ad] and won (15,912) with two pair, Aces and Tens
Seat 3: 84fab74e (small blind) folded before Flop
Seat 4: Hero (big blind) showed [As 6s] and won (15,913) with two pair, Aces and Tens
Seat 5: a77a523c folded before Flop
Seat 7: a384437a folded before Flop
Seat 8: 5dbadb11 folded before Flop


Poker Hand #TM5606445570: Tournament #264518806, Bounty Hunters Deepstack Turbo $8.88 Hold'em No Limit - Level4(100/200(30)) - 2026/02/19 14:44:01
Table '39' 8-max Seat #8 is the button
Seat 2: 2cbb491 (19,740 in chips)
Seat 3: 84fab74e (26,203 in chips)
Seat 4: Hero (14,421 in chips)
Seat 5: a77a523c (19,011 in chips)
Seat 6: 311fc461 (19,560 in chips)
Seat 7: a384437a (20,000 in chips)
Seat 8: 5dbadb11 (28,795 in chips)
a77a523c: posts the ante 30
a384437a: posts the ante 30
311fc461: posts the ante 30
Hero: posts the ante 30
5dbadb11: posts the ante 30
84fab74e: posts the ante 30
2cbb491: posts the ante 30
2cbb491: posts small blind 100
84fab74e: posts big blind 200
*** HOLE CARDS ***
Dealt to 2cbb491 
Dealt to 84fab74e 
Dealt to Hero [8d Qs]
Dealt to a77a523c 
Dealt to 311fc461 
Dealt to a384437a 
Dealt to 5dbadb11 
Hero: folds
a77a523c: raises 240 to 440
311fc461: folds
a384437a: folds
5dbadb11: folds
2cbb491: folds
84fab74e: calls 240
*** FLOP *** [9s Ad 5h]
84fab74e: checks
a77a523c: bets 381
84fab74e: calls 381
*** TURN *** [9s Ad 5h] [7s]
84fab74e: checks
a77a523c: bets 1,660
84fab74e: calls 1,660
*** RIVER *** [9s Ad 5h 7s] [Qd]
84fab74e: checks
a77a523c: bets 4,482
84fab74e: folds
Uncalled bet (4,482) returned to a77a523c
*** SHOWDOWN ***
a77a523c collected 5,272 from pot
*** SUMMARY ***
Total pot 5,272 | Rake 0 | Jackpot 0 | Bingo 0 | Fortune 0 | Tax 0
Board [9s Ad 5h 7s Qd]
Seat 2: 2cbb491 (small blind) folded before Flop
Seat 3: 84fab74e (big blind) folded on the River
Seat 4: Hero folded before Flop
Seat 5: a77a523c won (5,272)
Seat 6: 311fc461 folded before Flop
Seat 7: a384437a folded before Flop
Seat 8: 5dbadb11 (button) folded before Flop


Poker Hand #TM5606445567: Tournament #264518806, Bounty Hunters Deepstack Turbo $8.88 Hold'em No Limit - Level4(100/200(30)) - 2026/02/19 14:43:34
Table '39' 8-max Seat #6 is the button
Seat 2: 2cbb491 (19,970 in chips)
Seat 3: 84fab74e (26,233 in chips)
Seat 4: Hero (14,451 in chips)
Seat 5: a77a523c (19,041 in chips)
Seat 6: 311fc461 (19,590 in chips)
Seat 8: 5dbadb11 (28,445 in chips)
a77a523c: posts the ante 30
311fc461: posts the ante 30
Hero: posts the ante 30
5dbadb11: posts the ante 30
84fab74e: posts the ante 30
2cbb491: posts the ante 30
5dbadb11: posts small blind 100
2cbb491: posts big blind 200
*** HOLE CARDS ***
Dealt to 2cbb491 
Dealt to 84fab74e 
Dealt to Hero [8c Kd]
Dealt to a77a523c 
Dealt to 311fc461 
Dealt to 5dbadb11 
84fab74e: folds
Hero: folds
a77a523c: folds
311fc461: folds
5dbadb11: raises 500 to 700
2cbb491: folds
Uncalled bet (500) returned to 5dbadb11
*** SHOWDOWN ***
5dbadb11 collected 580 from pot
*** SUMMARY ***
Total pot 580 | Rake 0 | Jackpot 0 | Bingo 0 | Fortune 0 | Tax 0
Seat 2: 2cbb491 (big blind) folded before Flop
Seat 3: 84fab74e folded before Flop
Seat 4: Hero folded before Flop
Seat 5: a77a523c folded before Flop
Seat 6: 311fc461 (button) folded before Flop
Seat 8: 5dbadb11 (small blind) collected (580)


Poker Hand #TM5606445557: Tournament #264518806, Bounty Hunters Deepstack Turbo $8.88 Hold'em No Limit - Level4(100/200(30)) - 2026/02/19 14:42:31
Table '39' 8-max Seat #5 is the button
Seat 1: 4e8d7b5 (80,919 in chips)
Seat 2: 2cbb491 (20,000 in chips)
Seat 3: 84fab74e (26,263 in chips)
Seat 4: Hero (20,000 in chips)
Seat 5: a77a523c (12,842 in chips)
Seat 6: 311fc461 (19,720 in chips)
Seat 8: 5dbadb11 (28,675 in chips)
a77a523c: posts the ante 30
Hero: posts the ante 30
311fc461: posts the ante 30
5dbadb11: posts the ante 30
4e8d7b5: posts the ante 30
84fab74e: posts the ante 30
2cbb491: posts the ante 30
311fc461: posts small blind 100
5dbadb11: posts big blind 200
*** HOLE CARDS ***
Dealt to 4e8d7b5 
Dealt to 2cbb491 
Dealt to 84fab74e 
Dealt to Hero [Kh Jd]
Dealt to a77a523c 
Dealt to 311fc461 
Dealt to 5dbadb11 
4e8d7b5: calls 200
2cbb491: folds
84fab74e: folds
Hero: raises 1,200 to 1,400
a77a523c: calls 1,400
311fc461: folds
5dbadb11: folds
4e8d7b5: folds
*** FLOP *** [9d 4c 3s]
Hero: checks
a77a523c: bets 1,124
Hero: calls 1,124
*** TURN *** [9d 4c 3s] [Qs]
Hero: checks
a77a523c: bets 2,995
Hero: calls 2,995
*** RIVER *** [9d 4c 3s Qs] [2s]
Hero: checks
a77a523c: bets 7,293 and is all-in
Hero: folds
Uncalled bet (7,293) returned to a77a523c
*** SHOWDOWN ***
a77a523c collected 11,748 from pot
*** SUMMARY ***
Total pot 11,748 | Rake 0 | Jackpot 0 | Bingo 0 | Fortune 0 | Tax 0
Board [9d 4c 3s Qs 2s]
Seat 1: 4e8d7b5 folded before Flop
Seat 2: 2cbb491 folded before Flop
Seat 3: 84fab74e folded before Flop
Seat 4: Hero folded on the River
Seat 5: a77a523c (button) won (11,748)
Seat 6: 311fc461 (small blind) folded before Flop
Seat 8: 5dbadb11 (big blind) folded before Flop


