Poker Hand #TM5575669486: Tournament #262414785, APL Series: ¥66 Zodiac Bounty Special + Tiger Hold'em No Limit - Level5(100/200(25)) - 2026/02/11 18:18:30
Table '7' 8-max Seat #3 is the button
Seat 1: 58d35543 (3,560 in chips)
Seat 2: 83c8d34 (16,496 in chips)
Seat 3: 173e76cb (13,669 in chips)
Seat 4: 27a4dbd4 (10,022 in chips)
Seat 5: Hero (2,320 in chips)
Seat 6: 35c105e6 (26,363 in chips)
Seat 7: 6e2e8ff8 (12,832 in chips)
Seat 8: cf0514d6 (5,619 in chips)
83c8d34: posts the ante 25
35c105e6: posts the ante 25
Hero: posts the ante 25
58d35543: posts the ante 25
173e76cb: posts the ante 25
cf0514d6: posts the ante 25
6e2e8ff8: posts the ante 25
27a4dbd4: posts the ante 25
27a4dbd4: posts small blind 100
Hero: posts big blind 200
*** HOLE CARDS ***
Dealt to 58d35543 
Dealt to 83c8d34 
Dealt to 173e76cb 
Dealt to 27a4dbd4 
Dealt to Hero [Jd 7s]
Dealt to 35c105e6 
Dealt to 6e2e8ff8 
Dealt to cf0514d6 
35c105e6: folds
6e2e8ff8: folds
cf0514d6: folds
58d35543: folds
83c8d34: folds
173e76cb: raises 13,400 to 13,600
27a4dbd4: folds
Hero: calls 2,095 and is all-in
Uncalled bet (11,305) returned to 173e76cb
173e76cb: shows [Kh Kd]
Hero: shows [Jd 7s]
*** FLOP *** [9c 4d 5c]
*** TURN *** [9c 4d 5c] [7d]
*** RIVER *** [9c 4d 5c 7d] [9d]
35c105e6: shows [Js] (a pair of Nines)
*** SHOWDOWN ***
173e76cb collected 4,890 from pot
*** SUMMARY ***
Total pot 4,890 | Rake 0 | Jackpot 0 | Bingo 0 | Fortune 0 | Tax 0
Board [9c 4d 5c 7d 9d]
Seat 1: 58d35543 folded before Flop
Seat 2: 83c8d34 folded before Flop
Seat 3: 173e76cb (button) showed [Kh Kd] and won (4,890) with two pair, Kings and Nines
Seat 4: 27a4dbd4 (small blind) folded before Flop
Seat 5: Hero (big blind) showed [Jd 7s] and lost with two pair, Nines and Sevens
Seat 6: 35c105e6 folded before Flop
Seat 7: 6e2e8ff8 folded before Flop
Seat 8: cf0514d6 folded before Flop


Poker Hand #TM5575669453: Tournament #262414785, APL Series: ¥66 Zodiac Bounty Special + Tiger Hold'em No Limit - Level5(100/200(25)) - 2026/02/11 18:17:23
Table '7' 8-max Seat #2 is the button
Seat 1: 58d35543 (8,246 in chips)
Seat 2: 83c8d34 (16,521 in chips)
Seat 3: 173e76cb (13,794 in chips)
Seat 4: 27a4dbd4 (4,686 in chips)
Seat 5: Hero (2,345 in chips)
Seat 6: 35c105e6 (26,788 in chips)
Seat 7: 6e2e8ff8 (12,857 in chips)
Seat 8: cf0514d6 (5,644 in chips)
83c8d34: posts the ante 25
35c105e6: posts the ante 25
Hero: posts the ante 25
58d35543: posts the ante 25
cf0514d6: posts the ante 25
6e2e8ff8: posts the ante 25
173e76cb: posts the ante 25
27a4dbd4: posts the ante 25
173e76cb: posts small blind 100
27a4dbd4: posts big blind 200
*** HOLE CARDS ***
Dealt to 58d35543 
Dealt to 83c8d34 
Dealt to 173e76cb 
Dealt to 27a4dbd4 
Dealt to Hero [2h 5h]
Dealt to 35c105e6 
Dealt to 6e2e8ff8 
Dealt to cf0514d6 
Hero: folds
35c105e6: raises 200 to 400
6e2e8ff8: folds
cf0514d6: folds
58d35543: raises 1,000 to 1,400
83c8d34: folds
173e76cb: folds
27a4dbd4: raises 3,261 to 4,661 and is all-in
35c105e6: folds
58d35543: calls 3,261
27a4dbd4: shows [As Qd]
58d35543: shows [Jh Js]
*** FLOP *** [6s 6c 2c]
*** TURN *** [6s 6c 2c] [5d]
*** RIVER *** [6s 6c 2c 5d] [Ac]
35c105e6: shows [Ad] (two pair, Aces and Sixes)
*** SHOWDOWN ***
27a4dbd4 collected 10,022 from pot
*** SUMMARY ***
Total pot 10,022 | Rake 0 | Jackpot 0 | Bingo 0 | Fortune 0 | Tax 0
Board [6s 6c 2c 5d Ac]
Seat 1: 58d35543 showed [Jh Js] and lost with two pair, Jacks and Sixes
Seat 2: 83c8d34 (button) folded before Flop
Seat 3: 173e76cb (small blind) folded before Flop
Seat 4: 27a4dbd4 (big blind) showed [As Qd] and won (10,022) with two pair, Aces and Sixes
Seat 5: Hero folded before Flop
Seat 6: 35c105e6 folded before Flop
Seat 7: 6e2e8ff8 folded before Flop
Seat 8: cf0514d6 folded before Flop


Poker Hand #TM5575669429: Tournament #262414785, APL Series: ¥66 Zodiac Bounty Special + Tiger Hold'em No Limit - Level4(75/150(18)) - 2026/02/11 18:16:44
Table '7' 8-max Seat #1 is the button
Seat 1: 58d35543 (8,264 in chips)
Seat 2: 83c8d34 (16,245 in chips)
Seat 3: 173e76cb (13,962 in chips)
Seat 4: 27a4dbd4 (4,704 in chips)
Seat 5: Hero (2,363 in chips)
Seat 6: 35c105e6 (26,806 in chips)
Seat 7: 6e2e8ff8 (12,875 in chips)
Seat 8: cf0514d6 (5,662 in chips)
83c8d34: posts the ante 18
35c105e6: posts the ante 18
Hero: posts the ante 18
58d35543: posts the ante 18
cf0514d6: posts the ante 18
6e2e8ff8: posts the ante 18
173e76cb: posts the ante 18
27a4dbd4: posts the ante 18
83c8d34: posts small blind 75
173e76cb: posts big blind 150
*** HOLE CARDS ***
Dealt to 58d35543 
Dealt to 83c8d34 
Dealt to 173e76cb 
Dealt to 27a4dbd4 
Dealt to Hero [Jh 5h]
Dealt to 35c105e6 
Dealt to 6e2e8ff8 
Dealt to cf0514d6 
27a4dbd4: folds
Hero: folds
35c105e6: folds
6e2e8ff8: folds
cf0514d6: folds
58d35543: folds
83c8d34: raises 375 to 525
173e76cb: folds
Uncalled bet (375) returned to 83c8d34
*** SHOWDOWN ***
83c8d34 collected 444 from pot
*** SUMMARY ***
Total pot 444 | Rake 0 | Jackpot 0 | Bingo 0 | Fortune 0 | Tax 0
Seat 1: 58d35543 (button) folded before Flop
Seat 2: 83c8d34 (small blind) collected (444)
Seat 3: 173e76cb (big blind) folded before Flop
Seat 4: 27a4dbd4 folded before Flop
Seat 5: Hero folded before Flop
Seat 6: 35c105e6 folded before Flop
Seat 7: 6e2e8ff8 folded before Flop
Seat 8: cf0514d6 folded before Flop


Poker Hand #TM5575669388: Tournament #262414785, APL Series: ¥66 Zodiac Bounty Special + Tiger Hold'em No Limit - Level4(75/150(18)) - 2026/02/11 18:15:34
Table '7' 8-max Seat #8 is the button
Seat 1: 58d35543 (8,357 in chips)
Seat 2: 83c8d34 (7,731 in chips)
Seat 3: 173e76cb (13,980 in chips)
Seat 4: 27a4dbd4 (4,722 in chips)
Seat 5: Hero (10,094 in chips)
Seat 6: 35c105e6 (27,124 in chips)
Seat 7: 6e2e8ff8 (12,893 in chips)
Seat 8: cf0514d6 (5,980 in chips)
83c8d34: posts the ante 18
35c105e6: posts the ante 18
Hero: posts the ante 18
58d35543: posts the ante 18
cf0514d6: posts the ante 18
6e2e8ff8: posts the ante 18
173e76cb: posts the ante 18
27a4dbd4: posts the ante 18
58d35543: posts small blind 75
83c8d34: posts big blind 150
*** HOLE CARDS ***
Dealt to 58d35543 
Dealt to 83c8d34 
Dealt to 173e76cb 
Dealt to 27a4dbd4 
Dealt to Hero [5d 5c]
Dealt to 35c105e6 
Dealt to 6e2e8ff8 
Dealt to cf0514d6 
173e76cb: folds
27a4dbd4: folds
Hero: raises 150 to 300
35c105e6: calls 300
6e2e8ff8: folds
cf0514d6: calls 300
58d35543: folds
83c8d34: raises 7,413 to 7,713 and is all-in
Hero: raises 2,363 to 10,076 and is all-in
35c105e6: folds
cf0514d6: folds
Uncalled bet (2,363) returned to Hero
Hero: shows [5d 5c]
83c8d34: shows [8d 8h]
*** FLOP *** [Ah Kh 4d]
*** TURN *** [Ah Kh 4d] [7c]
*** RIVER *** [Ah Kh 4d 7c] [9s]
35c105e6: shows [Td Qd] (Ace high)
*** SHOWDOWN ***
83c8d34 collected 16,245 from pot
*** SUMMARY ***
Total pot 16,245 | Rake 0 | Jackpot 0 | Bingo 0 | Fortune 0 | Tax 0
Board [Ah Kh 4d 7c 9s]
Seat 1: 58d35543 (small blind) folded before Flop
Seat 2: 83c8d34 (big blind) showed [8d 8h] and won (16,245) with a pair of Eights
Seat 3: 173e76cb folded before Flop
Seat 4: 27a4dbd4 folded before Flop
Seat 5: Hero showed [5d 5c] and lost with a pair of Fives
Seat 6: 35c105e6 folded before Flop
Seat 7: 6e2e8ff8 folded before Flop
Seat 8: cf0514d6 (button) folded before Flop


Poker Hand #TM5575669357: Tournament #262414785, APL Series: ¥66 Zodiac Bounty Special + Tiger Hold'em No Limit - Level4(75/150(18)) - 2026/02/11 18:14:33
Table '7' 8-max Seat #7 is the button
Seat 1: 58d35543 (8,081 in chips)
Seat 2: 83c8d34 (7,749 in chips)
Seat 3: 173e76cb (13,998 in chips)
Seat 4: 27a4dbd4 (4,740 in chips)
Seat 5: Hero (10,112 in chips)
Seat 6: 35c105e6 (27,142 in chips)
Seat 7: 6e2e8ff8 (12,911 in chips)
Seat 8: cf0514d6 (6,148 in chips)
83c8d34: posts the ante 18
35c105e6: posts the ante 18
Hero: posts the ante 18
58d35543: posts the ante 18
6e2e8ff8: posts the ante 18
173e76cb: posts the ante 18
cf0514d6: posts the ante 18
27a4dbd4: posts the ante 18
cf0514d6: posts small blind 75
58d35543: posts big blind 150
*** HOLE CARDS ***
Dealt to 58d35543 
Dealt to 83c8d34 
Dealt to 173e76cb 
Dealt to 27a4dbd4 
Dealt to Hero [3d 8s]
Dealt to 35c105e6 
Dealt to 6e2e8ff8 
Dealt to cf0514d6 
83c8d34: folds
173e76cb: folds
27a4dbd4: folds
Hero: folds
35c105e6: folds
6e2e8ff8: folds
cf0514d6: calls 75
58d35543: checks
*** FLOP *** [6d 6s 7d]
cf0514d6: checks
58d35543: bets 600
cf0514d6: folds
Uncalled bet (600) returned to 58d35543
*** SHOWDOWN ***
58d35543 collected 444 from pot
*** SUMMARY ***
Total pot 444 | Rake 0 | Jackpot 0 | Bingo 0 | Fortune 0 | Tax 0
Board [6d 6s 7d]
Seat 1: 58d35543 (big blind) won (444)
Seat 2: 83c8d34 folded before Flop
Seat 3: 173e76cb folded before Flop
Seat 4: 27a4dbd4 folded before Flop
Seat 5: Hero folded before Flop
Seat 6: 35c105e6 folded before Flop
Seat 7: 6e2e8ff8 (button) folded before Flop
Seat 8: cf0514d6 (small blind) folded on the Flop


Poker Hand #TM5575669337: Tournament #262414785, APL Series: ¥66 Zodiac Bounty Special + Tiger Hold'em No Limit - Level4(75/150(18)) - 2026/02/11 18:13:49
Table '7' 8-max Seat #6 is the button
Seat 1: 58d35543 (8,099 in chips)
Seat 2: 83c8d34 (8,067 in chips)
Seat 3: 173e76cb (14,016 in chips)
Seat 4: 27a4dbd4 (4,758 in chips)
Seat 5: Hero (10,130 in chips)
Seat 6: 35c105e6 (26,491 in chips)
Seat 7: 6e2e8ff8 (13,004 in chips)
Seat 8: cf0514d6 (6,316 in chips)
83c8d34: posts the ante 18
35c105e6: posts the ante 18
Hero: posts the ante 18
58d35543: posts the ante 18
173e76cb: posts the ante 18
cf0514d6: posts the ante 18
6e2e8ff8: posts the ante 18
27a4dbd4: posts the ante 18
6e2e8ff8: posts small blind 75
cf0514d6: posts big blind 150
*** HOLE CARDS ***
Dealt to 58d35543 
Dealt to 83c8d34 
Dealt to 173e76cb 
Dealt to 27a4dbd4 
Dealt to Hero [6s 3s]
Dealt to 35c105e6 
Dealt to 6e2e8ff8 
Dealt to cf0514d6 
58d35543: folds
83c8d34: raises 150 to 300
173e76cb: folds
27a4dbd4: folds
Hero: folds
35c105e6: raises 727 to 1,027
6e2e8ff8: folds
cf0514d6: folds
83c8d34: folds
Uncalled bet (727) returned to 35c105e6
*** SHOWDOWN ***
35c105e6 collected 969 from pot
*** SUMMARY ***
Total pot 969 | Rake 0 | Jackpot 0 | Bingo 0 | Fortune 0 | Tax 0
Seat 1: 58d35543 folded before Flop
Seat 2: 83c8d34 folded before Flop
Seat 3: 173e76cb folded before Flop
Seat 4: 27a4dbd4 folded before Flop
Seat 5: Hero folded before Flop
Seat 6: 35c105e6 (button) collected (969)
Seat 7: 6e2e8ff8 (small blind) folded before Flop
Seat 8: cf0514d6 (big blind) folded before Flop


Poker Hand #TM5575669287: Tournament #262414785, APL Series: ¥66 Zodiac Bounty Special + Tiger Hold'em No Limit - Level4(75/150(18)) - 2026/02/11 18:12:07
Table '7' 8-max Seat #5 is the button
Seat 1: 58d35543 (8,117 in chips)
Seat 2: 83c8d34 (11,106 in chips)
Seat 3: 173e76cb (14,034 in chips)
Seat 4: 27a4dbd4 (4,776 in chips)
Seat 5: Hero (10,148 in chips)
Seat 6: 35c105e6 (26,584 in chips)
Seat 7: 6e2e8ff8 (9,782 in chips)
Seat 8: cf0514d6 (6,334 in chips)
83c8d34: posts the ante 18
35c105e6: posts the ante 18
Hero: posts the ante 18
58d35543: posts the ante 18
173e76cb: posts the ante 18
cf0514d6: posts the ante 18
6e2e8ff8: posts the ante 18
27a4dbd4: posts the ante 18
35c105e6: posts small blind 75
6e2e8ff8: posts big blind 150
*** HOLE CARDS ***
Dealt to 58d35543 
Dealt to 83c8d34 
Dealt to 173e76cb 
Dealt to 27a4dbd4 
Dealt to Hero [8c As]
Dealt to 35c105e6 
Dealt to 6e2e8ff8 
Dealt to cf0514d6 
cf0514d6: folds
58d35543: folds
83c8d34: raises 150 to 300
173e76cb: folds
27a4dbd4: folds
Hero: folds
35c105e6: folds
6e2e8ff8: calls 150
*** FLOP *** [3d Tc 6d]
6e2e8ff8: checks
83c8d34: bets 375
6e2e8ff8: raises 593 to 968
83c8d34: calls 593
*** TURN *** [3d Tc 6d] [5s]
6e2e8ff8: bets 1,753
83c8d34: calls 1,753
*** RIVER *** [3d Tc 6d 5s] [8s]
6e2e8ff8: bets 4,696
83c8d34: folds
Uncalled bet (4,696) returned to 6e2e8ff8
*** SHOWDOWN ***
6e2e8ff8 collected 6,261 from pot
*** SUMMARY ***
Total pot 6,261 | Rake 0 | Jackpot 0 | Bingo 0 | Fortune 0 | Tax 0
Board [3d Tc 6d 5s 8s]
Seat 1: 58d35543 folded before Flop
Seat 2: 83c8d34 folded on the River
Seat 3: 173e76cb folded before Flop
Seat 4: 27a4dbd4 folded before Flop
Seat 5: Hero (button) folded before Flop
Seat 6: 35c105e6 (small blind) folded before Flop
Seat 7: 6e2e8ff8 (big blind) won (6,261)
Seat 8: cf0514d6 folded before Flop


Poker Hand #TM5575669255: Tournament #262414785, APL Series: ¥66 Zodiac Bounty Special + Tiger Hold'em No Limit - Level4(75/150(18)) - 2026/02/11 18:11:02
Table '7' 8-max Seat #4 is the button
Seat 1: 58d35543 (8,135 in chips)
Seat 2: 83c8d34 (11,124 in chips)
Seat 3: 173e76cb (14,052 in chips)
Seat 4: 27a4dbd4 (5,094 in chips)
Seat 5: Hero (10,241 in chips)
Seat 6: 35c105e6 (25,783 in chips)
Seat 7: 6e2e8ff8 (10,100 in chips)
Seat 8: cf0514d6 (6,352 in chips)
83c8d34: posts the ante 18
35c105e6: posts the ante 18
Hero: posts the ante 18
58d35543: posts the ante 18
173e76cb: posts the ante 18
cf0514d6: posts the ante 18
6e2e8ff8: posts the ante 18
27a4dbd4: posts the ante 18
Hero: posts small blind 75
35c105e6: posts big blind 150
*** HOLE CARDS ***
Dealt to 58d35543 
Dealt to 83c8d34 
Dealt to 173e76cb 
Dealt to 27a4dbd4 
Dealt to Hero [Ah 3s]
Dealt to 35c105e6 
Dealt to 6e2e8ff8 
Dealt to cf0514d6 
6e2e8ff8: raises 150 to 300
cf0514d6: folds
58d35543: folds
83c8d34: folds
173e76cb: folds
27a4dbd4: calls 300
Hero: folds
35c105e6: calls 150
*** FLOP *** [5c 4c Tc]
35c105e6: checks
6e2e8ff8: checks
27a4dbd4: checks
*** TURN *** [5c 4c Tc] [Kd]
35c105e6: checks
6e2e8ff8: checks
27a4dbd4: checks
*** RIVER *** [5c 4c Tc Kd] [Qs]
35c105e6: checks
6e2e8ff8: checks
27a4dbd4: checks
35c105e6: shows [Td 6d] (a pair of Tens)
6e2e8ff8: shows [2d 2c] (a pair of Twos)
27a4dbd4: shows [4d 8d] (a pair of Fours)
*** SHOWDOWN ***
35c105e6 collected 1,119 from pot
*** SUMMARY ***
Total pot 1,119 | Rake 0 | Jackpot 0 | Bingo 0 | Fortune 0 | Tax 0
Board [5c 4c Tc Kd Qs]
Seat 1: 58d35543 folded before Flop
Seat 2: 83c8d34 folded before Flop
Seat 3: 173e76cb folded before Flop
Seat 4: 27a4dbd4 (button) showed [4d 8d] and lost with a pair of Fours
Seat 5: Hero (small blind) folded before Flop
Seat 6: 35c105e6 (big blind) showed [Td 6d] and won (1,119) with a pair of Tens
Seat 7: 6e2e8ff8 showed [2d 2c] and lost with a pair of Twos
Seat 8: cf0514d6 folded before Flop


Poker Hand #TM5575669203: Tournament #262414785, APL Series: ¥66 Zodiac Bounty Special + Tiger Hold'em No Limit - Level4(75/150(18)) - 2026/02/11 18:09:26
Table '7' 8-max Seat #3 is the button
Seat 1: 58d35543 (11,228 in chips)
Seat 2: 83c8d34 (7,698 in chips)
Seat 3: 173e76cb (14,070 in chips)
Seat 4: 27a4dbd4 (5,187 in chips)
Seat 5: Hero (10,409 in chips)
Seat 6: 35c105e6 (25,801 in chips)
Seat 7: 6e2e8ff8 (10,118 in chips)
Seat 8: cf0514d6 (6,370 in chips)
83c8d34: posts the ante 18
35c105e6: posts the ante 18
Hero: posts the ante 18
58d35543: posts the ante 18
173e76cb: posts the ante 18
cf0514d6: posts the ante 18
6e2e8ff8: posts the ante 18
27a4dbd4: posts the ante 18
27a4dbd4: posts small blind 75
Hero: posts big blind 150
*** HOLE CARDS ***
Dealt to 58d35543 
Dealt to 83c8d34 
Dealt to 173e76cb 
Dealt to 27a4dbd4 
Dealt to Hero [4s Jh]
Dealt to 35c105e6 
Dealt to 6e2e8ff8 
Dealt to cf0514d6 
35c105e6: folds
6e2e8ff8: folds
cf0514d6: folds
58d35543: raises 150 to 300
83c8d34: raises 600 to 900
173e76cb: folds
27a4dbd4: folds
Hero: folds
58d35543: calls 600
*** FLOP *** [2h 6d 4c]
58d35543: bets 750
83c8d34: raises 1,425 to 2,175
58d35543: calls 1,425
*** TURN *** [2h 6d 4c] [Qs]
58d35543: checks
83c8d34: bets 1,630
58d35543: folds
Uncalled bet (1,630) returned to 83c8d34
*** SHOWDOWN ***
83c8d34 collected 6,519 from pot
*** SUMMARY ***
Total pot 6,519 | Rake 0 | Jackpot 0 | Bingo 0 | Fortune 0 | Tax 0
Board [2h 6d 4c Qs]
Seat 1: 58d35543 folded on the Turn
Seat 2: 83c8d34 won (6,519)
Seat 3: 173e76cb (button) folded before Flop
Seat 4: 27a4dbd4 (small blind) folded before Flop
Seat 5: Hero (big blind) folded before Flop
Seat 6: 35c105e6 folded before Flop
Seat 7: 6e2e8ff8 folded before Flop
Seat 8: cf0514d6 folded before Flop


Poker Hand #TM5575669156: Tournament #262414785, APL Series: ¥66 Zodiac Bounty Special + Tiger Hold'em No Limit - Level4(75/150(18)) - 2026/02/11 18:07:59
Table '7' 8-max Seat #2 is the button
Seat 1: 58d35543 (11,246 in chips)
Seat 2: 83c8d34 (8,016 in chips)
Seat 3: 173e76cb (14,163 in chips)
Seat 4: 27a4dbd4 (10,000 in chips)
Seat 5: Hero (4,813 in chips)
Seat 6: 35c105e6 (26,119 in chips)
Seat 7: 6e2e8ff8 (10,136 in chips)
Seat 8: cf0514d6 (6,388 in chips)
83c8d34: posts the ante 18
35c105e6: posts the ante 18
Hero: posts the ante 18
58d35543: posts the ante 18
cf0514d6: posts the ante 18
6e2e8ff8: posts the ante 18
173e76cb: posts the ante 18
27a4dbd4: posts the ante 18
173e76cb: posts small blind 75
27a4dbd4: posts big blind 150
*** HOLE CARDS ***
Dealt to 58d35543 
Dealt to 83c8d34 
Dealt to 173e76cb 
Dealt to 27a4dbd4 
Dealt to Hero [8h 8d]
Dealt to 35c105e6 
Dealt to 6e2e8ff8 
Dealt to cf0514d6 
Hero: raises 150 to 300
35c105e6: calls 300
6e2e8ff8: folds
cf0514d6: folds
58d35543: folds
83c8d34: calls 300
173e76cb: folds
27a4dbd4: raises 1,950 to 2,250
Hero: raises 2,545 to 4,795 and is all-in
35c105e6: folds
83c8d34: folds
27a4dbd4: calls 2,545
Hero: shows [8h 8d]
27a4dbd4: shows [Ad Jd]
*** FLOP *** [4s 6c 2c]
*** TURN *** [4s 6c 2c] [9c]
*** RIVER *** [4s 6c 2c 9c] [9s]
58d35543: shows [9h] (three of a kind, Nines)
*** SHOWDOWN ***
Hero collected 10,409 from pot
*** SUMMARY ***
Total pot 10,409 | Rake 0 | Jackpot 0 | Bingo 0 | Fortune 0 | Tax 0
Board [4s 6c 2c 9c 9s]
Seat 1: 58d35543 folded before Flop
Seat 2: 83c8d34 (button) folded before Flop
Seat 3: 173e76cb (small blind) folded before Flop
Seat 4: 27a4dbd4 (big blind) showed [Ad Jd] and lost with a pair of Nines
Seat 5: Hero showed [8h 8d] and won (10,409) with two pair, Nines and Eights
Seat 6: 35c105e6 folded before Flop
Seat 7: 6e2e8ff8 folded before Flop
Seat 8: cf0514d6 folded before Flop


Poker Hand #TM5575669116: Tournament #262414785, APL Series: ¥66 Zodiac Bounty Special + Tiger Hold'em No Limit - Level3(50/100(12)) - 2026/02/11 18:06:40
Table '7' 8-max Seat #1 is the button
Seat 1: 58d35543 (11,258 in chips)
Seat 2: 83c8d34 (8,078 in chips)
Seat 3: 173e76cb (10,441 in chips)
Seat 5: Hero (4,825 in chips)
Seat 6: 35c105e6 (26,131 in chips)
Seat 7: 6e2e8ff8 (10,148 in chips)
Seat 8: cf0514d6 (10,000 in chips)
83c8d34: posts the ante 12
35c105e6: posts the ante 12
Hero: posts the ante 12
58d35543: posts the ante 12
cf0514d6: posts the ante 12
6e2e8ff8: posts the ante 12
173e76cb: posts the ante 12
83c8d34: posts small blind 50
173e76cb: posts big blind 100
*** HOLE CARDS ***
Dealt to 58d35543 
Dealt to 83c8d34 
Dealt to 173e76cb 
Dealt to Hero [4c 8h]
Dealt to 35c105e6 
Dealt to 6e2e8ff8 
Dealt to cf0514d6 
Hero: folds
35c105e6: folds
6e2e8ff8: folds
cf0514d6: raises 100 to 200
58d35543: folds
83c8d34: folds
173e76cb: calls 100
*** FLOP *** [4d 5h Qc]
173e76cb: checks
cf0514d6: bets 300
173e76cb: calls 300
*** TURN *** [4d 5h Qc] [9c]
173e76cb: checks
cf0514d6: checks
*** RIVER *** [4d 5h Qc 9c] [Kc]
173e76cb: bets 851
cf0514d6: raises 2,249 to 3,100
173e76cb: calls 2,249
cf0514d6: shows [Td Ah] (Ace high)
173e76cb: shows [7c 6c] (a flush King high)
*** SHOWDOWN ***
173e76cb collected 7,334 from pot
*** SUMMARY ***
Total pot 7,334 | Rake 0 | Jackpot 0 | Bingo 0 | Fortune 0 | Tax 0
Board [4d 5h Qc 9c Kc]
Seat 1: 58d35543 (button) folded before Flop
Seat 2: 83c8d34 (small blind) folded before Flop
Seat 3: 173e76cb (big blind) showed [7c 6c] and won (7,334) with a flush King high
Seat 5: Hero folded before Flop
Seat 6: 35c105e6 folded before Flop
Seat 7: 6e2e8ff8 folded before Flop
Seat 8: cf0514d6 showed [Td Ah] and lost with Ace high


Poker Hand #TM5574919062: Tournament #262414785, APL Series: ¥66 Zodiac Bounty Special + Tiger Hold'em No Limit - Level3(50/100(12)) - 2026/02/11 18:04:50
Table '7' 8-max Seat #7 is the button
Seat 1: 58d35543 (11,320 in chips)
Seat 2: 83c8d34 (8,190 in chips)
Seat 3: 173e76cb (10,453 in chips)
Seat 4: 9a349135 (19,099 in chips)
Seat 5: Hero (9,988 in chips)
Seat 6: 35c105e6 (20,758 in chips)
Seat 7: 6e2e8ff8 (10,160 in chips)
83c8d34: posts the ante 12
35c105e6: posts the ante 12
Hero: posts the ante 12
9a349135: posts the ante 12
58d35543: posts the ante 12
6e2e8ff8: posts the ante 12
173e76cb: posts the ante 12
58d35543: posts small blind 50
83c8d34: posts big blind 100
*** HOLE CARDS ***
Dealt to 58d35543 
Dealt to 83c8d34 
Dealt to 173e76cb 
Dealt to 9a349135 
Dealt to Hero [4c 5c]
Dealt to 35c105e6 
Dealt to 6e2e8ff8 
173e76cb: folds
9a349135: folds
Hero: raises 100 to 200
35c105e6: raises 476 to 676
6e2e8ff8: folds
58d35543: folds
83c8d34: folds
Hero: calls 476
*** FLOP *** [8h 6h 5s]
Hero: checks
35c105e6: bets 524
Hero: calls 524
*** TURN *** [8h 6h 5s] [7h]
Hero: checks
35c105e6: bets 1,317
Hero: calls 1,317
*** RIVER *** [8h 6h 5s 7h] [Jh]
Hero: checks
35c105e6: bets 2,634
Hero: calls 2,634
35c105e6: shows [Qc Ah] (a flush Ace high)
Hero: shows [4c 5c] (a straight, Eight to Four)
*** SHOWDOWN ***
35c105e6 collected 10,536 from pot
*** SUMMARY ***
Total pot 10,536 | Rake 0 | Jackpot 0 | Bingo 0 | Fortune 0 | Tax 0
Board [8h 6h 5s 7h Jh]
Seat 1: 58d35543 (small blind) folded before Flop
Seat 2: 83c8d34 (big blind) folded before Flop
Seat 3: 173e76cb folded before Flop
Seat 4: 9a349135 folded before Flop
Seat 5: Hero showed [4c 5c] and lost with a straight, Eight to Four
Seat 6: 35c105e6 showed [Qc Ah] and won (10,536) with a flush Ace high
Seat 7: 6e2e8ff8 (button) folded before Flop


Poker Hand #TM5574919044: Tournament #262414785, APL Series: ¥66 Zodiac Bounty Special + Tiger Hold'em No Limit - Level3(50/100(12)) - 2026/02/11 18:04:13
Table '7' 8-max Seat #6 is the button
Seat 1: 58d35543 (11,432 in chips)
Seat 2: 83c8d34 (8,402 in chips)
Seat 3: 173e76cb (10,465 in chips)
Seat 4: 9a349135 (19,111 in chips)
Seat 5: Hero (10,000 in chips)
Seat 6: 35c105e6 (20,770 in chips)
Seat 7: 6e2e8ff8 (9,788 in chips)
83c8d34: posts the ante 12
35c105e6: posts the ante 12
Hero: posts the ante 12
9a349135: posts the ante 12
58d35543: posts the ante 12
173e76cb: posts the ante 12
6e2e8ff8: posts the ante 12
6e2e8ff8: posts small blind 50
58d35543: posts big blind 100
*** HOLE CARDS ***
Dealt to 58d35543 
Dealt to 83c8d34 
Dealt to 173e76cb 
Dealt to 9a349135 
Dealt to Hero [Qh 9s]
Dealt to 35c105e6 
Dealt to 6e2e8ff8 
83c8d34: raises 100 to 200
173e76cb: folds
9a349135: folds
Hero: folds
35c105e6: folds
6e2e8ff8: raises 638 to 838
58d35543: folds
83c8d34: folds
Uncalled bet (638) returned to 6e2e8ff8
*** SHOWDOWN ***
6e2e8ff8 collected 584 from pot
*** SUMMARY ***
Total pot 584 | Rake 0 | Jackpot 0 | Bingo 0 | Fortune 0 | Tax 0
Seat 1: 58d35543 (big blind) folded before Flop
Seat 2: 83c8d34 folded before Flop
Seat 3: 173e76cb folded before Flop
Seat 4: 9a349135 folded before Flop
Seat 5: Hero folded before Flop
Seat 6: 35c105e6 (button) folded before Flop
Seat 7: 6e2e8ff8 (small blind) collected (584)


