Poker Hand #TM5553401276: Tournament #261439744, Bounty Hunters Mini Big Game $10.80 Hold'em No Limit - Level9(2,000/4,000(600)) - 2026/02/06 13:24:54
Table '36' 8-max Seat #7 is the button
Seat 1: cd9d734f (80,827 in chips)
Seat 2: Hero (105,848 in chips)
Seat 3: 1feacc99 (86,305 in chips)
Seat 4: 13bf2378 (360,640 in chips)
Seat 5: 98127598 (109,452 in chips)
Seat 6: 93726f5 (100,000 in chips)
Seat 7: 70d31f54 (491,122 in chips)
Seat 8: 78408165 (399,040 in chips)
Hero: posts the ante 600
93726f5: posts the ante 600
13bf2378: posts the ante 600
70d31f54: posts the ante 600
98127598: posts the ante 600
cd9d734f: posts the ante 600
1feacc99: posts the ante 600
78408165: posts the ante 600
78408165: posts small blind 2,000
cd9d734f: posts big blind 4,000
*** HOLE CARDS ***
Dealt to cd9d734f 
Dealt to Hero [Ah As]
Dealt to 1feacc99 
Dealt to 13bf2378 
Dealt to 98127598 
Dealt to 93726f5 
Dealt to 70d31f54 
Dealt to 78408165 
Hero: raises 4,000 to 8,000
1feacc99: folds
13bf2378: calls 8,000
98127598: folds
93726f5: folds
70d31f54: calls 8,000
78408165: calls 6,000
cd9d734f: folds
*** FLOP *** [Jh 8h 4d]
78408165: checks
Hero: bets 20,400
13bf2378: folds
70d31f54: calls 20,400
78408165: folds
*** TURN *** [Jh 8h 4d] [4h]
Hero: bets 76,848 and is all-in
70d31f54: calls 76,848
Hero: shows [Ah As] (two pair, Aces and Fours)
70d31f54: shows [8s 8d] (a full house, Eights full of Fours)
*** RIVER *** [Jh 8h 4d 4h] [Qc]
*** SHOWDOWN ***
70d31f54 collected 235,296 from pot
*** SUMMARY ***
Total pot 235,296 | Rake 0 | Jackpot 0 | Bingo 0 | Fortune 0 | Tax 0
Board [Jh 8h 4d 4h Qc]
Seat 1: cd9d734f (big blind) folded before Flop
Seat 2: Hero showed [Ah As] and lost with two pair, Aces and Fours
Seat 3: 1feacc99 folded before Flop
Seat 4: 13bf2378 folded on the Flop
Seat 5: 98127598 folded before Flop
Seat 6: 93726f5 folded before Flop
Seat 7: 70d31f54 (button) showed [8s 8d] and won (235,296) with a full house, Eights full of Fours
Seat 8: 78408165 (small blind) folded on the Flop


Poker Hand #TM5553401272: Tournament #261439744, Bounty Hunters Mini Big Game $10.80 Hold'em No Limit - Level9(2,000/4,000(600)) - 2026/02/06 13:24:42
Table '36' 8-max Seat #5 is the button
Seat 1: cd9d734f (81,427 in chips)
Seat 2: Hero (106,448 in chips)
Seat 3: 1feacc99 (86,905 in chips)
Seat 4: 13bf2378 (361,240 in chips)
Seat 5: 98127598 (110,052 in chips)
Seat 7: 70d31f54 (493,722 in chips)
Seat 8: 78408165 (393,440 in chips)
Hero: posts the ante 600
13bf2378: posts the ante 600
70d31f54: posts the ante 600
98127598: posts the ante 600
cd9d734f: posts the ante 600
1feacc99: posts the ante 600
78408165: posts the ante 600
70d31f54: posts small blind 2,000
78408165: posts big blind 4,000
*** HOLE CARDS ***
Dealt to cd9d734f 
Dealt to Hero [6h 2c]
Dealt to 1feacc99 
Dealt to 13bf2378 
Dealt to 98127598 
Dealt to 70d31f54 
Dealt to 78408165 
cd9d734f: folds
Hero: folds
1feacc99: folds
13bf2378: folds
98127598: folds
70d31f54: folds
Uncalled bet (2,000) returned to 78408165
*** SHOWDOWN ***
78408165 collected 8,200 from pot
*** SUMMARY ***
Total pot 8,200 | Rake 0 | Jackpot 0 | Bingo 0 | Fortune 0 | Tax 0
Seat 1: cd9d734f folded before Flop
Seat 2: Hero folded before Flop
Seat 3: 1feacc99 folded before Flop
Seat 4: 13bf2378 folded before Flop
Seat 5: 98127598 (button) folded before Flop
Seat 7: 70d31f54 (small blind) folded before Flop
Seat 8: 78408165 (big blind) collected (8,200)


Poker Hand #TM5553401256: Tournament #261439744, Bounty Hunters Mini Big Game $10.80 Hold'em No Limit - Level9(2,000/4,000(600)) - 2026/02/06 13:24:05
Table '36' 8-max Seat #4 is the button
Seat 1: cd9d734f (82,027 in chips)
Seat 2: Hero (49,724 in chips)
Seat 3: 1feacc99 (87,505 in chips)
Seat 4: 13bf2378 (361,840 in chips)
Seat 5: 98127598 (159,776 in chips)
Seat 7: 70d31f54 (498,322 in chips)
Seat 8: 78408165 (394,040 in chips)
Hero: posts the ante 600
13bf2378: posts the ante 600
70d31f54: posts the ante 600
98127598: posts the ante 600
cd9d734f: posts the ante 600
1feacc99: posts the ante 600
78408165: posts the ante 600
98127598: posts small blind 2,000
70d31f54: posts big blind 4,000
*** HOLE CARDS ***
Dealt to cd9d734f 
Dealt to Hero [Kh 7h]
Dealt to 1feacc99 
Dealt to 13bf2378 
Dealt to 98127598 
Dealt to 70d31f54 
Dealt to 78408165 
78408165: folds
cd9d734f: folds
Hero: raises 45,124 to 49,124 and is all-in
1feacc99: folds
13bf2378: folds
98127598: raises 110,052 to 159,176 and is all-in
70d31f54: folds
Uncalled bet (110,052) returned to 98127598
98127598: shows [8s 8c]
Hero: shows [Kh 7h]
*** FLOP *** [9c 8d Th]
*** TURN *** [9c 8d Th] [5c]
*** RIVER *** [9c 8d Th 5c] [Jh]
*** SHOWDOWN ***
Hero collected 106,448 from pot
*** SUMMARY ***
Total pot 106,448 | Rake 0 | Jackpot 0 | Bingo 0 | Fortune 0 | Tax 0
Board [9c 8d Th 5c Jh]
Seat 1: cd9d734f folded before Flop
Seat 2: Hero showed [Kh 7h] and won (106,448) with a straight, Jack to Seven
Seat 3: 1feacc99 folded before Flop
Seat 4: 13bf2378 (button) folded before Flop
Seat 5: 98127598 (small blind) showed [8s 8c] and lost with three of a kind, Eights
Seat 7: 70d31f54 (big blind) folded before Flop
Seat 8: 78408165 folded before Flop


Poker Hand #TM5553401242: Tournament #261439744, Bounty Hunters Mini Big Game $10.80 Hold'em No Limit - Level9(2,000/4,000(600)) - 2026/02/06 13:23:20
Table '36' 8-max Seat #3 is the button
Seat 1: cd9d734f (82,627 in chips)
Seat 2: Hero (127,112 in chips)
Seat 3: 1feacc99 (88,105 in chips)
Seat 4: 13bf2378 (364,440 in chips)
Seat 5: 98127598 (77,388 in chips)
Seat 7: 70d31f54 (498,922 in chips)
Seat 8: 78408165 (394,640 in chips)
Hero: posts the ante 600
13bf2378: posts the ante 600
70d31f54: posts the ante 600
98127598: posts the ante 600
cd9d734f: posts the ante 600
1feacc99: posts the ante 600
78408165: posts the ante 600
13bf2378: posts small blind 2,000
98127598: posts big blind 4,000
*** HOLE CARDS ***
Dealt to cd9d734f 
Dealt to Hero [As 5c]
Dealt to 1feacc99 
Dealt to 13bf2378 
Dealt to 98127598 
Dealt to 70d31f54 
Dealt to 78408165 
70d31f54: folds
78408165: folds
cd9d734f: folds
Hero: raises 4,000 to 8,000
1feacc99: folds
13bf2378: folds
98127598: raises 68,788 to 76,788 and is all-in
Hero: calls 68,788
98127598: shows [4d 4h]
Hero: shows [As 5c]
*** FLOP *** [Th Ah Kh]
*** TURN *** [Th Ah Kh] [2c]
*** RIVER *** [Th Ah Kh 2c] [Jh]
*** SHOWDOWN ***
98127598 collected 159,776 from pot
*** SUMMARY ***
Total pot 159,776 | Rake 0 | Jackpot 0 | Bingo 0 | Fortune 0 | Tax 0
Board [Th Ah Kh 2c Jh]
Seat 1: cd9d734f folded before Flop
Seat 2: Hero showed [As 5c] and lost with a pair of Aces
Seat 3: 1feacc99 (button) folded before Flop
Seat 4: 13bf2378 (small blind) folded before Flop
Seat 5: 98127598 (big blind) showed [4d 4h] and won (159,776) with a flush Ace high
Seat 7: 70d31f54 folded before Flop
Seat 8: 78408165 folded before Flop


Poker Hand #TM5553401216: Tournament #261439744, Bounty Hunters Mini Big Game $10.80 Hold'em No Limit - Level8(1,500/3,000(450)) - 2026/02/06 13:22:19
Table '36' 8-max Seat #2 is the button
Seat 1: cd9d734f (83,077 in chips)
Seat 2: Hero (127,562 in chips)
Seat 3: 1feacc99 (90,055 in chips)
Seat 4: 13bf2378 (243,590 in chips)
Seat 5: 98127598 (83,838 in chips)
Seat 6: d14a8063 (110,650 in chips)
Seat 7: 70d31f54 (499,372 in chips)
Seat 8: 78408165 (395,090 in chips)
Hero: posts the ante 450
13bf2378: posts the ante 450
70d31f54: posts the ante 450
98127598: posts the ante 450
cd9d734f: posts the ante 450
d14a8063: posts the ante 450
1feacc99: posts the ante 450
78408165: posts the ante 450
1feacc99: posts small blind 1,500
13bf2378: posts big blind 3,000
*** HOLE CARDS ***
Dealt to cd9d734f 
Dealt to Hero [4d Ts]
Dealt to 1feacc99 
Dealt to 13bf2378 
Dealt to 98127598 
Dealt to d14a8063 
Dealt to 70d31f54 
Dealt to 78408165 
98127598: raises 3,000 to 6,000
d14a8063: raises 104,200 to 110,200 and is all-in
70d31f54: folds
78408165: folds
cd9d734f: folds
Hero: folds
1feacc99: folds
13bf2378: calls 107,200
98127598: folds
d14a8063: shows [Kh 9c]
13bf2378: shows [2c Ac]
*** FLOP *** [4s Jd 3h]
*** TURN *** [4s Jd 3h] [3d]
*** RIVER *** [4s Jd 3h 3d] [Ad]
*** SHOWDOWN ***
13bf2378 collected 231,500 from pot
*** SUMMARY ***
Total pot 231,500 | Rake 0 | Jackpot 0 | Bingo 0 | Fortune 0 | Tax 0
Board [4s Jd 3h 3d Ad]
Seat 1: cd9d734f folded before Flop
Seat 2: Hero (button) folded before Flop
Seat 3: 1feacc99 (small blind) folded before Flop
Seat 4: 13bf2378 (big blind) showed [2c Ac] and won (231,500) with two pair, Aces and Threes
Seat 5: 98127598 folded before Flop
Seat 6: d14a8063 showed [Kh 9c] and lost with a pair of Threes
Seat 7: 70d31f54 folded before Flop
Seat 8: 78408165 folded before Flop


Poker Hand #TM5553401204: Tournament #261439744, Bounty Hunters Mini Big Game $10.80 Hold'em No Limit - Level8(1,500/3,000(450)) - 2026/02/06 13:21:50
Table '36' 8-max Seat #1 is the button
Seat 1: cd9d734f (83,527 in chips)
Seat 2: Hero (129,512 in chips)
Seat 3: 1feacc99 (93,505 in chips)
Seat 4: 13bf2378 (247,040 in chips)
Seat 5: 98127598 (84,288 in chips)
Seat 6: d14a8063 (100,000 in chips)
Seat 7: 70d31f54 (499,822 in chips)
Seat 8: 78408165 (395,540 in chips)
Hero: posts the ante 450
13bf2378: posts the ante 450
70d31f54: posts the ante 450
98127598: posts the ante 450
cd9d734f: posts the ante 450
d14a8063: posts the ante 450
1feacc99: posts the ante 450
78408165: posts the ante 450
Hero: posts small blind 1,500
1feacc99: posts big blind 3,000
*** HOLE CARDS ***
Dealt to cd9d734f 
Dealt to Hero [2d Qd]
Dealt to 1feacc99 
Dealt to 13bf2378 
Dealt to 98127598 
Dealt to d14a8063 
Dealt to 70d31f54 
Dealt to 78408165 
13bf2378: calls 3,000
98127598: folds
d14a8063: raises 96,550 to 99,550 and is all-in
70d31f54: folds
78408165: folds
cd9d734f: folds
Hero: folds
1feacc99: folds
13bf2378: folds
Uncalled bet (96,550) returned to d14a8063
*** SHOWDOWN ***
d14a8063 collected 14,100 from pot
*** SUMMARY ***
Total pot 14,100 | Rake 0 | Jackpot 0 | Bingo 0 | Fortune 0 | Tax 0
Seat 1: cd9d734f (button) folded before Flop
Seat 2: Hero (small blind) folded before Flop
Seat 3: 1feacc99 (big blind) folded before Flop
Seat 4: 13bf2378 folded before Flop
Seat 5: 98127598 folded before Flop
Seat 6: d14a8063 collected (14,100)
Seat 7: 70d31f54 folded before Flop
Seat 8: 78408165 folded before Flop


Poker Hand #TM5553401164: Tournament #261439744, Bounty Hunters Mini Big Game $10.80 Hold'em No Limit - Level8(1,500/3,000(450)) - 2026/02/06 13:20:00
Table '36' 8-max Seat #8 is the button
Seat 1: cd9d734f (85,477 in chips)
Seat 2: Hero (144,962 in chips)
Seat 3: 1feacc99 (93,955 in chips)
Seat 4: 13bf2378 (262,490 in chips)
Seat 5: 98127598 (84,738 in chips)
Seat 6: 68b8403b (167,830 in chips)
Seat 7: 70d31f54 (500,272 in chips)
Seat 8: 78408165 (193,510 in chips)
Hero: posts the ante 450
13bf2378: posts the ante 450
70d31f54: posts the ante 450
98127598: posts the ante 450
cd9d734f: posts the ante 450
1feacc99: posts the ante 450
78408165: posts the ante 450
68b8403b: posts the ante 450
cd9d734f: posts small blind 1,500
Hero: posts big blind 3,000
*** HOLE CARDS ***
Dealt to cd9d734f 
Dealt to Hero [2d 2h]
Dealt to 1feacc99 
Dealt to 13bf2378 
Dealt to 98127598 
Dealt to 68b8403b 
Dealt to 70d31f54 
Dealt to 78408165 
1feacc99: folds
13bf2378: calls 3,000
98127598: folds
68b8403b: calls 3,000
70d31f54: folds
78408165: raises 12,000 to 15,000
cd9d734f: folds
Hero: calls 12,000
13bf2378: calls 12,000
68b8403b: raises 152,380 to 167,380 and is all-in
78408165: raises 25,680 to 193,060 and is all-in
Hero: folds
13bf2378: folds
Uncalled bet (25,680) returned to 78408165
78408165: shows [Kh Ac]
68b8403b: shows [Ad Jh]
*** FLOP *** [6d 4h 3d]
*** TURN *** [6d 4h 3d] [5c]
*** RIVER *** [6d 4h 3d 5c] [4d]
*** SHOWDOWN ***
78408165 collected 369,860 from pot
*** SUMMARY ***
Total pot 369,860 | Rake 0 | Jackpot 0 | Bingo 0 | Fortune 0 | Tax 0
Board [6d 4h 3d 5c 4d]
Seat 1: cd9d734f (small blind) folded before Flop
Seat 2: Hero (big blind) folded before Flop
Seat 3: 1feacc99 folded before Flop
Seat 4: 13bf2378 folded before Flop
Seat 5: 98127598 folded before Flop
Seat 6: 68b8403b showed [Ad Jh] and lost with a pair of Fours
Seat 7: 70d31f54 folded before Flop
Seat 8: 78408165 (button) showed [Kh Ac] and won (369,860) with a pair of Fours


Poker Hand #TM5553401131: Tournament #261439744, Bounty Hunters Mini Big Game $10.80 Hold'em No Limit - Level8(1,500/3,000(450)) - 2026/02/06 13:18:41
Table '36' 8-max Seat #7 is the button
Seat 1: cd9d734f (99,550 in chips)
Seat 2: Hero (145,412 in chips)
Seat 3: 1feacc99 (142,505 in chips)
Seat 4: 13bf2378 (196,117 in chips)
Seat 5: 98127598 (85,188 in chips)
Seat 6: 68b8403b (168,280 in chips)
Seat 7: 70d31f54 (500,722 in chips)
Seat 8: 78408165 (195,460 in chips)
Hero: posts the ante 450
13bf2378: posts the ante 450
70d31f54: posts the ante 450
98127598: posts the ante 450
cd9d734f: posts the ante 450
1feacc99: posts the ante 450
78408165: posts the ante 450
68b8403b: posts the ante 450
78408165: posts small blind 1,500
cd9d734f: posts big blind 3,000
*** HOLE CARDS ***
Dealt to cd9d734f 
Dealt to Hero [5s Ks]
Dealt to 1feacc99 
Dealt to 13bf2378 
Dealt to 98127598 
Dealt to 68b8403b 
Dealt to 70d31f54 
Dealt to 78408165 
Hero: folds
1feacc99: raises 3,000 to 6,000
13bf2378: calls 6,000
98127598: folds
68b8403b: folds
70d31f54: folds
78408165: folds
cd9d734f: calls 3,000
*** FLOP *** [3h 5h 4h]
cd9d734f: checks
1feacc99: bets 7,623
13bf2378: calls 7,623
cd9d734f: calls 7,623
*** TURN *** [3h 5h 4h] [8d]
cd9d734f: checks
1feacc99: bets 34,477
13bf2378: calls 34,477
cd9d734f: folds
*** RIVER *** [3h 5h 4h 8d] [Kd]
1feacc99: checks
13bf2378: bets 114,923
1feacc99: folds
Uncalled bet (114,923) returned to 13bf2378
*** SHOWDOWN ***
13bf2378 collected 114,923 from pot
*** SUMMARY ***
Total pot 114,923 | Rake 0 | Jackpot 0 | Bingo 0 | Fortune 0 | Tax 0
Board [3h 5h 4h 8d Kd]
Seat 1: cd9d734f (big blind) folded on the Turn
Seat 2: Hero folded before Flop
Seat 3: 1feacc99 folded on the River
Seat 4: 13bf2378 won (114,923)
Seat 5: 98127598 folded before Flop
Seat 6: 68b8403b folded before Flop
Seat 7: 70d31f54 (button) folded before Flop
Seat 8: 78408165 (small blind) folded before Flop


Poker Hand #TM5553401116: Tournament #261439744, Bounty Hunters Mini Big Game $10.80 Hold'em No Limit - Level8(1,500/3,000(450)) - 2026/02/06 13:17:53
Table '36' 8-max Seat #6 is the button
Seat 1: cd9d734f (100,000 in chips)
Seat 2: Hero (145,862 in chips)
Seat 3: 1feacc99 (142,955 in chips)
Seat 4: 13bf2378 (196,567 in chips)
Seat 5: 98127598 (85,638 in chips)
Seat 6: 68b8403b (192,730 in chips)
Seat 7: 70d31f54 (502,672 in chips)
Seat 8: 78408165 (166,810 in chips)
Hero: posts the ante 450
13bf2378: posts the ante 450
70d31f54: posts the ante 450
98127598: posts the ante 450
cd9d734f: posts the ante 450
1feacc99: posts the ante 450
78408165: posts the ante 450
68b8403b: posts the ante 450
70d31f54: posts small blind 1,500
78408165: posts big blind 3,000
*** HOLE CARDS ***
Dealt to cd9d734f 
Dealt to Hero [2s 6c]
Dealt to 1feacc99 
Dealt to 13bf2378 
Dealt to 98127598 
Dealt to 68b8403b 
Dealt to 70d31f54 
Dealt to 78408165 
cd9d734f: folds
Hero: folds
1feacc99: folds
13bf2378: folds
98127598: folds
68b8403b: raises 3,000 to 6,000
70d31f54: folds
78408165: raises 18,000 to 24,000
68b8403b: calls 18,000
*** FLOP *** [Jh Qs Js]
78408165: bets 17,523
68b8403b: folds
Uncalled bet (17,523) returned to 78408165
*** SHOWDOWN ***
78408165 collected 53,100 from pot
*** SUMMARY ***
Total pot 53,100 | Rake 0 | Jackpot 0 | Bingo 0 | Fortune 0 | Tax 0
Board [Jh Qs Js]
Seat 1: cd9d734f folded before Flop
Seat 2: Hero folded before Flop
Seat 3: 1feacc99 folded before Flop
Seat 4: 13bf2378 folded before Flop
Seat 5: 98127598 folded before Flop
Seat 6: 68b8403b (button) folded on the Flop
Seat 7: 70d31f54 (small blind) folded before Flop
Seat 8: 78408165 (big blind) won (53,100)


Poker Hand #TM5553401095: Tournament #261439744, Bounty Hunters Mini Big Game $10.80 Hold'em No Limit - Level8(1,500/3,000(450)) - 2026/02/06 13:16:55
Table '36' 8-max Seat #5 is the button
Seat 2: Hero (146,312 in chips)
Seat 3: 1feacc99 (143,405 in chips)
Seat 4: 13bf2378 (197,017 in chips)
Seat 5: 98127598 (86,088 in chips)
Seat 6: 68b8403b (179,530 in chips)
Seat 7: 70d31f54 (513,622 in chips)
Seat 8: 78408165 (167,260 in chips)
Hero: posts the ante 450
13bf2378: posts the ante 450
70d31f54: posts the ante 450
98127598: posts the ante 450
1feacc99: posts the ante 450
78408165: posts the ante 450
68b8403b: posts the ante 450
68b8403b: posts small blind 1,500
70d31f54: posts big blind 3,000
*** HOLE CARDS ***
Dealt to Hero [Ad 6c]
Dealt to 1feacc99 
Dealt to 13bf2378 
Dealt to 98127598 
Dealt to 68b8403b 
Dealt to 70d31f54 
Dealt to 78408165 
78408165: folds
Hero: folds
1feacc99: folds
13bf2378: folds
98127598: folds
68b8403b: raises 7,500 to 10,500
70d31f54: calls 7,500
*** FLOP *** [Th Qd 6s]
68b8403b: bets 25,500
70d31f54: folds
Uncalled bet (25,500) returned to 68b8403b
*** SHOWDOWN ***
68b8403b collected 24,150 from pot
*** SUMMARY ***
Total pot 24,150 | Rake 0 | Jackpot 0 | Bingo 0 | Fortune 0 | Tax 0
Board [Th Qd 6s]
Seat 2: Hero folded before Flop
Seat 3: 1feacc99 folded before Flop
Seat 4: 13bf2378 folded before Flop
Seat 5: 98127598 (button) folded before Flop
Seat 6: 68b8403b (small blind) won (24,150)
Seat 7: 70d31f54 (big blind) folded on the Flop
Seat 8: 78408165 folded before Flop


Poker Hand #TM5553401071: Tournament #261439744, Bounty Hunters Mini Big Game $10.80 Hold'em No Limit - Level8(1,500/3,000(450)) - 2026/02/06 13:15:49
Table '36' 8-max Seat #3 is the button
Seat 1: dce14dbb (73,355 in chips)
Seat 2: Hero (146,762 in chips)
Seat 3: 1feacc99 (143,855 in chips)
Seat 4: cad99ee7 (64,260 in chips)
Seat 5: 98127598 (89,538 in chips)
Seat 6: 68b8403b (179,980 in chips)
Seat 7: 70d31f54 (370,757 in chips)
Seat 8: 78408165 (167,710 in chips)
Hero: posts the ante 450
dce14dbb: posts the ante 450
70d31f54: posts the ante 450
98127598: posts the ante 450
cad99ee7: posts the ante 450
1feacc99: posts the ante 450
78408165: posts the ante 450
68b8403b: posts the ante 450
cad99ee7: posts small blind 1,500
98127598: posts big blind 3,000
*** HOLE CARDS ***
Dealt to dce14dbb 
Dealt to Hero [Th 2d]
Dealt to 1feacc99 
Dealt to cad99ee7 
Dealt to 98127598 
Dealt to 68b8403b 
Dealt to 70d31f54 
Dealt to 78408165 
68b8403b: folds
70d31f54: raises 3,600 to 6,600
78408165: folds
dce14dbb: calls 6,600
Hero: folds
1feacc99: folds
cad99ee7: raises 57,210 to 63,810 and is all-in
98127598: folds
70d31f54: raises 57,210 to 121,020
dce14dbb: calls 66,305 and is all-in
Uncalled bet (48,115) returned to 70d31f54
70d31f54: shows [9c 9h]
dce14dbb: shows [4h Ad]
cad99ee7: shows [Ah Qd]
*** FLOP *** [5s Jc 4d]
*** TURN *** [5s Jc 4d] [6h]
*** RIVER *** [5s Jc 4d 6h] [5h]
*** SHOWDOWN ***
70d31f54 collected 198,030 from pot
70d31f54 collected 18,190 from pot
*** SUMMARY ***
Total pot 216,220 | Rake 0 | Jackpot 0 | Bingo 0 | Fortune 0 | Tax 0
Board [5s Jc 4d 6h 5h]
Seat 1: dce14dbb showed [4h Ad] and lost with two pair, Fives and Fours
Seat 2: Hero folded before Flop
Seat 3: 1feacc99 (button) folded before Flop
Seat 4: cad99ee7 (small blind) showed [Ah Qd] and lost with a pair of Fives
Seat 5: 98127598 (big blind) folded before Flop
Seat 6: 68b8403b folded before Flop
Seat 7: 70d31f54 showed [9c 9h] and won (216,220) with two pair, Nines and Fives
Seat 8: 78408165 folded before Flop


Poker Hand #TM5553401053: Tournament #261439744, Bounty Hunters Mini Big Game $10.80 Hold'em No Limit - Level8(1,500/3,000(450)) - 2026/02/06 13:15:09
Table '36' 8-max Seat #2 is the button
Seat 1: dce14dbb (73,805 in chips)
Seat 2: Hero (139,112 in chips)
Seat 3: 1feacc99 (145,805 in chips)
Seat 4: cad99ee7 (67,710 in chips)
Seat 5: 98127598 (89,988 in chips)
Seat 6: 68b8403b (180,430 in chips)
Seat 7: 70d31f54 (371,207 in chips)
Seat 8: 78408165 (168,160 in chips)
Hero: posts the ante 450
dce14dbb: posts the ante 450
70d31f54: posts the ante 450
98127598: posts the ante 450
cad99ee7: posts the ante 450
1feacc99: posts the ante 450
78408165: posts the ante 450
68b8403b: posts the ante 450
1feacc99: posts small blind 1,500
cad99ee7: posts big blind 3,000
*** HOLE CARDS ***
Dealt to dce14dbb 
Dealt to Hero [9c Ad]
Dealt to 1feacc99 
Dealt to cad99ee7 
Dealt to 98127598 
Dealt to 68b8403b 
Dealt to 70d31f54 
Dealt to 78408165 
98127598: folds
68b8403b: folds
70d31f54: folds
78408165: folds
dce14dbb: folds
Hero: raises 3,000 to 6,000
1feacc99: folds
cad99ee7: folds
Uncalled bet (3,000) returned to Hero
*** SHOWDOWN ***
Hero collected 11,100 from pot
*** SUMMARY ***
Total pot 11,100 | Rake 0 | Jackpot 0 | Bingo 0 | Fortune 0 | Tax 0
Seat 1: dce14dbb folded before Flop
Seat 2: Hero (button) collected (11,100)
Seat 3: 1feacc99 (small blind) folded before Flop
Seat 4: cad99ee7 (big blind) folded before Flop
Seat 5: 98127598 folded before Flop
Seat 6: 68b8403b folded before Flop
Seat 7: 70d31f54 folded before Flop
Seat 8: 78408165 folded before Flop


Poker Hand #TM5553401017: Tournament #261439744, Bounty Hunters Mini Big Game $10.80 Hold'em No Limit - Level8(1,500/3,000(450)) - 2026/02/06 13:13:26
Table '36' 8-max Seat #1 is the button
Seat 1: dce14dbb (74,255 in chips)
Seat 2: Hero (141,062 in chips)
Seat 3: 1feacc99 (210,080 in chips)
Seat 4: cad99ee7 (68,160 in chips)
Seat 5: 98127598 (90,438 in chips)
Seat 6: 68b8403b (111,955 in chips)
Seat 7: 70d31f54 (371,657 in chips)
Seat 8: 78408165 (168,610 in chips)
dce14dbb: posts the ante 450
Hero: posts the ante 450
70d31f54: posts the ante 450
98127598: posts the ante 450
cad99ee7: posts the ante 450
1feacc99: posts the ante 450
78408165: posts the ante 450
68b8403b: posts the ante 450
Hero: posts small blind 1,500
1feacc99: posts big blind 3,000
*** HOLE CARDS ***
Dealt to dce14dbb 
Dealt to Hero [6s 9d]
Dealt to 1feacc99 
Dealt to cad99ee7 
Dealt to 98127598 
Dealt to 68b8403b 
Dealt to 70d31f54 
Dealt to 78408165 
cad99ee7: folds
98127598: folds
68b8403b: raises 3,000 to 6,000
70d31f54: folds
78408165: folds
dce14dbb: folds
Hero: folds
1feacc99: calls 3,000
*** FLOP *** [4c 7c Qd]
1feacc99: checks
68b8403b: checks
*** TURN *** [4c 7c Qd] [7h]
1feacc99: bets 18,000
68b8403b: calls 18,000
*** RIVER *** [4c 7c Qd 7h] [Td]
1feacc99: bets 39,825
68b8403b: raises 47,680 to 87,505 and is all-in
1feacc99: folds
Uncalled bet (47,680) returned to 68b8403b
*** SHOWDOWN ***
68b8403b collected 132,750 from pot
*** SUMMARY ***
Total pot 132,750 | Rake 0 | Jackpot 0 | Bingo 0 | Fortune 0 | Tax 0
Board [4c 7c Qd 7h Td]
Seat 1: dce14dbb (button) folded before Flop
Seat 2: Hero (small blind) folded before Flop
Seat 3: 1feacc99 (big blind) folded on the River
Seat 4: cad99ee7 folded before Flop
Seat 5: 98127598 folded before Flop
Seat 6: 68b8403b won (132,750)
Seat 7: 70d31f54 folded before Flop
Seat 8: 78408165 folded before Flop


Poker Hand #TM5553400993: Tournament #261439744, Bounty Hunters Mini Big Game $10.80 Hold'em No Limit - Level8(1,500/3,000(450)) - 2026/02/06 13:12:15
Table '36' 8-max Seat #8 is the button
Seat 1: dce14dbb (80,705 in chips)
Seat 2: Hero (119,912 in chips)
Seat 3: 1feacc99 (210,530 in chips)
Seat 4: cad99ee7 (74,610 in chips)
Seat 5: 98127598 (90,888 in chips)
Seat 6: 68b8403b (118,405 in chips)
Seat 7: 70d31f54 (372,107 in chips)
Seat 8: 78408165 (169,060 in chips)
Hero: posts the ante 450
dce14dbb: posts the ante 450
70d31f54: posts the ante 450
98127598: posts the ante 450
cad99ee7: posts the ante 450
1feacc99: posts the ante 450
78408165: posts the ante 450
68b8403b: posts the ante 450
dce14dbb: posts small blind 1,500
Hero: posts big blind 3,000
*** HOLE CARDS ***
Dealt to dce14dbb 
Dealt to Hero [Qs 2h]
Dealt to 1feacc99 
Dealt to cad99ee7 
Dealt to 98127598 
Dealt to 68b8403b 
Dealt to 70d31f54 
Dealt to 78408165 
1feacc99: folds
cad99ee7: raises 3,000 to 6,000
98127598: folds
68b8403b: calls 6,000
70d31f54: folds
78408165: folds
dce14dbb: calls 4,500
Hero: calls 3,000
*** FLOP *** [9h 3h Kh]
dce14dbb: checks
Hero: checks
cad99ee7: checks
68b8403b: checks
*** TURN *** [9h 3h Kh] [7h]
dce14dbb: checks
Hero: checks
cad99ee7: checks
68b8403b: checks
*** RIVER *** [9h 3h Kh 7h] [5s]
dce14dbb: checks
Hero: checks
cad99ee7: checks
68b8403b: checks
dce14dbb: shows [Tc Ks] (a pair of Kings)
Hero: shows [Qs 2h] (a flush King high)
cad99ee7: shows [Ad 8d] (Ace high)
68b8403b: shows [2d 2s] (a pair of Twos)
*** SHOWDOWN ***
Hero collected 27,600 from pot
*** SUMMARY ***
Total pot 27,600 | Rake 0 | Jackpot 0 | Bingo 0 | Fortune 0 | Tax 0
Board [9h 3h Kh 7h 5s]
Seat 1: dce14dbb (small blind) showed [Tc Ks] and lost with a pair of Kings
Seat 2: Hero (big blind) showed [Qs 2h] and won (27,600) with a flush King high
Seat 3: 1feacc99 folded before Flop
Seat 4: cad99ee7 showed [Ad 8d] and lost with Ace high
Seat 5: 98127598 folded before Flop
Seat 6: 68b8403b showed [2d 2s] and lost with a pair of Twos
Seat 7: 70d31f54 folded before Flop
Seat 8: 78408165 (button) folded before Flop


Poker Hand #TM5553400961: Tournament #261439744, Bounty Hunters Mini Big Game $10.80 Hold'em No Limit - Level8(1,500/3,000(450)) - 2026/02/06 13:11:21
Table '36' 8-max Seat #7 is the button
Seat 1: dce14dbb (84,155 in chips)
Seat 2: Hero (120,362 in chips)
Seat 3: 1feacc99 (210,980 in chips)
Seat 4: cad99ee7 (75,060 in chips)
Seat 5: 98127598 (91,338 in chips)
Seat 6: 68b8403b (100,000 in chips)
Seat 7: 70d31f54 (383,312 in chips)
Seat 8: 78408165 (171,010 in chips)
Hero: posts the ante 450
dce14dbb: posts the ante 450
70d31f54: posts the ante 450
98127598: posts the ante 450
cad99ee7: posts the ante 450
1feacc99: posts the ante 450
78408165: posts the ante 450
68b8403b: posts the ante 450
78408165: posts small blind 1,500
dce14dbb: posts big blind 3,000
*** HOLE CARDS ***
Dealt to dce14dbb 
Dealt to Hero [9s Tc]
Dealt to 1feacc99 
Dealt to cad99ee7 
Dealt to 98127598 
Dealt to 68b8403b 
Dealt to 70d31f54 
Dealt to 78408165 
Hero: folds
1feacc99: folds
cad99ee7: folds
98127598: folds
68b8403b: calls 3,000
70d31f54: raises 7,755 to 10,755
78408165: folds
dce14dbb: folds
68b8403b: raises 88,795 to 99,550 and is all-in
70d31f54: folds
Uncalled bet (88,795) returned to 68b8403b
*** SHOWDOWN ***
68b8403b collected 29,610 from pot
*** SUMMARY ***
Total pot 29,610 | Rake 0 | Jackpot 0 | Bingo 0 | Fortune 0 | Tax 0
Seat 1: dce14dbb (big blind) folded before Flop
Seat 2: Hero folded before Flop
Seat 3: 1feacc99 folded before Flop
Seat 4: cad99ee7 folded before Flop
Seat 5: 98127598 folded before Flop
Seat 6: 68b8403b showed [Ac] and collected (29,610)
Seat 7: 70d31f54 (button) folded before Flop
Seat 8: 78408165 (small blind) folded before Flop


Poker Hand #TM5553400944: Tournament #261439744, Bounty Hunters Mini Big Game $10.80 Hold'em No Limit - Level7(1,250/2,500(350)) - 2026/02/06 13:10:44
Table '36' 8-max Seat #5 is the button
Seat 1: dce14dbb (84,505 in chips)
Seat 2: Hero (114,512 in chips)
Seat 3: 1feacc99 (211,330 in chips)
Seat 4: cad99ee7 (75,410 in chips)
Seat 5: 98127598 (91,688 in chips)
Seat 7: 70d31f54 (384,912 in chips)
Seat 8: 78408165 (173,860 in chips)
Hero: posts the ante 350
dce14dbb: posts the ante 350
70d31f54: posts the ante 350
98127598: posts the ante 350
cad99ee7: posts the ante 350
1feacc99: posts the ante 350
78408165: posts the ante 350
70d31f54: posts small blind 1,250
78408165: posts big blind 2,500
*** HOLE CARDS ***
Dealt to dce14dbb 
Dealt to Hero [Ac Ks]
Dealt to 1feacc99 
Dealt to cad99ee7 
Dealt to 98127598 
Dealt to 70d31f54 
Dealt to 78408165 
dce14dbb: folds
Hero: raises 2,500 to 5,000
1feacc99: folds
cad99ee7: folds
98127598: folds
70d31f54: folds
78408165: folds
Uncalled bet (2,500) returned to Hero
*** SHOWDOWN ***
Hero collected 8,700 from pot
*** SUMMARY ***
Total pot 8,700 | Rake 0 | Jackpot 0 | Bingo 0 | Fortune 0 | Tax 0
Seat 1: dce14dbb folded before Flop
Seat 2: Hero collected (8,700)
Seat 3: 1feacc99 folded before Flop
Seat 4: cad99ee7 folded before Flop
Seat 5: 98127598 (button) folded before Flop
Seat 7: 70d31f54 (small blind) folded before Flop
Seat 8: 78408165 (big blind) folded before Flop


Poker Hand #TM5553400921: Tournament #261439744, Bounty Hunters Mini Big Game $10.80 Hold'em No Limit - Level7(1,250/2,500(350)) - 2026/02/06 13:09:52
Table '36' 8-max Seat #4 is the button
Seat 1: dce14dbb (84,855 in chips)
Seat 2: Hero (114,862 in chips)
Seat 3: 1feacc99 (198,459 in chips)
Seat 4: cad99ee7 (75,760 in chips)
Seat 5: 98127598 (93,288 in chips)
Seat 7: 70d31f54 (394,783 in chips)
Seat 8: 78408165 (174,210 in chips)
Hero: posts the ante 350
dce14dbb: posts the ante 350
70d31f54: posts the ante 350
cad99ee7: posts the ante 350
98127598: posts the ante 350
1feacc99: posts the ante 350
78408165: posts the ante 350
98127598: posts small blind 1,250
70d31f54: posts big blind 2,500
*** HOLE CARDS ***
Dealt to dce14dbb 
Dealt to Hero [5d Tc]
Dealt to 1feacc99 
Dealt to cad99ee7 
Dealt to 98127598 
Dealt to 70d31f54 
Dealt to 78408165 
78408165: folds
dce14dbb: folds
Hero: folds
1feacc99: raises 2,500 to 5,000
cad99ee7: folds
98127598: folds
70d31f54: calls 2,500
*** FLOP *** [9d Ad 9s]
70d31f54: checks
1feacc99: bets 4,521
70d31f54: calls 4,521
*** TURN *** [9d Ad 9s] [9c]
70d31f54: checks
1feacc99: checks
*** RIVER *** [9d Ad 9s 9c] [8c]
70d31f54: checks
1feacc99: bets 15,000
70d31f54: folds
Uncalled bet (15,000) returned to 1feacc99
*** SHOWDOWN ***
1feacc99 collected 22,742 from pot
*** SUMMARY ***
Total pot 22,742 | Rake 0 | Jackpot 0 | Bingo 0 | Fortune 0 | Tax 0
Board [9d Ad 9s 9c 8c]
Seat 1: dce14dbb folded before Flop
Seat 2: Hero folded before Flop
Seat 3: 1feacc99 won (22,742)
Seat 4: cad99ee7 (button) folded before Flop
Seat 5: 98127598 (small blind) folded before Flop
Seat 7: 70d31f54 (big blind) folded on the River
Seat 8: 78408165 folded before Flop


Poker Hand #TM5553400873: Tournament #261439744, Bounty Hunters Mini Big Game $10.80 Hold'em No Limit - Level7(1,250/2,500(350)) - 2026/02/06 13:08:00
Table '36' 8-max Seat #3 is the button
Seat 1: dce14dbb (85,205 in chips)
Seat 2: Hero (115,212 in chips)
Seat 3: 1feacc99 (198,809 in chips)
Seat 4: cad99ee7 (77,360 in chips)
Seat 5: 98127598 (96,138 in chips)
Seat 6: fc5c49c4 (100,518 in chips)
Seat 7: 70d31f54 (148,915 in chips)
Seat 8: 3381f3ef (139,850 in chips)
3381f3ef: posts the ante 350
Hero: posts the ante 350
dce14dbb: posts the ante 350
70d31f54: posts the ante 350
fc5c49c4: posts the ante 350
98127598: posts the ante 350
cad99ee7: posts the ante 350
1feacc99: posts the ante 350
cad99ee7: posts small blind 1,250
98127598: posts big blind 2,500
*** HOLE CARDS ***
Dealt to dce14dbb 
Dealt to Hero [6c 2s]
Dealt to 1feacc99 
Dealt to cad99ee7 
Dealt to 98127598 
Dealt to fc5c49c4 
Dealt to 70d31f54 
Dealt to 3381f3ef 
fc5c49c4: calls 2,500
70d31f54: raises 6,353 to 8,853
3381f3ef: calls 8,853
dce14dbb: folds
Hero: folds
1feacc99: folds
cad99ee7: folds
98127598: folds
fc5c49c4: calls 6,353
*** FLOP *** [7s Kd Ks]
fc5c49c4: checks
70d31f54: checks
3381f3ef: checks
*** TURN *** [7s Kd Ks] [8c]
fc5c49c4: bets 22,500
70d31f54: calls 22,500
3381f3ef: raises 33,201 to 55,701
fc5c49c4: calls 33,201
70d31f54: raises 84,011 to 139,712 and is all-in
3381f3ef: calls 74,946 and is all-in
fc5c49c4: calls 35,614 and is all-in
Uncalled bet (9,065) returned to 70d31f54
70d31f54: shows [Kh Ac] (three of a kind, Kings)
3381f3ef: shows [Kc Th] (three of a kind, Kings)
fc5c49c4: shows [As 5s] (a pair of Kings)
*** RIVER *** [7s Kd Ks 8c] [5d]
*** SHOWDOWN ***
70d31f54 collected 307,054 from pot
70d31f54 collected 78,664 from pot
*** SUMMARY ***
Total pot 385,718 | Rake 0 | Jackpot 0 | Bingo 0 | Fortune 0 | Tax 0
Board [7s Kd Ks 8c 5d]
Seat 1: dce14dbb folded before Flop
Seat 2: Hero folded before Flop
Seat 3: 1feacc99 (button) folded before Flop
Seat 4: cad99ee7 (small blind) folded before Flop
Seat 5: 98127598 (big blind) folded before Flop
Seat 6: fc5c49c4 showed [As 5s] and lost with two pair, Kings and Fives
Seat 7: 70d31f54 showed [Kh Ac] and won (385,718) with three of a kind, Kings
Seat 8: 3381f3ef showed [Kc Th] and lost with three of a kind, Kings


Poker Hand #TM5553400849: Tournament #261439744, Bounty Hunters Mini Big Game $10.80 Hold'em No Limit - Level7(1,250/2,500(350)) - 2026/02/06 13:07:06
Table '36' 8-max Seat #2 is the button
Seat 1: dce14dbb (85,555 in chips)
Seat 2: Hero (115,562 in chips)
Seat 3: 1feacc99 (162,359 in chips)
Seat 4: cad99ee7 (80,210 in chips)
Seat 5: 98127598 (96,488 in chips)
Seat 6: fc5c49c4 (100,868 in chips)
Seat 7: 70d31f54 (154,765 in chips)
Seat 8: 3381f3ef (166,200 in chips)
3381f3ef: posts the ante 350
Hero: posts the ante 350
dce14dbb: posts the ante 350
70d31f54: posts the ante 350
fc5c49c4: posts the ante 350
98127598: posts the ante 350
cad99ee7: posts the ante 350
1feacc99: posts the ante 350
1feacc99: posts small blind 1,250
cad99ee7: posts big blind 2,500
*** HOLE CARDS ***
Dealt to dce14dbb 
Dealt to Hero [6c 8d]
Dealt to 1feacc99 
Dealt to cad99ee7 
Dealt to 98127598 
Dealt to fc5c49c4 
Dealt to 70d31f54 
Dealt to 3381f3ef 
98127598: folds
fc5c49c4: folds
70d31f54: raises 3,000 to 5,500
3381f3ef: calls 5,500
dce14dbb: folds
Hero: folds
1feacc99: raises 20,500 to 26,000
cad99ee7: folds
70d31f54: folds
3381f3ef: calls 20,500
*** FLOP *** [Kd Qd 9h]
1feacc99: bets 25,724
3381f3ef: folds
Uncalled bet (25,724) returned to 1feacc99
*** SHOWDOWN ***
1feacc99 collected 62,800 from pot
*** SUMMARY ***
Total pot 62,800 | Rake 0 | Jackpot 0 | Bingo 0 | Fortune 0 | Tax 0
Board [Kd Qd 9h]
Seat 1: dce14dbb folded before Flop
Seat 2: Hero (button) folded before Flop
Seat 3: 1feacc99 (small blind) won (62,800)
Seat 4: cad99ee7 (big blind) folded before Flop
Seat 5: 98127598 folded before Flop
Seat 6: fc5c49c4 folded before Flop
Seat 7: 70d31f54 folded before Flop
Seat 8: 3381f3ef folded on the Flop


Poker Hand #TM5553400823: Tournament #261439744, Bounty Hunters Mini Big Game $10.80 Hold'em No Limit - Level7(1,250/2,500(350)) - 2026/02/06 13:06:03
Table '36' 8-max Seat #1 is the button
Seat 1: dce14dbb (128,325 in chips)
Seat 2: Hero (117,162 in chips)
Seat 3: 1feacc99 (111,239 in chips)
Seat 4: cad99ee7 (80,560 in chips)
Seat 5: 98127598 (96,838 in chips)
Seat 6: fc5c49c4 (101,218 in chips)
Seat 7: 70d31f54 (155,115 in chips)
Seat 8: 3381f3ef (171,550 in chips)
3381f3ef: posts the ante 350
dce14dbb: posts the ante 350
Hero: posts the ante 350
70d31f54: posts the ante 350
fc5c49c4: posts the ante 350
98127598: posts the ante 350
cad99ee7: posts the ante 350
1feacc99: posts the ante 350
Hero: posts small blind 1,250
1feacc99: posts big blind 2,500
*** HOLE CARDS ***
Dealt to dce14dbb 
Dealt to Hero [Kc 7h]
Dealt to 1feacc99 
Dealt to cad99ee7 
Dealt to 98127598 
Dealt to fc5c49c4 
Dealt to 70d31f54 
Dealt to 3381f3ef 
cad99ee7: folds
98127598: folds
fc5c49c4: folds
70d31f54: folds
3381f3ef: raises 2,500 to 5,000
dce14dbb: calls 5,000
Hero: folds
1feacc99: calls 2,500
*** FLOP *** [8h 4s 5h]
1feacc99: checks
3381f3ef: checks
dce14dbb: bets 11,621
1feacc99: calls 11,621
3381f3ef: folds
*** TURN *** [8h 4s 5h] [Td]
1feacc99: checks
dce14dbb: bets 25,799
1feacc99: calls 25,799
*** RIVER *** [8h 4s 5h Td] [5d]
1feacc99: checks
dce14dbb: checks
1feacc99: shows [7d 4c] (two pair, Fives and Fours)
dce14dbb: shows [Kh Jh] (a pair of Fives)
*** SHOWDOWN ***
1feacc99 collected 93,890 from pot
*** SUMMARY ***
Total pot 93,890 | Rake 0 | Jackpot 0 | Bingo 0 | Fortune 0 | Tax 0
Board [8h 4s 5h Td 5d]
Seat 1: dce14dbb (button) showed [Kh Jh] and lost with a pair of Fives
Seat 2: Hero (small blind) folded before Flop
Seat 3: 1feacc99 (big blind) showed [7d 4c] and won (93,890) with two pair, Fives and Fours
Seat 4: cad99ee7 folded before Flop
Seat 5: 98127598 folded before Flop
Seat 6: fc5c49c4 folded before Flop
Seat 7: 70d31f54 folded before Flop
Seat 8: 3381f3ef folded on the Flop


Poker Hand #TM5553400793: Tournament #261439744, Bounty Hunters Mini Big Game $10.80 Hold'em No Limit - Level7(1,250/2,500(350)) - 2026/02/06 13:04:50
Table '36' 8-max Seat #8 is the button
Seat 1: dce14dbb (133,675 in chips)
Seat 2: Hero (122,512 in chips)
Seat 3: 1feacc99 (111,589 in chips)
Seat 4: cad99ee7 (80,910 in chips)
Seat 5: 98127598 (102,188 in chips)
Seat 6: fc5c49c4 (101,568 in chips)
Seat 7: 70d31f54 (155,465 in chips)
Seat 8: 3381f3ef (154,100 in chips)
3381f3ef: posts the ante 350
Hero: posts the ante 350
dce14dbb: posts the ante 350
70d31f54: posts the ante 350
fc5c49c4: posts the ante 350
98127598: posts the ante 350
cad99ee7: posts the ante 350
1feacc99: posts the ante 350
dce14dbb: posts small blind 1,250
Hero: posts big blind 2,500
*** HOLE CARDS ***
Dealt to dce14dbb 
Dealt to Hero [3c Jc]
Dealt to 1feacc99 
Dealt to cad99ee7 
Dealt to 98127598 
Dealt to fc5c49c4 
Dealt to 70d31f54 
Dealt to 3381f3ef 
1feacc99: folds
cad99ee7: folds
98127598: raises 2,500 to 5,000
fc5c49c4: folds
70d31f54: folds
3381f3ef: calls 5,000
dce14dbb: calls 3,750
Hero: calls 2,500
*** FLOP *** [As 7s 6c]
dce14dbb: checks
Hero: checks
98127598: checks
3381f3ef: checks
*** TURN *** [As 7s 6c] [4d]
dce14dbb: checks
Hero: checks
98127598: checks
3381f3ef: checks
*** RIVER *** [As 7s 6c 4d] [9s]
dce14dbb: checks
Hero: checks
98127598: checks
3381f3ef: checks
dce14dbb: shows [6d Kh] (a pair of Sixes)
Hero: shows [3c Jc] (Ace high)
98127598: shows [Kd Qh] (Ace high)
3381f3ef: shows [Qc 9d] (a pair of Nines)
*** SHOWDOWN ***
3381f3ef collected 22,800 from pot
*** SUMMARY ***
Total pot 22,800 | Rake 0 | Jackpot 0 | Bingo 0 | Fortune 0 | Tax 0
Board [As 7s 6c 4d 9s]
Seat 1: dce14dbb (small blind) showed [6d Kh] and lost with a pair of Sixes
Seat 2: Hero (big blind) showed [3c Jc] and lost with Ace high
Seat 3: 1feacc99 folded before Flop
Seat 4: cad99ee7 folded before Flop
Seat 5: 98127598 showed [Kd Qh] and lost with Ace high
Seat 6: fc5c49c4 folded before Flop
Seat 7: 70d31f54 folded before Flop
Seat 8: 3381f3ef (button) showed [Qc 9d] and won (22,800) with a pair of Nines


Poker Hand #TM5553400717: Tournament #261439744, Bounty Hunters Mini Big Game $10.80 Hold'em No Limit - Level7(1,250/2,500(350)) - 2026/02/06 12:54:23
Table '36' 8-max Seat #7 is the button
Seat 1: dce14dbb (136,525 in chips)
Seat 2: Hero (122,862 in chips)
Seat 3: 1feacc99 (121,939 in chips)
Seat 4: cad99ee7 (81,260 in chips)
Seat 5: 98127598 (82,238 in chips)
Seat 6: fc5c49c4 (101,918 in chips)
Seat 7: 70d31f54 (155,815 in chips)
Seat 8: 3381f3ef (159,450 in chips)
3381f3ef: posts the ante 350
Hero: posts the ante 350
dce14dbb: posts the ante 350
70d31f54: posts the ante 350
fc5c49c4: posts the ante 350
98127598: posts the ante 350
cad99ee7: posts the ante 350
1feacc99: posts the ante 350
3381f3ef: posts small blind 1,250
dce14dbb: posts big blind 2,500
*** HOLE CARDS ***
Dealt to dce14dbb 
Dealt to Hero [9h 3s]
Dealt to 1feacc99 
Dealt to cad99ee7 
Dealt to 98127598 
Dealt to fc5c49c4 
Dealt to 70d31f54 
Dealt to 3381f3ef 
Hero: folds
1feacc99: raises 2,500 to 5,000
cad99ee7: folds
98127598: calls 5,000
fc5c49c4: folds
70d31f54: folds
3381f3ef: calls 3,750
dce14dbb: folds
*** FLOP *** [8d Th Ts]
3381f3ef: checks
1feacc99: bets 5,000
98127598: calls 5,000
3381f3ef: folds
*** TURN *** [8d Th Ts] [6s]
1feacc99: checks
98127598: bets 15,150
1feacc99: folds
Uncalled bet (15,150) returned to 98127598
*** SHOWDOWN ***
98127598 collected 30,300 from pot
*** SUMMARY ***
Total pot 30,300 | Rake 0 | Jackpot 0 | Bingo 0 | Fortune 0 | Tax 0
Board [8d Th Ts 6s]
Seat 1: dce14dbb (big blind) folded before Flop
Seat 2: Hero folded before Flop
Seat 3: 1feacc99 folded on the Turn
Seat 4: cad99ee7 folded before Flop
Seat 5: 98127598 won (30,300)
Seat 6: fc5c49c4 folded before Flop
Seat 7: 70d31f54 (button) folded before Flop
Seat 8: 3381f3ef (small blind) folded on the Flop


Poker Hand #TM5553400704: Tournament #261439744, Bounty Hunters Mini Big Game $10.80 Hold'em No Limit - Level7(1,250/2,500(350)) - 2026/02/06 12:53:47
Table '36' 8-max Seat #6 is the button
Seat 1: dce14dbb (111,935 in chips)
Seat 2: Hero (123,212 in chips)
Seat 3: 1feacc99 (122,289 in chips)
Seat 4: cad99ee7 (100,000 in chips)
Seat 5: 98127598 (82,588 in chips)
Seat 6: fc5c49c4 (102,268 in chips)
Seat 7: 70d31f54 (157,415 in chips)
Seat 8: 3381f3ef (162,300 in chips)
3381f3ef: posts the ante 350
Hero: posts the ante 350
dce14dbb: posts the ante 350
fc5c49c4: posts the ante 350
70d31f54: posts the ante 350
98127598: posts the ante 350
cad99ee7: posts the ante 350
1feacc99: posts the ante 350
70d31f54: posts small blind 1,250
3381f3ef: posts big blind 2,500
*** HOLE CARDS ***
Dealt to dce14dbb 
Dealt to Hero [8h 9c]
Dealt to 1feacc99 
Dealt to cad99ee7 
Dealt to 98127598 
Dealt to fc5c49c4 
Dealt to 70d31f54 
Dealt to 3381f3ef 
dce14dbb: raises 2,500 to 5,000
Hero: folds
1feacc99: folds
cad99ee7: calls 5,000
98127598: folds
fc5c49c4: folds
70d31f54: folds
3381f3ef: folds
*** FLOP *** [Td Jc Tc]
dce14dbb: bets 5,793
cad99ee7: calls 5,793
*** TURN *** [Td Jc Tc] [2h]
dce14dbb: bets 7,597
cad99ee7: calls 7,597
*** RIVER *** [Td Jc Tc 2h] [Qh]
dce14dbb: bets 26,432
cad99ee7: folds
Uncalled bet (26,432) returned to dce14dbb
*** SHOWDOWN ***
dce14dbb collected 43,330 from pot
*** SUMMARY ***
Total pot 43,330 | Rake 0 | Jackpot 0 | Bingo 0 | Fortune 0 | Tax 0
Board [Td Jc Tc 2h Qh]
Seat 1: dce14dbb won (43,330)
Seat 2: Hero folded before Flop
Seat 3: 1feacc99 folded before Flop
Seat 4: cad99ee7 folded on the River
Seat 5: 98127598 folded before Flop
Seat 6: fc5c49c4 (button) folded before Flop
Seat 7: 70d31f54 (small blind) folded before Flop
Seat 8: 3381f3ef (big blind) folded before Flop


Poker Hand #TM5553400692: Tournament #261439744, Bounty Hunters Mini Big Game $10.80 Hold'em No Limit - Level7(1,250/2,500(350)) - 2026/02/06 12:53:02
Table '36' 8-max Seat #5 is the button
Seat 1: dce14dbb (112,285 in chips)
Seat 2: Hero (123,562 in chips)
Seat 3: 1feacc99 (127,639 in chips)
Seat 5: 98127598 (82,938 in chips)
Seat 6: fc5c49c4 (47,759 in chips)
Seat 7: 70d31f54 (205,174 in chips)
Seat 8: 3381f3ef (162,650 in chips)
3381f3ef: posts the ante 350
Hero: posts the ante 350
dce14dbb: posts the ante 350
70d31f54: posts the ante 350
fc5c49c4: posts the ante 350
98127598: posts the ante 350
1feacc99: posts the ante 350
fc5c49c4: posts small blind 1,250
70d31f54: posts big blind 2,500
*** HOLE CARDS ***
Dealt to dce14dbb 
Dealt to Hero [6c 9h]
Dealt to 1feacc99 
Dealt to 98127598 
Dealt to fc5c49c4 
Dealt to 70d31f54 
Dealt to 3381f3ef 
3381f3ef: folds
dce14dbb: folds
Hero: folds
1feacc99: raises 2,500 to 5,000
98127598: folds
fc5c49c4: raises 42,409 to 47,409 and is all-in
70d31f54: calls 44,909
1feacc99: folds
fc5c49c4: shows [Kd Ac]
70d31f54: shows [Qd Kh]
*** FLOP *** [3h Ad 8d]
*** TURN *** [3h Ad 8d] [Jh]
*** RIVER *** [3h Ad 8d Jh] [7s]
*** SHOWDOWN ***
fc5c49c4 collected 102,268 from pot
*** SUMMARY ***
Total pot 102,268 | Rake 0 | Jackpot 0 | Bingo 0 | Fortune 0 | Tax 0
Board [3h Ad 8d Jh 7s]
Seat 1: dce14dbb folded before Flop
Seat 2: Hero folded before Flop
Seat 3: 1feacc99 folded before Flop
Seat 5: 98127598 (button) folded before Flop
Seat 6: fc5c49c4 (small blind) showed [Kd Ac] and won (102,268) with a pair of Aces
Seat 7: 70d31f54 (big blind) showed [Qd Kh] and lost with Ace high
Seat 8: 3381f3ef folded before Flop


Poker Hand #TM5553400684: Tournament #261439744, Bounty Hunters Mini Big Game $10.80 Hold'em No Limit - Level7(1,250/2,500(350)) - 2026/02/06 12:52:44
Table '36' 8-max Seat #3 is the button
Seat 1: dce14dbb (112,635 in chips)
Seat 2: Hero (123,912 in chips)
Seat 3: 1feacc99 (127,989 in chips)
Seat 5: 98127598 (78,338 in chips)
Seat 6: fc5c49c4 (50,609 in chips)
Seat 7: 70d31f54 (205,524 in chips)
Seat 8: 3381f3ef (163,000 in chips)
3381f3ef: posts the ante 350
Hero: posts the ante 350
dce14dbb: posts the ante 350
70d31f54: posts the ante 350
fc5c49c4: posts the ante 350
98127598: posts the ante 350
1feacc99: posts the ante 350
98127598: posts small blind 1,250
fc5c49c4: posts big blind 2,500
*** HOLE CARDS ***
Dealt to dce14dbb 
Dealt to Hero [3d 6h]
Dealt to 1feacc99 
Dealt to 98127598 
Dealt to fc5c49c4 
Dealt to 70d31f54 
Dealt to 3381f3ef 
70d31f54: folds
3381f3ef: folds
dce14dbb: folds
Hero: folds
1feacc99: folds
98127598: raises 75,488 to 77,988 and is all-in
fc5c49c4: folds
Uncalled bet (75,488) returned to 98127598
*** SHOWDOWN ***
98127598 collected 7,450 from pot
*** SUMMARY ***
Total pot 7,450 | Rake 0 | Jackpot 0 | Bingo 0 | Fortune 0 | Tax 0
Seat 1: dce14dbb folded before Flop
Seat 2: Hero folded before Flop
Seat 3: 1feacc99 (button) folded before Flop
Seat 5: 98127598 (small blind) collected (7,450)
Seat 6: fc5c49c4 (big blind) folded before Flop
Seat 7: 70d31f54 folded before Flop
Seat 8: 3381f3ef folded before Flop


Poker Hand #TM5553400680: Tournament #261439744, Bounty Hunters Mini Big Game $10.80 Hold'em No Limit - Level7(1,250/2,500(350)) - 2026/02/06 12:52:26
Table '36' 8-max Seat #2 is the button
Seat 1: dce14dbb (112,985 in chips)
Seat 2: Hero (118,062 in chips)
Seat 3: 1feacc99 (129,589 in chips)
Seat 5: 98127598 (81,188 in chips)
Seat 6: fc5c49c4 (50,959 in chips)
Seat 7: 70d31f54 (205,874 in chips)
Seat 8: 3381f3ef (163,350 in chips)
3381f3ef: posts the ante 350
Hero: posts the ante 350
dce14dbb: posts the ante 350
70d31f54: posts the ante 350
fc5c49c4: posts the ante 350
98127598: posts the ante 350
1feacc99: posts the ante 350
1feacc99: posts small blind 1,250
98127598: posts big blind 2,500
*** HOLE CARDS ***
Dealt to dce14dbb 
Dealt to Hero [Qc Ac]
Dealt to 1feacc99 
Dealt to 98127598 
Dealt to fc5c49c4 
Dealt to 70d31f54 
Dealt to 3381f3ef 
fc5c49c4: folds
70d31f54: folds
3381f3ef: folds
dce14dbb: folds
Hero: raises 2,500 to 5,000
1feacc99: folds
98127598: folds
Uncalled bet (2,500) returned to Hero
*** SHOWDOWN ***
Hero collected 8,700 from pot
*** SUMMARY ***
Total pot 8,700 | Rake 0 | Jackpot 0 | Bingo 0 | Fortune 0 | Tax 0
Seat 1: dce14dbb folded before Flop
Seat 2: Hero (button) collected (8,700)
Seat 3: 1feacc99 (small blind) folded before Flop
Seat 5: 98127598 (big blind) folded before Flop
Seat 6: fc5c49c4 folded before Flop
Seat 7: 70d31f54 folded before Flop
Seat 8: 3381f3ef folded before Flop


Poker Hand #TM5553400665: Tournament #261439744, Bounty Hunters Mini Big Game $10.80 Hold'em No Limit - Level7(1,250/2,500(350)) - 2026/02/06 12:51:51
Table '36' 8-max Seat #1 is the button
Seat 1: dce14dbb (113,335 in chips)
Seat 2: Hero (119,662 in chips)
Seat 3: 1feacc99 (134,939 in chips)
Seat 4: 63cdcf24 (156,759 in chips)
Seat 5: 98127598 (81,538 in chips)
Seat 6: fc5c49c4 (51,309 in chips)
Seat 7: 70d31f54 (206,224 in chips)
Seat 8: 3381f3ef (154,650 in chips)
3381f3ef: posts the ante 350
dce14dbb: posts the ante 350
Hero: posts the ante 350
70d31f54: posts the ante 350
fc5c49c4: posts the ante 350
98127598: posts the ante 350
63cdcf24: posts the ante 350
1feacc99: posts the ante 350
Hero: posts small blind 1,250
1feacc99: posts big blind 2,500
*** HOLE CARDS ***
Dealt to dce14dbb 
Dealt to Hero [9d 2d]
Dealt to 1feacc99 
Dealt to 63cdcf24 
Dealt to 98127598 
Dealt to fc5c49c4 
Dealt to 70d31f54 
Dealt to 3381f3ef 
63cdcf24: folds
98127598: folds
fc5c49c4: folds
70d31f54: folds
3381f3ef: raises 2,500 to 5,000
dce14dbb: folds
Hero: folds
1feacc99: calls 2,500
*** FLOP *** [9c 2h 2s]
1feacc99: checks
3381f3ef: checks
*** TURN *** [9c 2h 2s] [Kh]
1feacc99: checks
3381f3ef: bets 7,025
1feacc99: folds
Uncalled bet (7,025) returned to 3381f3ef
*** SHOWDOWN ***
3381f3ef collected 14,050 from pot
*** SUMMARY ***
Total pot 14,050 | Rake 0 | Jackpot 0 | Bingo 0 | Fortune 0 | Tax 0
Board [9c 2h 2s Kh]
Seat 1: dce14dbb (button) folded before Flop
Seat 2: Hero (small blind) folded before Flop
Seat 3: 1feacc99 (big blind) folded on the Turn
Seat 4: 63cdcf24 folded before Flop
Seat 5: 98127598 folded before Flop
Seat 6: fc5c49c4 folded before Flop
Seat 7: 70d31f54 folded before Flop
Seat 8: 3381f3ef won (14,050)


Poker Hand #TM5553400658: Tournament #261439744, Bounty Hunters Mini Big Game $10.80 Hold'em No Limit - Level7(1,250/2,500(350)) - 2026/02/06 12:51:34
Table '36' 8-max Seat #8 is the button
Seat 1: dce14dbb (114,935 in chips)
Seat 2: Hero (115,962 in chips)
Seat 3: 1feacc99 (135,289 in chips)
Seat 4: 63cdcf24 (157,109 in chips)
Seat 5: 98127598 (81,888 in chips)
Seat 6: fc5c49c4 (51,659 in chips)
Seat 7: 70d31f54 (206,574 in chips)
Seat 8: 3381f3ef (155,000 in chips)
3381f3ef: posts the ante 350
Hero: posts the ante 350
dce14dbb: posts the ante 350
70d31f54: posts the ante 350
fc5c49c4: posts the ante 350
98127598: posts the ante 350
63cdcf24: posts the ante 350
1feacc99: posts the ante 350
dce14dbb: posts small blind 1,250
Hero: posts big blind 2,500
*** HOLE CARDS ***
Dealt to dce14dbb 
Dealt to Hero [Ac 5c]
Dealt to 1feacc99 
Dealt to 63cdcf24 
Dealt to 98127598 
Dealt to fc5c49c4 
Dealt to 70d31f54 
Dealt to 3381f3ef 
1feacc99: folds
63cdcf24: folds
98127598: folds
fc5c49c4: folds
70d31f54: folds
3381f3ef: folds
dce14dbb: folds
Uncalled bet (1,250) returned to Hero
*** SHOWDOWN ***
Hero collected 5,300 from pot
*** SUMMARY ***
Total pot 5,300 | Rake 0 | Jackpot 0 | Bingo 0 | Fortune 0 | Tax 0
Seat 1: dce14dbb (small blind) folded before Flop
Seat 2: Hero (big blind) collected (5,300)
Seat 3: 1feacc99 folded before Flop
Seat 4: 63cdcf24 folded before Flop
Seat 5: 98127598 folded before Flop
Seat 6: fc5c49c4 folded before Flop
Seat 7: 70d31f54 folded before Flop
Seat 8: 3381f3ef (button) folded before Flop


Poker Hand #TM5553400643: Tournament #261439744, Bounty Hunters Mini Big Game $10.80 Hold'em No Limit - Level7(1,250/2,500(350)) - 2026/02/06 12:51:03
Table '36' 8-max Seat #7 is the button
Seat 1: dce14dbb (117,785 in chips)
Seat 2: Hero (99,300 in chips)
Seat 3: 1feacc99 (135,639 in chips)
Seat 4: 63cdcf24 (157,459 in chips)
Seat 5: 98127598 (92,700 in chips)
Seat 6: fc5c49c4 (52,009 in chips)
Seat 7: 70d31f54 (206,924 in chips)
Seat 8: 3381f3ef (156,600 in chips)
3381f3ef: posts the ante 350
Hero: posts the ante 350
dce14dbb: posts the ante 350
70d31f54: posts the ante 350
fc5c49c4: posts the ante 350
98127598: posts the ante 350
63cdcf24: posts the ante 350
1feacc99: posts the ante 350
3381f3ef: posts small blind 1,250
dce14dbb: posts big blind 2,500
*** HOLE CARDS ***
Dealt to dce14dbb 
Dealt to Hero [3d 6d]
Dealt to 1feacc99 
Dealt to 63cdcf24 
Dealt to 98127598 
Dealt to fc5c49c4 
Dealt to 70d31f54 
Dealt to 3381f3ef 
Hero: raises 2,500 to 5,000
1feacc99: folds
63cdcf24: folds
98127598: calls 5,000
fc5c49c4: folds
70d31f54: folds
3381f3ef: folds
dce14dbb: folds
*** FLOP *** [Ks 3h Jd]
Hero: bets 5,462
98127598: calls 5,462
*** TURN *** [Ks 3h Jd] [Td]
Hero: bets 13,737
98127598: folds
Uncalled bet (13,737) returned to Hero
*** SHOWDOWN ***
Hero collected 27,474 from pot
*** SUMMARY ***
Total pot 27,474 | Rake 0 | Jackpot 0 | Bingo 0 | Fortune 0 | Tax 0
Board [Ks 3h Jd Td]
Seat 1: dce14dbb (big blind) folded before Flop
Seat 2: Hero won (27,474)
Seat 3: 1feacc99 folded before Flop
Seat 4: 63cdcf24 folded before Flop
Seat 5: 98127598 folded on the Turn
Seat 6: fc5c49c4 folded before Flop
Seat 7: 70d31f54 (button) folded before Flop
Seat 8: 3381f3ef (small blind) folded before Flop


Poker Hand #TM5553400638: Tournament #261439744, Bounty Hunters Mini Big Game $10.80 Hold'em No Limit - Level7(1,250/2,500(350)) - 2026/02/06 12:50:42
Table '36' 8-max Seat #6 is the button
Seat 1: dce14dbb (118,135 in chips)
Seat 2: Hero (99,650 in chips)
Seat 3: 1feacc99 (135,989 in chips)
Seat 4: 63cdcf24 (151,259 in chips)
Seat 5: 98127598 (93,050 in chips)
Seat 6: fc5c49c4 (52,359 in chips)
Seat 7: 70d31f54 (208,524 in chips)
Seat 8: 3381f3ef (159,450 in chips)
3381f3ef: posts the ante 350
Hero: posts the ante 350
dce14dbb: posts the ante 350
fc5c49c4: posts the ante 350
70d31f54: posts the ante 350
98127598: posts the ante 350
63cdcf24: posts the ante 350
1feacc99: posts the ante 350
70d31f54: posts small blind 1,250
3381f3ef: posts big blind 2,500
*** HOLE CARDS ***
Dealt to dce14dbb 
Dealt to Hero [9s 2h]
Dealt to 1feacc99 
Dealt to 63cdcf24 
Dealt to 98127598 
Dealt to fc5c49c4 
Dealt to 70d31f54 
Dealt to 3381f3ef 
dce14dbb: folds
Hero: folds
1feacc99: folds
63cdcf24: raises 2,500 to 5,000
98127598: folds
fc5c49c4: folds
70d31f54: folds
3381f3ef: folds
Uncalled bet (2,500) returned to 63cdcf24
*** SHOWDOWN ***
63cdcf24 collected 9,050 from pot
*** SUMMARY ***
Total pot 9,050 | Rake 0 | Jackpot 0 | Bingo 0 | Fortune 0 | Tax 0
Seat 1: dce14dbb folded before Flop
Seat 2: Hero folded before Flop
Seat 3: 1feacc99 folded before Flop
Seat 4: 63cdcf24 collected (9,050)
Seat 5: 98127598 folded before Flop
Seat 6: fc5c49c4 (button) folded before Flop
Seat 7: 70d31f54 (small blind) folded before Flop
Seat 8: 3381f3ef (big blind) folded before Flop


Poker Hand #TM5553400622: Tournament #261439744, Bounty Hunters Mini Big Game $10.80 Hold'em No Limit - Level7(1,250/2,500(350)) - 2026/02/06 12:49:58
Table '36' 8-max Seat #5 is the button
Seat 1: dce14dbb (118,485 in chips)
Seat 2: Hero (100,000 in chips)
Seat 3: 1feacc99 (136,339 in chips)
Seat 4: 63cdcf24 (151,609 in chips)
Seat 5: 98127598 (93,400 in chips)
Seat 6: fc5c49c4 (110,209 in chips)
Seat 7: 70d31f54 (148,574 in chips)
Seat 8: 3381f3ef (159,800 in chips)
3381f3ef: posts the ante 350
Hero: posts the ante 350
dce14dbb: posts the ante 350
70d31f54: posts the ante 350
fc5c49c4: posts the ante 350
98127598: posts the ante 350
63cdcf24: posts the ante 350
1feacc99: posts the ante 350
fc5c49c4: posts small blind 1,250
70d31f54: posts big blind 2,500
*** HOLE CARDS ***
Dealt to dce14dbb 
Dealt to Hero [9s 4h]
Dealt to 1feacc99 
Dealt to 63cdcf24 
Dealt to 98127598 
Dealt to fc5c49c4 
Dealt to 70d31f54 
Dealt to 3381f3ef 
3381f3ef: folds
dce14dbb: folds
Hero: folds
1feacc99: folds
63cdcf24: folds
98127598: folds
fc5c49c4: calls 1,250
70d31f54: checks
*** FLOP *** [9c 7d 5h]
fc5c49c4: bets 10,000
70d31f54: calls 10,000
*** TURN *** [9c 7d 5h] [Qd]
fc5c49c4: bets 20,000
70d31f54: calls 20,000
*** RIVER *** [9c 7d 5h Qd] [Th]
fc5c49c4: bets 25,000
70d31f54: calls 25,000
fc5c49c4: shows [9d Ac] (a pair of Nines)
70d31f54: shows [8c Td] (a pair of Tens)
*** SHOWDOWN ***
70d31f54 collected 117,800 from pot
*** SUMMARY ***
Total pot 117,800 | Rake 0 | Jackpot 0 | Bingo 0 | Fortune 0 | Tax 0
Board [9c 7d 5h Qd Th]
Seat 1: dce14dbb folded before Flop
Seat 2: Hero folded before Flop
Seat 3: 1feacc99 folded before Flop
Seat 4: 63cdcf24 folded before Flop
Seat 5: 98127598 (button) folded before Flop
Seat 6: fc5c49c4 (small blind) showed [9d Ac] and lost with a pair of Nines
Seat 7: 70d31f54 (big blind) showed [8c Td] and won (117,800) with a pair of Tens
Seat 8: 3381f3ef folded before Flop


