Poker Hand #TM5626885486: Tournament #265641622, Bounty Hunters Special $8.88 Hold'em No Limit - Level6(125/250(35)) - 2026/02/24 09:20:16
Table '56' 8-max Seat #5 is the button
Seat 1: 27440ee0 (7,521 in chips)
Seat 2: b5184993 (5,001 in chips)
Seat 3: Hero (13,070 in chips)
Seat 4: e485d755 (12,896 in chips)
Seat 5: 661f986b (7,356 in chips)
Seat 6: 54aa2e01 (9,034 in chips)
Seat 7: b217a959 (14,021 in chips)
Seat 8: 133a7a61 (8,605 in chips)
b217a959: posts the ante 35
133a7a61: posts the ante 35
Hero: posts the ante 35
661f986b: posts the ante 35
27440ee0: posts the ante 35
54aa2e01: posts the ante 35
e485d755: posts the ante 35
b5184993: posts the ante 35
54aa2e01: posts small blind 125
b217a959: posts big blind 250
*** HOLE CARDS ***
Dealt to 27440ee0 
Dealt to b5184993 
Dealt to Hero [6h 6d]
Dealt to e485d755 
Dealt to 661f986b 
Dealt to 54aa2e01 
Dealt to b217a959 
Dealt to 133a7a61 
133a7a61: folds
27440ee0: folds
b5184993: folds
Hero: raises 250 to 500
e485d755: calls 500
661f986b: folds
54aa2e01: calls 375
b217a959: calls 250
*** FLOP *** [6c 3s 7h]
54aa2e01: checks
b217a959: checks
Hero: bets 753
e485d755: folds
54aa2e01: folds
b217a959: calls 753
*** TURN *** [6c 3s 7h] [8c]
b217a959: bets 1,250
Hero: raises 1,750 to 3,000
b217a959: calls 1,750
*** RIVER *** [6c 3s 7h 8c] [9c]
b217a959: bets 9,733 and is all-in
Hero: calls 8,782 and is all-in
Uncalled bet (951) returned to b217a959
b217a959: shows [Tc 7c] (a straight flush, Ten to Six)
Hero: shows [6h 6d] (three of a kind, Sixes)
*** SHOWDOWN ***
b217a959 collected 27,350 from pot
*** SUMMARY ***
Total pot 27,350 | Rake 0 | Jackpot 0 | Bingo 0 | Fortune 0 | Tax 0
Board [6c 3s 7h 8c 9c]
Seat 1: 27440ee0 folded before Flop
Seat 2: b5184993 folded before Flop
Seat 3: Hero showed [6h 6d] and lost with three of a kind, Sixes
Seat 4: e485d755 folded on the Flop
Seat 5: 661f986b (button) folded before Flop
Seat 6: 54aa2e01 (small blind) folded on the Flop
Seat 7: b217a959 (big blind) showed [Tc 7c] and won (27,350) with a straight flush, Ten to Six
Seat 8: 133a7a61 folded before Flop


Poker Hand #TM5626885479: Tournament #265641622, Bounty Hunters Special $8.88 Hold'em No Limit - Level6(125/250(35)) - 2026/02/24 09:19:36
Table '56' 8-max Seat #4 is the button
Seat 1: 27440ee0 (7,556 in chips)
Seat 2: b5184993 (5,036 in chips)
Seat 3: Hero (13,105 in chips)
Seat 4: e485d755 (12,931 in chips)
Seat 5: 661f986b (6,361 in chips)
Seat 6: 54aa2e01 (9,819 in chips)
Seat 7: b217a959 (14,056 in chips)
Seat 8: 133a7a61 (8,640 in chips)
b217a959: posts the ante 35
133a7a61: posts the ante 35
Hero: posts the ante 35
27440ee0: posts the ante 35
54aa2e01: posts the ante 35
661f986b: posts the ante 35
e485d755: posts the ante 35
b5184993: posts the ante 35
661f986b: posts small blind 125
54aa2e01: posts big blind 250
*** HOLE CARDS ***
Dealt to 27440ee0 
Dealt to b5184993 
Dealt to Hero [2h 7h]
Dealt to e485d755 
Dealt to 661f986b 
Dealt to 54aa2e01 
Dealt to b217a959 
Dealt to 133a7a61 
b217a959: folds
133a7a61: folds
27440ee0: folds
b5184993: folds
Hero: folds
e485d755: folds
661f986b: raises 500 to 750
54aa2e01: calls 500
*** FLOP *** [7c Qs 3s]
661f986b: bets 588
54aa2e01: folds
Uncalled bet (588) returned to 661f986b
*** SHOWDOWN ***
661f986b collected 1,780 from pot
*** SUMMARY ***
Total pot 1,780 | Rake 0 | Jackpot 0 | Bingo 0 | Fortune 0 | Tax 0
Board [7c Qs 3s]
Seat 1: 27440ee0 folded before Flop
Seat 2: b5184993 folded before Flop
Seat 3: Hero folded before Flop
Seat 4: e485d755 (button) folded before Flop
Seat 5: 661f986b (small blind) won (1,780)
Seat 6: 54aa2e01 (big blind) folded on the Flop
Seat 7: b217a959 folded before Flop
Seat 8: 133a7a61 folded before Flop


Poker Hand #TM5626885458: Tournament #265641622, Bounty Hunters Special $8.88 Hold'em No Limit - Level6(125/250(35)) - 2026/02/24 09:18:05
Table '56' 8-max Seat #3 is the button
Seat 1: 27440ee0 (9,102 in chips)
Seat 2: b5184993 (5,071 in chips)
Seat 3: Hero (13,640 in chips)
Seat 4: e485d755 (13,091 in chips)
Seat 5: 661f986b (6,896 in chips)
Seat 6: 54aa2e01 (6,938 in chips)
Seat 7: b217a959 (14,091 in chips)
Seat 8: 133a7a61 (8,675 in chips)
b217a959: posts the ante 35
133a7a61: posts the ante 35
Hero: posts the ante 35
27440ee0: posts the ante 35
54aa2e01: posts the ante 35
661f986b: posts the ante 35
e485d755: posts the ante 35
b5184993: posts the ante 35
e485d755: posts small blind 125
661f986b: posts big blind 250
*** HOLE CARDS ***
Dealt to 27440ee0 
Dealt to b5184993 
Dealt to Hero [4d 4c]
Dealt to e485d755 
Dealt to 661f986b 
Dealt to 54aa2e01 
Dealt to b217a959 
Dealt to 133a7a61 
54aa2e01: raises 250 to 500
b217a959: folds
133a7a61: folds
27440ee0: calls 500
b5184993: folds
Hero: calls 500
e485d755: folds
661f986b: calls 250
*** FLOP *** [Qd 5c 8h]
661f986b: checks
54aa2e01: bets 1,011
27440ee0: calls 1,011
Hero: folds
661f986b: folds
*** TURN *** [Qd 5c 8h] [8d]
54aa2e01: checks
27440ee0: checks
*** RIVER *** [Qd 5c 8h 8d] [6s]
54aa2e01: bets 1,860
27440ee0: folds
Uncalled bet (1,860) returned to 54aa2e01
*** SHOWDOWN ***
54aa2e01 collected 4,427 from pot
*** SUMMARY ***
Total pot 4,427 | Rake 0 | Jackpot 0 | Bingo 0 | Fortune 0 | Tax 0
Board [Qd 5c 8h 8d 6s]
Seat 1: 27440ee0 folded on the River
Seat 2: b5184993 folded before Flop
Seat 3: Hero (button) folded on the Flop
Seat 4: e485d755 (small blind) folded before Flop
Seat 5: 661f986b (big blind) folded on the Flop
Seat 6: 54aa2e01 won (4,427)
Seat 7: b217a959 folded before Flop
Seat 8: 133a7a61 folded before Flop


Poker Hand #TM5626885448: Tournament #265641622, Bounty Hunters Special $8.88 Hold'em No Limit - Level5(100/200(30)) - 2026/02/24 09:17:09
Table '56' 8-max Seat #2 is the button
Seat 1: 27440ee0 (9,132 in chips)
Seat 2: b5184993 (5,101 in chips)
Seat 3: Hero (13,770 in chips)
Seat 4: e485d755 (13,321 in chips)
Seat 5: 661f986b (6,926 in chips)
Seat 6: 54aa2e01 (6,968 in chips)
Seat 7: b217a959 (14,121 in chips)
Seat 8: 133a7a61 (8,165 in chips)
b217a959: posts the ante 30
133a7a61: posts the ante 30
Hero: posts the ante 30
27440ee0: posts the ante 30
54aa2e01: posts the ante 30
661f986b: posts the ante 30
e485d755: posts the ante 30
b5184993: posts the ante 30
Hero: posts small blind 100
e485d755: posts big blind 200
*** HOLE CARDS ***
Dealt to 27440ee0 
Dealt to b5184993 
Dealt to Hero [5s Ac]
Dealt to e485d755 
Dealt to 661f986b 
Dealt to 54aa2e01 
Dealt to b217a959 
Dealt to 133a7a61 
661f986b: folds
54aa2e01: folds
b217a959: folds
133a7a61: raises 200 to 400
27440ee0: folds
b5184993: folds
Hero: folds
e485d755: folds
Uncalled bet (200) returned to 133a7a61
*** SHOWDOWN ***
133a7a61 collected 740 from pot
*** SUMMARY ***
Total pot 740 | Rake 0 | Jackpot 0 | Bingo 0 | Fortune 0 | Tax 0
Seat 1: 27440ee0 folded before Flop
Seat 2: b5184993 (button) folded before Flop
Seat 3: Hero (small blind) folded before Flop
Seat 4: e485d755 (big blind) folded before Flop
Seat 5: 661f986b folded before Flop
Seat 6: 54aa2e01 folded before Flop
Seat 7: b217a959 folded before Flop
Seat 8: 133a7a61 collected (740)


Poker Hand #TM5626885433: Tournament #265641622, Bounty Hunters Special $8.88 Hold'em No Limit - Level5(100/200(30)) - 2026/02/24 09:16:17
Table '56' 8-max Seat #1 is the button
Seat 1: 27440ee0 (9,162 in chips)
Seat 2: b5184993 (5,231 in chips)
Seat 3: Hero (14,000 in chips)
Seat 4: e485d755 (13,351 in chips)
Seat 5: 661f986b (3,223 in chips)
Seat 6: 54aa2e01 (6,998 in chips)
Seat 7: b217a959 (17,344 in chips)
Seat 8: 133a7a61 (8,195 in chips)
b217a959: posts the ante 30
133a7a61: posts the ante 30
Hero: posts the ante 30
27440ee0: posts the ante 30
54aa2e01: posts the ante 30
661f986b: posts the ante 30
e485d755: posts the ante 30
b5184993: posts the ante 30
b5184993: posts small blind 100
Hero: posts big blind 200
*** HOLE CARDS ***
Dealt to 27440ee0 
Dealt to b5184993 
Dealt to Hero [3d Ah]
Dealt to e485d755 
Dealt to 661f986b 
Dealt to 54aa2e01 
Dealt to b217a959 
Dealt to 133a7a61 
e485d755: folds
661f986b: raises 2,993 to 3,193 and is all-in
54aa2e01: folds
b217a959: raises 14,121 to 17,314 and is all-in
133a7a61: folds
27440ee0: folds
b5184993: folds
Hero: folds
Uncalled bet (14,121) returned to b217a959
b217a959: shows [4h 4s]
661f986b: shows [8s 8d]
*** FLOP *** [9s Kh Kd]
*** TURN *** [9s Kh Kd] [7c]
*** RIVER *** [9s Kh Kd 7c] [3c]
*** SHOWDOWN ***
661f986b collected 6,926 from pot
*** SUMMARY ***
Total pot 6,926 | Rake 0 | Jackpot 0 | Bingo 0 | Fortune 0 | Tax 0
Board [9s Kh Kd 7c 3c]
Seat 1: 27440ee0 (button) folded before Flop
Seat 2: b5184993 (small blind) folded before Flop
Seat 3: Hero (big blind) folded before Flop
Seat 4: e485d755 folded before Flop
Seat 5: 661f986b showed [8s 8d] and won (6,926) with two pair, Kings and Eights
Seat 6: 54aa2e01 folded before Flop
Seat 7: b217a959 showed [4h 4s] and lost with two pair, Kings and Fours
Seat 8: 133a7a61 folded before Flop


Poker Hand #TM5626885415: Tournament #265641622, Bounty Hunters Special $8.88 Hold'em No Limit - Level5(100/200(30)) - 2026/02/24 09:14:51
Table '56' 8-max Seat #8 is the button
Seat 1: 27440ee0 (9,292 in chips)
Seat 2: b5184993 (5,461 in chips)
Seat 3: Hero (14,030 in chips)
Seat 4: e485d755 (13,381 in chips)
Seat 5: 661f986b (10,955 in chips)
Seat 6: 54aa2e01 (8,428 in chips)
Seat 7: b217a959 (7,732 in chips)
Seat 8: 133a7a61 (8,225 in chips)
b217a959: posts the ante 30
133a7a61: posts the ante 30
Hero: posts the ante 30
54aa2e01: posts the ante 30
661f986b: posts the ante 30
27440ee0: posts the ante 30
e485d755: posts the ante 30
b5184993: posts the ante 30
27440ee0: posts small blind 100
b5184993: posts big blind 200
*** HOLE CARDS ***
Dealt to 27440ee0 
Dealt to b5184993 
Dealt to Hero [Jc 4s]
Dealt to e485d755 
Dealt to 661f986b 
Dealt to 54aa2e01 
Dealt to b217a959 
Dealt to 133a7a61 
Hero: folds
e485d755: folds
661f986b: raises 200 to 400
54aa2e01: raises 1,000 to 1,400
b217a959: raises 1,000 to 2,400
133a7a61: folds
27440ee0: folds
b5184993: folds
661f986b: raises 8,525 to 10,925 and is all-in
54aa2e01: folds
b217a959: calls 5,302 and is all-in
Uncalled bet (3,223) returned to 661f986b
661f986b: shows [5h 5d]
b217a959: shows [Ac Ad]
*** FLOP *** [Th 2s Kh]
*** TURN *** [Th 2s Kh] [5s]
*** RIVER *** [Th 2s Kh 5s] [Ah]
*** SHOWDOWN ***
b217a959 collected 17,344 from pot
*** SUMMARY ***
Total pot 17,344 | Rake 0 | Jackpot 0 | Bingo 0 | Fortune 0 | Tax 0
Board [Th 2s Kh 5s Ah]
Seat 1: 27440ee0 (small blind) folded before Flop
Seat 2: b5184993 (big blind) folded before Flop
Seat 3: Hero folded before Flop
Seat 4: e485d755 folded before Flop
Seat 5: 661f986b showed [5h 5d] and lost with three of a kind, Fives
Seat 6: 54aa2e01 folded before Flop
Seat 7: b217a959 showed [Ac Ad] and won (17,344) with three of a kind, Aces
Seat 8: 133a7a61 (button) folded before Flop


Poker Hand #TM5626885411: Tournament #265641622, Bounty Hunters Special $8.88 Hold'em No Limit - Level5(100/200(30)) - 2026/02/24 09:14:24
Table '56' 8-max Seat #7 is the button
Seat 1: 27440ee0 (9,522 in chips)
Seat 2: b5184993 (5,491 in chips)
Seat 3: Hero (14,060 in chips)
Seat 4: e485d755 (12,871 in chips)
Seat 5: 661f986b (10,985 in chips)
Seat 6: 54aa2e01 (8,458 in chips)
Seat 7: b217a959 (7,762 in chips)
Seat 8: 133a7a61 (8,355 in chips)
b217a959: posts the ante 30
133a7a61: posts the ante 30
Hero: posts the ante 30
54aa2e01: posts the ante 30
661f986b: posts the ante 30
27440ee0: posts the ante 30
e485d755: posts the ante 30
b5184993: posts the ante 30
133a7a61: posts small blind 100
27440ee0: posts big blind 200
*** HOLE CARDS ***
Dealt to 27440ee0 
Dealt to b5184993 
Dealt to Hero [7d 9s]
Dealt to e485d755 
Dealt to 661f986b 
Dealt to 54aa2e01 
Dealt to b217a959 
Dealt to 133a7a61 
b5184993: folds
Hero: folds
e485d755: raises 300 to 500
661f986b: folds
54aa2e01: folds
b217a959: folds
133a7a61: folds
27440ee0: folds
Uncalled bet (300) returned to e485d755
*** SHOWDOWN ***
e485d755 collected 740 from pot
*** SUMMARY ***
Total pot 740 | Rake 0 | Jackpot 0 | Bingo 0 | Fortune 0 | Tax 0
Seat 1: 27440ee0 (big blind) folded before Flop
Seat 2: b5184993 folded before Flop
Seat 3: Hero folded before Flop
Seat 4: e485d755 collected (740)
Seat 5: 661f986b folded before Flop
Seat 6: 54aa2e01 folded before Flop
Seat 7: b217a959 (button) folded before Flop
Seat 8: 133a7a61 (small blind) folded before Flop


Poker Hand #TM5626885395: Tournament #265641622, Bounty Hunters Special $8.88 Hold'em No Limit - Level5(100/200(30)) - 2026/02/24 09:13:21
Table '56' 8-max Seat #6 is the button
Seat 1: 27440ee0 (9,952 in chips)
Seat 2: b5184993 (5,521 in chips)
Seat 3: Hero (14,090 in chips)
Seat 4: e485d755 (12,901 in chips)
Seat 5: 661f986b (11,015 in chips)
Seat 6: 54aa2e01 (8,488 in chips)
Seat 7: b217a959 (8,192 in chips)
Seat 8: 133a7a61 (7,345 in chips)
b217a959: posts the ante 30
133a7a61: posts the ante 30
Hero: posts the ante 30
54aa2e01: posts the ante 30
661f986b: posts the ante 30
27440ee0: posts the ante 30
e485d755: posts the ante 30
b5184993: posts the ante 30
b217a959: posts small blind 100
133a7a61: posts big blind 200
*** HOLE CARDS ***
Dealt to 27440ee0 
Dealt to b5184993 
Dealt to Hero [Jc 8s]
Dealt to e485d755 
Dealt to 661f986b 
Dealt to 54aa2e01 
Dealt to b217a959 
Dealt to 133a7a61 
27440ee0: raises 200 to 400
b5184993: folds
Hero: folds
e485d755: folds
661f986b: folds
54aa2e01: folds
b217a959: calls 300
133a7a61: raises 1,400 to 1,800
27440ee0: folds
b217a959: folds
Uncalled bet (1,400) returned to 133a7a61
*** SHOWDOWN ***
133a7a61 collected 1,440 from pot
*** SUMMARY ***
Total pot 1,440 | Rake 0 | Jackpot 0 | Bingo 0 | Fortune 0 | Tax 0
Seat 1: 27440ee0 folded before Flop
Seat 2: b5184993 folded before Flop
Seat 3: Hero folded before Flop
Seat 4: e485d755 folded before Flop
Seat 5: 661f986b folded before Flop
Seat 6: 54aa2e01 (button) folded before Flop
Seat 7: b217a959 (small blind) folded before Flop
Seat 8: 133a7a61 (big blind) collected (1,440)


Poker Hand #TM5626885384: Tournament #265641622, Bounty Hunters Special $8.88 Hold'em No Limit - Level5(100/200(30)) - 2026/02/24 09:12:33
Table '56' 8-max Seat #5 is the button
Seat 1: 27440ee0 (9,982 in chips)
Seat 2: b5184993 (5,551 in chips)
Seat 3: Hero (13,280 in chips)
Seat 4: e485d755 (12,931 in chips)
Seat 5: 661f986b (11,045 in chips)
Seat 6: 54aa2e01 (8,918 in chips)
Seat 7: b217a959 (8,422 in chips)
Seat 8: 133a7a61 (7,375 in chips)
b217a959: posts the ante 30
133a7a61: posts the ante 30
Hero: posts the ante 30
661f986b: posts the ante 30
27440ee0: posts the ante 30
54aa2e01: posts the ante 30
e485d755: posts the ante 30
b5184993: posts the ante 30
54aa2e01: posts small blind 100
b217a959: posts big blind 200
*** HOLE CARDS ***
Dealt to 27440ee0 
Dealt to b5184993 
Dealt to Hero [2c 2s]
Dealt to e485d755 
Dealt to 661f986b 
Dealt to 54aa2e01 
Dealt to b217a959 
Dealt to 133a7a61 
133a7a61: folds
27440ee0: folds
b5184993: folds
Hero: raises 200 to 400
e485d755: folds
661f986b: folds
54aa2e01: calls 300
b217a959: folds
*** FLOP *** [6h Ac 3h]
54aa2e01: checks
Hero: bets 410
54aa2e01: folds
Uncalled bet (410) returned to Hero
*** SHOWDOWN ***
Hero collected 1,240 from pot
*** SUMMARY ***
Total pot 1,240 | Rake 0 | Jackpot 0 | Bingo 0 | Fortune 0 | Tax 0
Board [6h Ac 3h]
Seat 1: 27440ee0 folded before Flop
Seat 2: b5184993 folded before Flop
Seat 3: Hero won (1,240)
Seat 4: e485d755 folded before Flop
Seat 5: 661f986b (button) folded before Flop
Seat 6: 54aa2e01 (small blind) folded on the Flop
Seat 7: b217a959 (big blind) folded before Flop
Seat 8: 133a7a61 folded before Flop


Poker Hand #TM5626885372: Tournament #265641622, Bounty Hunters Special $8.88 Hold'em No Limit - Level5(100/200(30)) - 2026/02/24 09:11:35
Table '56' 8-max Seat #4 is the button
Seat 1: 27440ee0 (10,012 in chips)
Seat 2: b5184993 (5,581 in chips)
Seat 3: Hero (13,310 in chips)
Seat 4: e485d755 (12,961 in chips)
Seat 5: 661f986b (9,270 in chips)
Seat 6: 54aa2e01 (10,513 in chips)
Seat 7: b217a959 (8,452 in chips)
Seat 8: 133a7a61 (7,405 in chips)
b217a959: posts the ante 30
133a7a61: posts the ante 30
Hero: posts the ante 30
27440ee0: posts the ante 30
54aa2e01: posts the ante 30
661f986b: posts the ante 30
e485d755: posts the ante 30
b5184993: posts the ante 30
661f986b: posts small blind 100
54aa2e01: posts big blind 200
*** HOLE CARDS ***
Dealt to 27440ee0 
Dealt to b5184993 
Dealt to Hero [3s 4c]
Dealt to e485d755 
Dealt to 661f986b 
Dealt to 54aa2e01 
Dealt to b217a959 
Dealt to 133a7a61 
b217a959: folds
133a7a61: folds
27440ee0: folds
b5184993: folds
Hero: folds
e485d755: folds
661f986b: raises 400 to 600
54aa2e01: raises 965 to 1,565
661f986b: raises 1,435 to 3,000
54aa2e01: folds
Uncalled bet (1,435) returned to 661f986b
*** SHOWDOWN ***
661f986b collected 3,370 from pot
*** SUMMARY ***
Total pot 3,370 | Rake 0 | Jackpot 0 | Bingo 0 | Fortune 0 | Tax 0
Seat 1: 27440ee0 folded before Flop
Seat 2: b5184993 folded before Flop
Seat 3: Hero folded before Flop
Seat 4: e485d755 (button) folded before Flop
Seat 5: 661f986b (small blind) collected (3,370)
Seat 6: 54aa2e01 (big blind) folded before Flop
Seat 7: b217a959 folded before Flop
Seat 8: 133a7a61 folded before Flop


Poker Hand #TM5626885353: Tournament #265641622, Bounty Hunters Special $8.88 Hold'em No Limit - Level5(100/200(30)) - 2026/02/24 09:10:05
Table '56' 8-max Seat #3 is the button
Seat 1: 27440ee0 (10,042 in chips)
Seat 2: b5184993 (7,851 in chips)
Seat 3: Hero (13,340 in chips)
Seat 4: e485d755 (9,911 in chips)
Seat 5: 661f986b (9,500 in chips)
Seat 6: 54aa2e01 (10,543 in chips)
Seat 7: b217a959 (8,482 in chips)
Seat 8: 133a7a61 (7,835 in chips)
b217a959: posts the ante 30
133a7a61: posts the ante 30
Hero: posts the ante 30
27440ee0: posts the ante 30
54aa2e01: posts the ante 30
661f986b: posts the ante 30
e485d755: posts the ante 30
b5184993: posts the ante 30
e485d755: posts small blind 100
661f986b: posts big blind 200
*** HOLE CARDS ***
Dealt to 27440ee0 
Dealt to b5184993 
Dealt to Hero [7h 6s]
Dealt to e485d755 
Dealt to 661f986b 
Dealt to 54aa2e01 
Dealt to b217a959 
Dealt to 133a7a61 
54aa2e01: folds
b217a959: folds
133a7a61: raises 200 to 400
27440ee0: folds
b5184993: calls 400
Hero: folds
e485d755: raises 1,840 to 2,240
661f986b: folds
133a7a61: folds
b5184993: calls 1,840
*** FLOP *** [8c 3d 4h]
e485d755: bets 7,641 and is all-in
b5184993: folds
Uncalled bet (7,641) returned to e485d755
*** SHOWDOWN ***
e485d755 collected 5,320 from pot
*** SUMMARY ***
Total pot 5,320 | Rake 0 | Jackpot 0 | Bingo 0 | Fortune 0 | Tax 0
Board [8c 3d 4h]
Seat 1: 27440ee0 folded before Flop
Seat 2: b5184993 folded on the Flop
Seat 3: Hero (button) folded before Flop
Seat 4: e485d755 (small blind) won (5,320)
Seat 5: 661f986b (big blind) folded before Flop
Seat 6: 54aa2e01 folded before Flop
Seat 7: b217a959 folded before Flop
Seat 8: 133a7a61 folded before Flop


Poker Hand #TM5626885336: Tournament #265641622, Bounty Hunters Special $8.88 Hold'em No Limit - Level4(80/160(25)) - 2026/02/24 09:09:09
Table '56' 8-max Seat #2 is the button
Seat 1: 27440ee0 (10,067 in chips)
Seat 2: b5184993 (8,196 in chips)
Seat 3: Hero (13,685 in chips)
Seat 4: e485d755 (10,878 in chips)
Seat 5: 661f986b (9,525 in chips)
Seat 6: 54aa2e01 (8,786 in chips)
Seat 7: b217a959 (8,507 in chips)
Seat 8: 133a7a61 (7,860 in chips)
b217a959: posts the ante 25
133a7a61: posts the ante 25
Hero: posts the ante 25
27440ee0: posts the ante 25
54aa2e01: posts the ante 25
661f986b: posts the ante 25
e485d755: posts the ante 25
b5184993: posts the ante 25
Hero: posts small blind 80
e485d755: posts big blind 160
*** HOLE CARDS ***
Dealt to 27440ee0 
Dealt to b5184993 
Dealt to Hero [Ad Jc]
Dealt to e485d755 
Dealt to 661f986b 
Dealt to 54aa2e01 
Dealt to b217a959 
Dealt to 133a7a61 
661f986b: folds
54aa2e01: raises 160 to 320
b217a959: folds
133a7a61: folds
27440ee0: folds
b5184993: calls 320
Hero: calls 240
e485d755: calls 160
*** FLOP *** [7c 3c 8d]
Hero: checks
e485d755: checks
54aa2e01: bets 622
b5184993: folds
Hero: folds
e485d755: calls 622
*** TURN *** [7c 3c 8d] [6h]
e485d755: checks
54aa2e01: checks
*** RIVER *** [7c 3c 8d 6h] [Ks]
e485d755: checks
54aa2e01: checks
e485d755: shows [4h 4d] (a pair of Fours)
54aa2e01: shows [7s As] (a pair of Sevens)
*** SHOWDOWN ***
54aa2e01 collected 2,724 from pot
*** SUMMARY ***
Total pot 2,724 | Rake 0 | Jackpot 0 | Bingo 0 | Fortune 0 | Tax 0
Board [7c 3c 8d 6h Ks]
Seat 1: 27440ee0 folded before Flop
Seat 2: b5184993 (button) folded on the Flop
Seat 3: Hero (small blind) folded on the Flop
Seat 4: e485d755 (big blind) showed [4h 4d] and lost with a pair of Fours
Seat 5: 661f986b folded before Flop
Seat 6: 54aa2e01 showed [7s As] and won (2,724) with a pair of Sevens
Seat 7: b217a959 folded before Flop
Seat 8: 133a7a61 folded before Flop


Poker Hand #TM5626885310: Tournament #265641622, Bounty Hunters Special $8.88 Hold'em No Limit - Level4(80/160(25)) - 2026/02/24 09:07:35
Table '56' 8-max Seat #1 is the button
Seat 1: 27440ee0 (10,092 in chips)
Seat 2: b5184993 (8,301 in chips)
Seat 3: Hero (14,030 in chips)
Seat 4: e485d755 (10,903 in chips)
Seat 5: 661f986b (8,220 in chips)
Seat 6: 54aa2e01 (8,811 in chips)
Seat 7: b217a959 (8,532 in chips)
Seat 8: 133a7a61 (8,615 in chips)
b217a959: posts the ante 25
133a7a61: posts the ante 25
Hero: posts the ante 25
27440ee0: posts the ante 25
54aa2e01: posts the ante 25
661f986b: posts the ante 25
e485d755: posts the ante 25
b5184993: posts the ante 25
b5184993: posts small blind 80
Hero: posts big blind 160
*** HOLE CARDS ***
Dealt to 27440ee0 
Dealt to b5184993 
Dealt to Hero [Kd Ts]
Dealt to e485d755 
Dealt to 661f986b 
Dealt to 54aa2e01 
Dealt to b217a959 
Dealt to 133a7a61 
e485d755: folds
661f986b: raises 160 to 320
54aa2e01: folds
b217a959: folds
133a7a61: calls 320
27440ee0: folds
b5184993: folds
Hero: calls 160
*** FLOP *** [7d 2h Qc]
Hero: checks
661f986b: bets 410
133a7a61: calls 410
Hero: folds
*** TURN *** [7d 2h Qc] [8c]
661f986b: bets 1,545
133a7a61: folds
Uncalled bet (1,545) returned to 661f986b
*** SHOWDOWN ***
661f986b collected 2,060 from pot
*** SUMMARY ***
Total pot 2,060 | Rake 0 | Jackpot 0 | Bingo 0 | Fortune 0 | Tax 0
Board [7d 2h Qc 8c]
Seat 1: 27440ee0 (button) folded before Flop
Seat 2: b5184993 (small blind) folded before Flop
Seat 3: Hero (big blind) folded on the Flop
Seat 4: e485d755 folded before Flop
Seat 5: 661f986b won (2,060)
Seat 6: 54aa2e01 folded before Flop
Seat 7: b217a959 folded before Flop
Seat 8: 133a7a61 folded on the Turn


Poker Hand #TM5626885295: Tournament #265641622, Bounty Hunters Special $8.88 Hold'em No Limit - Level4(80/160(25)) - 2026/02/24 09:06:46
Table '56' 8-max Seat #8 is the button
Seat 1: 27440ee0 (10,197 in chips)
Seat 2: b5184993 (8,486 in chips)
Seat 3: Hero (14,055 in chips)
Seat 4: e485d755 (9,208 in chips)
Seat 5: 661f986b (8,245 in chips)
Seat 6: 54aa2e01 (10,116 in chips)
Seat 7: b217a959 (8,557 in chips)
Seat 8: 133a7a61 (8,640 in chips)
b217a959: posts the ante 25
133a7a61: posts the ante 25
Hero: posts the ante 25
54aa2e01: posts the ante 25
661f986b: posts the ante 25
27440ee0: posts the ante 25
e485d755: posts the ante 25
b5184993: posts the ante 25
27440ee0: posts small blind 80
b5184993: posts big blind 160
*** HOLE CARDS ***
Dealt to 27440ee0 
Dealt to b5184993 
Dealt to Hero [4s 6h]
Dealt to e485d755 
Dealt to 661f986b 
Dealt to 54aa2e01 
Dealt to b217a959 
Dealt to 133a7a61 
Hero: folds
e485d755: raises 240 to 400
661f986b: folds
54aa2e01: raises 880 to 1,280
b217a959: folds
133a7a61: folds
27440ee0: folds
b5184993: folds
e485d755: raises 7,903 to 9,183 and is all-in
54aa2e01: folds
Uncalled bet (7,903) returned to e485d755
*** SHOWDOWN ***
e485d755 collected 3,000 from pot
*** SUMMARY ***
Total pot 3,000 | Rake 0 | Jackpot 0 | Bingo 0 | Fortune 0 | Tax 0
Seat 1: 27440ee0 (small blind) folded before Flop
Seat 2: b5184993 (big blind) folded before Flop
Seat 3: Hero folded before Flop
Seat 4: e485d755 collected (3,000)
Seat 5: 661f986b folded before Flop
Seat 6: 54aa2e01 folded before Flop
Seat 7: b217a959 folded before Flop
Seat 8: 133a7a61 (button) folded before Flop


Poker Hand #TM5626885278: Tournament #265641622, Bounty Hunters Special $8.88 Hold'em No Limit - Level4(80/160(25)) - 2026/02/24 09:05:41
Table '56' 8-max Seat #7 is the button
Seat 1: 27440ee0 (10,382 in chips)
Seat 2: b5184993 (2,707 in chips)
Seat 3: Hero (16,762 in chips)
Seat 4: e485d755 (11,915 in chips)
Seat 5: 661f986b (8,270 in chips)
Seat 6: 54aa2e01 (10,141 in chips)
Seat 7: b217a959 (8,582 in chips)
Seat 8: 133a7a61 (8,745 in chips)
b217a959: posts the ante 25
133a7a61: posts the ante 25
Hero: posts the ante 25
54aa2e01: posts the ante 25
661f986b: posts the ante 25
27440ee0: posts the ante 25
e485d755: posts the ante 25
b5184993: posts the ante 25
133a7a61: posts small blind 80
27440ee0: posts big blind 160
*** HOLE CARDS ***
Dealt to 27440ee0 
Dealt to b5184993 
Dealt to Hero [9h Th]
Dealt to e485d755 
Dealt to 661f986b 
Dealt to 54aa2e01 
Dealt to b217a959 
Dealt to 133a7a61 
b5184993: raises 2,522 to 2,682 and is all-in
Hero: calls 2,682
e485d755: calls 2,682
661f986b: folds
54aa2e01: folds
b217a959: folds
133a7a61: folds
27440ee0: folds
*** FLOP *** [Qs 5d Ah]
Hero: bets 2,801
e485d755: folds
Uncalled bet (2,801) returned to Hero
Hero: shows [9h Th] (Ace high)
b5184993: shows [Ts Td] (a pair of Tens)
*** TURN *** [Qs 5d Ah] [Kd]
*** RIVER *** [Qs 5d Ah Kd] [Ac]
*** SHOWDOWN ***
b5184993 collected 8,486 from pot
*** SUMMARY ***
Total pot 8,486 | Rake 0 | Jackpot 0 | Bingo 0 | Fortune 0 | Tax 0
Board [Qs 5d Ah Kd Ac]
Seat 1: 27440ee0 (big blind) folded before Flop
Seat 2: b5184993 showed [Ts Td] and won (8,486) with two pair, Aces and Tens
Seat 3: Hero showed [9h Th] and lost with a pair of Aces
Seat 4: e485d755 folded on the Flop
Seat 5: 661f986b folded before Flop
Seat 6: 54aa2e01 folded before Flop
Seat 7: b217a959 (button) folded before Flop
Seat 8: 133a7a61 (small blind) folded before Flop


Poker Hand #TM5626885273: Tournament #265641622, Bounty Hunters Special $8.88 Hold'em No Limit - Level4(80/160(25)) - 2026/02/24 09:05:10
Table '56' 8-max Seat #6 is the button
Seat 1: 27440ee0 (9,967 in chips)
Seat 2: b5184993 (2,732 in chips)
Seat 3: Hero (16,787 in chips)
Seat 4: e485d755 (11,940 in chips)
Seat 5: 661f986b (8,295 in chips)
Seat 6: 54aa2e01 (10,166 in chips)
Seat 7: b217a959 (8,687 in chips)
Seat 8: 133a7a61 (8,930 in chips)
b217a959: posts the ante 25
133a7a61: posts the ante 25
Hero: posts the ante 25
54aa2e01: posts the ante 25
661f986b: posts the ante 25
27440ee0: posts the ante 25
e485d755: posts the ante 25
b5184993: posts the ante 25
b217a959: posts small blind 80
133a7a61: posts big blind 160
*** HOLE CARDS ***
Dealt to 27440ee0 
Dealt to b5184993 
Dealt to Hero [Ks 2c]
Dealt to e485d755 
Dealt to 661f986b 
Dealt to 54aa2e01 
Dealt to b217a959 
Dealt to 133a7a61 
27440ee0: raises 160 to 320
b5184993: folds
Hero: folds
e485d755: folds
661f986b: folds
54aa2e01: folds
b217a959: folds
133a7a61: folds
Uncalled bet (160) returned to 27440ee0
*** SHOWDOWN ***
27440ee0 collected 600 from pot
*** SUMMARY ***
Total pot 600 | Rake 0 | Jackpot 0 | Bingo 0 | Fortune 0 | Tax 0
Seat 1: 27440ee0 collected (600)
Seat 2: b5184993 folded before Flop
Seat 3: Hero folded before Flop
Seat 4: e485d755 folded before Flop
Seat 5: 661f986b folded before Flop
Seat 6: 54aa2e01 (button) folded before Flop
Seat 7: b217a959 (small blind) folded before Flop
Seat 8: 133a7a61 (big blind) folded before Flop


Poker Hand #TM5626885254: Tournament #265641622, Bounty Hunters Special $8.88 Hold'em No Limit - Level4(80/160(25)) - 2026/02/24 09:04:02
Table '56' 8-max Seat #5 is the button
Seat 1: 27440ee0 (10,863 in chips)
Seat 2: b5184993 (2,757 in chips)
Seat 3: Hero (16,812 in chips)
Seat 4: e485d755 (10,654 in chips)
Seat 5: 661f986b (8,320 in chips)
Seat 6: 54aa2e01 (10,271 in chips)
Seat 7: b217a959 (8,872 in chips)
Seat 8: 133a7a61 (8,955 in chips)
b217a959: posts the ante 25
133a7a61: posts the ante 25
Hero: posts the ante 25
661f986b: posts the ante 25
27440ee0: posts the ante 25
54aa2e01: posts the ante 25
e485d755: posts the ante 25
b5184993: posts the ante 25
54aa2e01: posts small blind 80
b217a959: posts big blind 160
*** HOLE CARDS ***
Dealt to 27440ee0 
Dealt to b5184993 
Dealt to Hero [2c 4s]
Dealt to e485d755 
Dealt to 661f986b 
Dealt to 54aa2e01 
Dealt to b217a959 
Dealt to 133a7a61 
133a7a61: folds
27440ee0: raises 160 to 320
b5184993: folds
Hero: folds
e485d755: calls 320
661f986b: folds
54aa2e01: folds
b217a959: folds
*** FLOP *** [8c Kc 7c]
27440ee0: bets 551
e485d755: calls 551
*** TURN *** [8c Kc 7c] [9d]
27440ee0: checks
e485d755: checks
*** RIVER *** [8c Kc 7c 9d] [Ts]
27440ee0: checks
e485d755: checks
27440ee0: shows [As Ah] (a pair of Aces)
e485d755: shows [7s 6h] (a straight, Ten to Six)
*** SHOWDOWN ***
e485d755 collected 2,182 from pot
*** SUMMARY ***
Total pot 2,182 | Rake 0 | Jackpot 0 | Bingo 0 | Fortune 0 | Tax 0
Board [8c Kc 7c 9d Ts]
Seat 1: 27440ee0 showed [As Ah] and lost with a pair of Aces
Seat 2: b5184993 folded before Flop
Seat 3: Hero folded before Flop
Seat 4: e485d755 showed [7s 6h] and won (2,182) with a straight, Ten to Six
Seat 5: 661f986b (button) folded before Flop
Seat 6: 54aa2e01 (small blind) folded before Flop
Seat 7: b217a959 (big blind) folded before Flop
Seat 8: 133a7a61 folded before Flop


Poker Hand #TM5626885241: Tournament #265641622, Bounty Hunters Special $8.88 Hold'em No Limit - Level4(80/160(25)) - 2026/02/24 09:03:16
Table '56' 8-max Seat #4 is the button
Seat 1: 27440ee0 (10,888 in chips)
Seat 2: b5184993 (2,782 in chips)
Seat 3: Hero (16,837 in chips)
Seat 4: e485d755 (10,047 in chips)
Seat 5: 661f986b (8,425 in chips)
Seat 6: 54aa2e01 (10,648 in chips)
Seat 7: b217a959 (8,897 in chips)
Seat 8: 133a7a61 (8,980 in chips)
b217a959: posts the ante 25
133a7a61: posts the ante 25
Hero: posts the ante 25
27440ee0: posts the ante 25
54aa2e01: posts the ante 25
661f986b: posts the ante 25
e485d755: posts the ante 25
b5184993: posts the ante 25
661f986b: posts small blind 80
54aa2e01: posts big blind 160
*** HOLE CARDS ***
Dealt to 27440ee0 
Dealt to b5184993 
Dealt to Hero [7c Jd]
Dealt to e485d755 
Dealt to 661f986b 
Dealt to 54aa2e01 
Dealt to b217a959 
Dealt to 133a7a61 
b217a959: folds
133a7a61: folds
27440ee0: folds
b5184993: folds
Hero: folds
e485d755: raises 192 to 352
661f986b: folds
54aa2e01: calls 192
*** FLOP *** [2s Kc 7d]
54aa2e01: checks
e485d755: bets 492
54aa2e01: folds
Uncalled bet (492) returned to e485d755
*** SHOWDOWN ***
e485d755 collected 984 from pot
*** SUMMARY ***
Total pot 984 | Rake 0 | Jackpot 0 | Bingo 0 | Fortune 0 | Tax 0
Board [2s Kc 7d]
Seat 1: 27440ee0 folded before Flop
Seat 2: b5184993 folded before Flop
Seat 3: Hero folded before Flop
Seat 4: e485d755 (button) won (984)
Seat 5: 661f986b (small blind) folded before Flop
Seat 6: 54aa2e01 (big blind) folded on the Flop
Seat 7: b217a959 folded before Flop
Seat 8: 133a7a61 folded before Flop


Poker Hand #TM5626885229: Tournament #265641622, Bounty Hunters Special $8.88 Hold'em No Limit - Level4(80/160(25)) - 2026/02/24 09:02:21
Table '56' 8-max Seat #3 is the button
Seat 1: 27440ee0 (10,913 in chips)
Seat 2: b5184993 (2,807 in chips)
Seat 3: Hero (16,862 in chips)
Seat 4: e485d755 (8,322 in chips)
Seat 5: 661f986b (10,000 in chips)
Seat 6: 54aa2e01 (10,673 in chips)
Seat 7: b217a959 (8,922 in chips)
Seat 8: 133a7a61 (9,005 in chips)
b217a959: posts the ante 25
133a7a61: posts the ante 25
Hero: posts the ante 25
27440ee0: posts the ante 25
54aa2e01: posts the ante 25
661f986b: posts the ante 25
e485d755: posts the ante 25
b5184993: posts the ante 25
e485d755: posts small blind 80
661f986b: posts big blind 160
*** HOLE CARDS ***
Dealt to 27440ee0 
Dealt to b5184993 
Dealt to Hero [6c 3h]
Dealt to e485d755 
Dealt to 661f986b 
Dealt to 54aa2e01 
Dealt to b217a959 
Dealt to 133a7a61 
54aa2e01: folds
b217a959: folds
133a7a61: folds
27440ee0: folds
b5184993: folds
Hero: folds
e485d755: raises 400 to 560
661f986b: calls 400
*** FLOP *** [5s 2d Tc]
e485d755: bets 990
661f986b: calls 990
*** TURN *** [5s 2d Tc] [2s]
e485d755: bets 2,475
661f986b: folds
Uncalled bet (2,475) returned to e485d755
*** SHOWDOWN ***
e485d755 collected 3,300 from pot
*** SUMMARY ***
Total pot 3,300 | Rake 0 | Jackpot 0 | Bingo 0 | Fortune 0 | Tax 0
Board [5s 2d Tc 2s]
Seat 1: 27440ee0 folded before Flop
Seat 2: b5184993 folded before Flop
Seat 3: Hero (button) folded before Flop
Seat 4: e485d755 (small blind) won (3,300)
Seat 5: 661f986b (big blind) folded on the Turn
Seat 6: 54aa2e01 folded before Flop
Seat 7: b217a959 folded before Flop
Seat 8: 133a7a61 folded before Flop


Poker Hand #TM5626885181: Tournament #265641622, Bounty Hunters Special $8.88 Hold'em No Limit - Level4(80/160(25)) - 2026/02/24 08:54:01
Table '56' 8-max Seat #2 is the button
Seat 1: 27440ee0 (10,938 in chips)
Seat 2: b5184993 (11,967 in chips)
Seat 3: Hero (17,367 in chips)
Seat 4: e485d755 (8,507 in chips)
Seat 5: bccc216b (9,160 in chips)
Seat 6: 54aa2e01 (10,698 in chips)
Seat 7: b217a959 (8,947 in chips)
Seat 8: 133a7a61 (9,030 in chips)
b217a959: posts the ante 25
133a7a61: posts the ante 25
Hero: posts the ante 25
27440ee0: posts the ante 25
54aa2e01: posts the ante 25
e485d755: posts the ante 25
b5184993: posts the ante 25
bccc216b: posts the ante 25
Hero: posts small blind 80
e485d755: posts big blind 160
*** HOLE CARDS ***
Dealt to 27440ee0 
Dealt to b5184993 
Dealt to Hero [9s Ks]
Dealt to e485d755 
Dealt to bccc216b 
Dealt to 54aa2e01 
Dealt to b217a959 
Dealt to 133a7a61 
bccc216b: calls 160
54aa2e01: folds
b217a959: folds
133a7a61: folds
27440ee0: folds
b5184993: raises 320 to 480
Hero: calls 400
e485d755: folds
bccc216b: calls 320
*** FLOP *** [6d 4c 2s]
Hero: checks
bccc216b: bets 900
b5184993: calls 900
Hero: folds
*** TURN *** [6d 4c 2s] [Kc]
bccc216b: bets 1,188
b5184993: calls 1,188
*** RIVER *** [6d 4c 2s Kc] [Tc]
bccc216b: bets 2,988
b5184993: raises 6,386 to 9,374 and is all-in
bccc216b: calls 3,579 and is all-in
Uncalled bet (2,807) returned to b5184993
b5184993: shows [5d 5s] (a pair of Fives)
bccc216b: shows [7h 7s] (a pair of Sevens)
*** SHOWDOWN ***
bccc216b collected 19,110 from pot
*** SUMMARY ***
Total pot 19,110 | Rake 0 | Jackpot 0 | Bingo 0 | Fortune 0 | Tax 0
Board [6d 4c 2s Kc Tc]
Seat 1: 27440ee0 folded before Flop
Seat 2: b5184993 (button) showed [5d 5s] and lost with a pair of Fives
Seat 3: Hero (small blind) folded on the Flop
Seat 4: e485d755 (big blind) folded before Flop
Seat 5: bccc216b showed [7h 7s] and won (19,110) with a pair of Sevens
Seat 6: 54aa2e01 folded before Flop
Seat 7: b217a959 folded before Flop
Seat 8: 133a7a61 folded before Flop


Poker Hand #TM5626885160: Tournament #265641622, Bounty Hunters Special $8.88 Hold'em No Limit - Level3(70/140(20)) - 2026/02/24 08:52:49
Table '56' 8-max Seat #1 is the button
Seat 1: 27440ee0 (10,958 in chips)
Seat 2: b5184993 (12,057 in chips)
Seat 3: Hero (17,737 in chips)
Seat 4: e485d755 (7,597 in chips)
Seat 5: bccc216b (9,180 in chips)
Seat 6: 54aa2e01 (10,718 in chips)
Seat 7: b217a959 (8,967 in chips)
Seat 8: 133a7a61 (9,400 in chips)
b217a959: posts the ante 20
133a7a61: posts the ante 20
Hero: posts the ante 20
27440ee0: posts the ante 20
54aa2e01: posts the ante 20
e485d755: posts the ante 20
bccc216b: posts the ante 20
b5184993: posts the ante 20
b5184993: posts small blind 70
Hero: posts big blind 140
*** HOLE CARDS ***
Dealt to 27440ee0 
Dealt to b5184993 
Dealt to Hero [6c Kh]
Dealt to e485d755 
Dealt to bccc216b 
Dealt to 54aa2e01 
Dealt to b217a959 
Dealt to 133a7a61 
e485d755: raises 210 to 350
bccc216b: folds
54aa2e01: folds
b217a959: folds
133a7a61: calls 350
27440ee0: folds
b5184993: folds
Hero: calls 210
*** FLOP *** [9d 3s Qd]
Hero: checks
e485d755: checks
133a7a61: checks
*** TURN *** [9d 3s Qd] [6h]
Hero: checks
e485d755: checks
133a7a61: checks
*** RIVER *** [9d 3s Qd 6h] [Jh]
Hero: checks
e485d755: bets 960
133a7a61: folds
Hero: folds
Uncalled bet (960) returned to e485d755
*** SHOWDOWN ***
e485d755 collected 1,280 from pot
*** SUMMARY ***
Total pot 1,280 | Rake 0 | Jackpot 0 | Bingo 0 | Fortune 0 | Tax 0
Board [9d 3s Qd 6h Jh]
Seat 1: 27440ee0 (button) folded before Flop
Seat 2: b5184993 (small blind) folded before Flop
Seat 3: Hero (big blind) folded on the River
Seat 4: e485d755 won (1,280)
Seat 5: bccc216b folded before Flop
Seat 6: 54aa2e01 folded before Flop
Seat 7: b217a959 folded before Flop
Seat 8: 133a7a61 folded on the River


Poker Hand #TM5626885143: Tournament #265641622, Bounty Hunters Special $8.88 Hold'em No Limit - Level3(70/140(20)) - 2026/02/24 08:51:53
Table '56' 8-max Seat #8 is the button
Seat 1: 27440ee0 (10,453 in chips)
Seat 2: b5184993 (12,442 in chips)
Seat 3: Hero (17,757 in chips)
Seat 4: e485d755 (7,617 in chips)
Seat 5: bccc216b (9,200 in chips)
Seat 6: 54aa2e01 (10,738 in chips)
Seat 7: b217a959 (8,987 in chips)
Seat 8: 133a7a61 (9,420 in chips)
b217a959: posts the ante 20
133a7a61: posts the ante 20
Hero: posts the ante 20
54aa2e01: posts the ante 20
27440ee0: posts the ante 20
e485d755: posts the ante 20
bccc216b: posts the ante 20
b5184993: posts the ante 20
27440ee0: posts small blind 70
b5184993: posts big blind 140
*** HOLE CARDS ***
Dealt to 27440ee0 
Dealt to b5184993 
Dealt to Hero [4d As]
Dealt to e485d755 
Dealt to bccc216b 
Dealt to 54aa2e01 
Dealt to b217a959 
Dealt to 133a7a61 
Hero: folds
e485d755: folds
bccc216b: folds
54aa2e01: folds
b217a959: folds
133a7a61: folds
27440ee0: calls 70
b5184993: checks
*** FLOP *** [Qd 9c 6h]
27440ee0: checks
b5184993: checks
*** TURN *** [Qd 9c 6h] [7d]
27440ee0: bets 225
b5184993: calls 225
*** RIVER *** [Qd 9c 6h 7d] [Qs]
27440ee0: bets 739
b5184993: folds
Uncalled bet (739) returned to 27440ee0
*** SHOWDOWN ***
27440ee0 collected 890 from pot
*** SUMMARY ***
Total pot 890 | Rake 0 | Jackpot 0 | Bingo 0 | Fortune 0 | Tax 0
Board [Qd 9c 6h 7d Qs]
Seat 1: 27440ee0 (small blind) won (890)
Seat 2: b5184993 (big blind) folded on the River
Seat 3: Hero folded before Flop
Seat 4: e485d755 folded before Flop
Seat 5: bccc216b folded before Flop
Seat 6: 54aa2e01 folded before Flop
Seat 7: b217a959 folded before Flop
Seat 8: 133a7a61 (button) folded before Flop


Poker Hand #TM5626885127: Tournament #265641622, Bounty Hunters Special $8.88 Hold'em No Limit - Level3(70/140(20)) - 2026/02/24 08:51:07
Table '56' 8-max Seat #7 is the button
Seat 1: 27440ee0 (9,560 in chips)
Seat 2: b5184993 (12,462 in chips)
Seat 3: Hero (18,460 in chips)
Seat 4: e485d755 (7,637 in chips)
Seat 5: bccc216b (9,220 in chips)
Seat 6: 54aa2e01 (10,758 in chips)
Seat 7: b217a959 (9,007 in chips)
Seat 8: 133a7a61 (9,510 in chips)
b217a959: posts the ante 20
133a7a61: posts the ante 20
Hero: posts the ante 20
54aa2e01: posts the ante 20
27440ee0: posts the ante 20
e485d755: posts the ante 20
bccc216b: posts the ante 20
b5184993: posts the ante 20
133a7a61: posts small blind 70
27440ee0: posts big blind 140
*** HOLE CARDS ***
Dealt to 27440ee0 
Dealt to b5184993 
Dealt to Hero [As Qs]
Dealt to e485d755 
Dealt to bccc216b 
Dealt to 54aa2e01 
Dealt to b217a959 
Dealt to 133a7a61 
b5184993: folds
Hero: raises 140 to 280
e485d755: folds
bccc216b: folds
54aa2e01: folds
b217a959: folds
133a7a61: folds
27440ee0: calls 140
*** FLOP *** [8c 8d 4c]
27440ee0: checks
Hero: checks
*** TURN *** [8c 8d 4c] [3d]
27440ee0: bets 403
Hero: calls 403
*** RIVER *** [8c 8d 4c 3d] [9s]
27440ee0: bets 1,325
Hero: folds
Uncalled bet (1,325) returned to 27440ee0
*** SHOWDOWN ***
27440ee0 collected 1,596 from pot
*** SUMMARY ***
Total pot 1,596 | Rake 0 | Jackpot 0 | Bingo 0 | Fortune 0 | Tax 0
Board [8c 8d 4c 3d 9s]
Seat 1: 27440ee0 (big blind) won (1,596)
Seat 2: b5184993 folded before Flop
Seat 3: Hero folded on the River
Seat 4: e485d755 folded before Flop
Seat 5: bccc216b folded before Flop
Seat 6: 54aa2e01 folded before Flop
Seat 7: b217a959 (button) folded before Flop
Seat 8: 133a7a61 (small blind) folded before Flop


Poker Hand #TM5626885099: Tournament #265641622, Bounty Hunters Special $8.88 Hold'em No Limit - Level3(70/140(20)) - 2026/02/24 08:49:29
Table '56' 8-max Seat #6 is the button
Seat 1: 27440ee0 (10,000 in chips)
Seat 2: b5184993 (12,482 in chips)
Seat 3: Hero (8,855 in chips)
Seat 4: e485d755 (16,492 in chips)
Seat 5: bccc216b (9,240 in chips)
Seat 6: 54aa2e01 (10,778 in chips)
Seat 7: b217a959 (9,097 in chips)
Seat 8: 133a7a61 (9,670 in chips)
b217a959: posts the ante 20
133a7a61: posts the ante 20
Hero: posts the ante 20
54aa2e01: posts the ante 20
27440ee0: posts the ante 20
e485d755: posts the ante 20
bccc216b: posts the ante 20
b5184993: posts the ante 20
b217a959: posts small blind 70
133a7a61: posts big blind 140
*** HOLE CARDS ***
Dealt to 27440ee0 
Dealt to b5184993 
Dealt to Hero [8d 8c]
Dealt to e485d755 
Dealt to bccc216b 
Dealt to 54aa2e01 
Dealt to b217a959 
Dealt to 133a7a61 
27440ee0: calls 140
b5184993: folds
Hero: raises 280 to 420
e485d755: calls 420
bccc216b: folds
54aa2e01: folds
b217a959: folds
133a7a61: folds
27440ee0: calls 280
*** FLOP *** [Ah Kh 2c]
27440ee0: checks
Hero: bets 538
e485d755: calls 538
27440ee0: folds
*** TURN *** [Ah Kh 2c] [8h]
Hero: checks
e485d755: bets 2,706
Hero: calls 2,706
*** RIVER *** [Ah Kh 2c 8h] [3s]
Hero: checks
e485d755: bets 8,118
Hero: calls 5,171 and is all-in
Uncalled bet (2,947) returned to e485d755
e485d755: shows [Ac 8s] (two pair, Aces and Eights)
Hero: shows [8d 8c] (three of a kind, Eights)
*** SHOWDOWN ***
Hero collected 18,460 from pot
*** SUMMARY ***
Total pot 18,460 | Rake 0 | Jackpot 0 | Bingo 0 | Fortune 0 | Tax 0
Board [Ah Kh 2c 8h 3s]
Seat 1: 27440ee0 folded on the Flop
Seat 2: b5184993 folded before Flop
Seat 3: Hero showed [8d 8c] and won (18,460) with three of a kind, Eights
Seat 4: e485d755 showed [Ac 8s] and lost with two pair, Aces and Eights
Seat 5: bccc216b folded before Flop
Seat 6: 54aa2e01 (button) folded before Flop
Seat 7: b217a959 (small blind) folded before Flop
Seat 8: 133a7a61 (big blind) folded before Flop


Poker Hand #TM5626598074: Tournament #265641622, Bounty Hunters Special $8.88 Hold'em No Limit - Level3(70/140(20)) - 2026/02/24 08:47:43
Table '54' 8-max Seat #3 is the button
Seat 1: c8ee50e (9,980 in chips)
Seat 2: Hero (8,875 in chips)
Seat 3: e2808422 (9,910 in chips)
Seat 8: 63d51210 (12,622 in chips)
Hero: posts the ante 20
c8ee50e: posts the ante 20
63d51210: posts the ante 20
e2808422: posts the ante 20
63d51210: posts small blind 70
c8ee50e: posts big blind 140
*** HOLE CARDS ***
Dealt to c8ee50e 
Dealt to Hero [Ts 3c]
Dealt to e2808422 
Dealt to 63d51210 
Hero: folds
e2808422: folds
63d51210: raises 420 to 560
c8ee50e: raises 9,400 to 9,960 and is all-in
63d51210: folds
Uncalled bet (9,400) returned to c8ee50e
*** SHOWDOWN ***
c8ee50e collected 1,200 from pot
*** SUMMARY ***
Total pot 1,200 | Rake 0 | Jackpot 0 | Bingo 0 | Fortune 0 | Tax 0
Seat 1: c8ee50e (big blind) collected (1,200)
Seat 2: Hero folded before Flop
Seat 3: e2808422 (button) folded before Flop
Seat 8: 63d51210 (small blind) folded before Flop


Poker Hand #TM5626598057: Tournament #265641622, Bounty Hunters Special $8.88 Hold'em No Limit - Level3(70/140(20)) - 2026/02/24 08:46:38
Table '54' 8-max Seat #2 is the button
Seat 1: c8ee50e (10,000 in chips)
Seat 2: Hero (10,000 in chips)
Seat 3: e2808422 (10,000 in chips)
Seat 8: 63d51210 (11,387 in chips)
Hero: posts the ante 20
c8ee50e: posts the ante 20
63d51210: posts the ante 20
e2808422: posts the ante 20
e2808422: posts small blind 70
63d51210: posts big blind 140
*** HOLE CARDS ***
Dealt to c8ee50e 
Dealt to Hero [Ac 9h]
Dealt to e2808422 
Dealt to 63d51210 
c8ee50e: folds
Hero: raises 140 to 280
e2808422: folds
63d51210: calls 140
*** FLOP *** [Kh 6s Td]
63d51210: checks
Hero: bets 235
63d51210: calls 235
*** TURN *** [Kh 6s Td] [8c]
63d51210: checks
Hero: bets 590
63d51210: calls 590
*** RIVER *** [Kh 6s Td 8c] [4h]
63d51210: checks
Hero: checks
63d51210: shows [7s 8d] (a pair of Eights)
Hero: shows [Ac 9h] (Ace high)
*** SHOWDOWN ***
63d51210 collected 2,360 from pot
*** SUMMARY ***
Total pot 2,360 | Rake 0 | Jackpot 0 | Bingo 0 | Fortune 0 | Tax 0
Board [Kh 6s Td 8c 4h]
Seat 1: c8ee50e folded before Flop
Seat 2: Hero (button) showed [Ac 9h] and lost with Ace high
Seat 3: e2808422 (small blind) folded before Flop
Seat 8: 63d51210 (big blind) showed [7s 8d] and won (2,360) with a pair of Eights


