Poker Hand #TM5596476538: Tournament #264778918, APL Series: ¥33 Zodiac Bounty + Horse Hold'em No Limit - Level7(150/300(35)) - 2026/02/16 22:40:44
Table '57' 8-max Seat #2 is the button
Seat 1: 9d44d76b (30,149 in chips)
Seat 2: Hero (3,830 in chips)
Seat 3: 6d60ffc9 (16,643 in chips)
Seat 4: 3904ba98 (3,894 in chips)
Seat 5: 5ba96b52 (98,940 in chips)
Seat 6: 8f4d2bba (4,262 in chips)
Seat 7: 921bf1e5 (5,435 in chips)
Seat 8: 8904226b (32,137 in chips)
921bf1e5: posts the ante 35
Hero: posts the ante 35
8f4d2bba: posts the ante 35
3904ba98: posts the ante 35
6d60ffc9: posts the ante 35
9d44d76b: posts the ante 35
5ba96b52: posts the ante 35
8904226b: posts the ante 35
6d60ffc9: posts small blind 150
3904ba98: posts big blind 300
*** HOLE CARDS ***
Dealt to 9d44d76b 
Dealt to Hero [Jh 7d]
Dealt to 6d60ffc9 
Dealt to 3904ba98 
Dealt to 5ba96b52 
Dealt to 8f4d2bba 
Dealt to 921bf1e5 
Dealt to 8904226b 
5ba96b52: folds
8f4d2bba: folds
921bf1e5: folds
8904226b: folds
9d44d76b: folds
Hero: raises 3,495 to 3,795 and is all-in
6d60ffc9: calls 3,645
3904ba98: raises 64 to 3,859 and is all-in
6d60ffc9: calls 64
3904ba98: shows [5d 3h]
Hero: shows [Jh 7d]
6d60ffc9: shows [4d Ad]
*** FLOP *** [Qd Kc 5c]
*** TURN *** [Qd Kc 5c] [5s]
*** RIVER *** [Qd Kc 5c 5s] [Jd]
*** SHOWDOWN ***
3904ba98 collected 11,665 from pot
3904ba98 collected 128 from pot
*** SUMMARY ***
Total pot 11,793 | Rake 0 | Jackpot 0 | Bingo 0 | Fortune 0 | Tax 0
Board [Qd Kc 5c 5s Jd]
Seat 1: 9d44d76b folded before Flop
Seat 2: Hero (button) showed [Jh 7d] and lost with two pair, Jacks and Fives
Seat 3: 6d60ffc9 (small blind) showed [4d Ad] and lost with a pair of Fives
Seat 4: 3904ba98 (big blind) showed [5d 3h] and won (11,793) with three of a kind, Fives
Seat 5: 5ba96b52 folded before Flop
Seat 6: 8f4d2bba folded before Flop
Seat 7: 921bf1e5 folded before Flop
Seat 8: 8904226b folded before Flop


Poker Hand #TM5596476511: Tournament #264778918, APL Series: ¥33 Zodiac Bounty + Horse Hold'em No Limit - Level7(150/300(35)) - 2026/02/16 22:39:58
Table '57' 8-max Seat #1 is the button
Seat 1: 9d44d76b (30,184 in chips)
Seat 2: Hero (4,015 in chips)
Seat 3: 6d60ffc9 (15,110 in chips)
Seat 4: 3904ba98 (3,929 in chips)
Seat 5: 5ba96b52 (100,113 in chips)
Seat 6: 8f4d2bba (4,297 in chips)
Seat 7: 921bf1e5 (5,470 in chips)
Seat 8: 8904226b (32,172 in chips)
921bf1e5: posts the ante 35
Hero: posts the ante 35
8f4d2bba: posts the ante 35
3904ba98: posts the ante 35
6d60ffc9: posts the ante 35
9d44d76b: posts the ante 35
5ba96b52: posts the ante 35
8904226b: posts the ante 35
Hero: posts small blind 150
6d60ffc9: posts big blind 300
*** HOLE CARDS ***
Dealt to 9d44d76b 
Dealt to Hero [5s 7s]
Dealt to 6d60ffc9 
Dealt to 3904ba98 
Dealt to 5ba96b52 
Dealt to 8f4d2bba 
Dealt to 921bf1e5 
Dealt to 8904226b 
3904ba98: folds
5ba96b52: raises 300 to 600
8f4d2bba: folds
921bf1e5: folds
8904226b: folds
9d44d76b: folds
Hero: folds
6d60ffc9: calls 300
*** FLOP *** [2d Ad Kc]
6d60ffc9: checks
5ba96b52: checks
*** TURN *** [2d Ad Kc] [Qs]
6d60ffc9: bets 538
5ba96b52: calls 538
*** RIVER *** [2d Ad Kc Qs] [7d]
6d60ffc9: bets 1,353
5ba96b52: folds
Uncalled bet (1,353) returned to 6d60ffc9
*** SHOWDOWN ***
6d60ffc9 collected 2,706 from pot
*** SUMMARY ***
Total pot 2,706 | Rake 0 | Jackpot 0 | Bingo 0 | Fortune 0 | Tax 0
Board [2d Ad Kc Qs 7d]
Seat 1: 9d44d76b (button) folded before Flop
Seat 2: Hero (small blind) folded before Flop
Seat 3: 6d60ffc9 (big blind) won (2,706)
Seat 4: 3904ba98 folded before Flop
Seat 5: 5ba96b52 folded on the River
Seat 6: 8f4d2bba folded before Flop
Seat 7: 921bf1e5 folded before Flop
Seat 8: 8904226b folded before Flop


Poker Hand #TM5596476463: Tournament #264778918, APL Series: ¥33 Zodiac Bounty + Horse Hold'em No Limit - Level7(150/300(35)) - 2026/02/16 22:38:43
Table '57' 8-max Seat #8 is the button
Seat 1: 9d44d76b (30,369 in chips)
Seat 2: Hero (14,825 in chips)
Seat 3: 6d60ffc9 (15,145 in chips)
Seat 4: 3904ba98 (3,964 in chips)
Seat 5: 5ba96b52 (88,343 in chips)
Seat 6: 8f4d2bba (4,932 in chips)
Seat 7: 921bf1e5 (5,505 in chips)
Seat 8: 8904226b (32,207 in chips)
921bf1e5: posts the ante 35
Hero: posts the ante 35
8f4d2bba: posts the ante 35
3904ba98: posts the ante 35
6d60ffc9: posts the ante 35
5ba96b52: posts the ante 35
9d44d76b: posts the ante 35
8904226b: posts the ante 35
9d44d76b: posts small blind 150
Hero: posts big blind 300
*** HOLE CARDS ***
Dealt to 9d44d76b 
Dealt to Hero [Ah 6s]
Dealt to 6d60ffc9 
Dealt to 3904ba98 
Dealt to 5ba96b52 
Dealt to 8f4d2bba 
Dealt to 921bf1e5 
Dealt to 8904226b 
6d60ffc9: folds
3904ba98: folds
5ba96b52: raises 300 to 600
8f4d2bba: calls 600
921bf1e5: folds
8904226b: folds
9d44d76b: folds
Hero: calls 300
*** FLOP *** [2h 7h 5h]
Hero: checks
5ba96b52: bets 781
8f4d2bba: folds
Hero: calls 781
*** TURN *** [2h 7h 5h] [9d]
Hero: checks
5ba96b52: bets 2,731
Hero: calls 2,731
*** RIVER *** [2h 7h 5h 9d] [9c]
Hero: checks
5ba96b52: bets 6,663
Hero: calls 6,663
5ba96b52: shows [9s 7c] (a full house, Nines full of Sevens)
Hero: shows [Ah 6s] (a pair of Nines)
*** SHOWDOWN ***
5ba96b52 collected 22,580 from pot
*** SUMMARY ***
Total pot 22,580 | Rake 0 | Jackpot 0 | Bingo 0 | Fortune 0 | Tax 0
Board [2h 7h 5h 9d 9c]
Seat 1: 9d44d76b (small blind) folded before Flop
Seat 2: Hero (big blind) showed [Ah 6s] and lost with a pair of Nines
Seat 3: 6d60ffc9 folded before Flop
Seat 4: 3904ba98 folded before Flop
Seat 5: 5ba96b52 showed [9s 7c] and won (22,580) with a full house, Nines full of Sevens
Seat 6: 8f4d2bba folded on the Flop
Seat 7: 921bf1e5 folded before Flop
Seat 8: 8904226b (button) folded before Flop


Poker Hand #TM5596476375: Tournament #264778918, APL Series: ¥33 Zodiac Bounty + Horse Hold'em No Limit - Level6(125/250(30)) - 2026/02/16 22:36:37
Table '57' 8-max Seat #7 is the button
Seat 1: 9d44d76b (30,649 in chips)
Seat 2: Hero (14,855 in chips)
Seat 3: 6d60ffc9 (15,175 in chips)
Seat 4: 3904ba98 (5,657 in chips)
Seat 5: 5ba96b52 (82,582 in chips)
Seat 6: 8f4d2bba (8,475 in chips)
Seat 7: 921bf1e5 (5,535 in chips)
Seat 8: 8904226b (32,362 in chips)
921bf1e5: posts the ante 30
Hero: posts the ante 30
8f4d2bba: posts the ante 30
3904ba98: posts the ante 30
6d60ffc9: posts the ante 30
5ba96b52: posts the ante 30
9d44d76b: posts the ante 30
8904226b: posts the ante 30
8904226b: posts small blind 125
9d44d76b: posts big blind 250
*** HOLE CARDS ***
Dealt to 9d44d76b 
Dealt to Hero [3s 7d]
Dealt to 6d60ffc9 
Dealt to 3904ba98 
Dealt to 5ba96b52 
Dealt to 8f4d2bba 
Dealt to 921bf1e5 
Dealt to 8904226b 
Hero: folds
6d60ffc9: folds
3904ba98: raises 250 to 500
5ba96b52: raises 1,163 to 1,663
8f4d2bba: calls 1,663
921bf1e5: folds
8904226b: folds
9d44d76b: folds
3904ba98: calls 1,163
*** FLOP *** [2s Tc 6s]
3904ba98: checks
5ba96b52: checks
8f4d2bba: checks
*** TURN *** [2s Tc 6s] [4d]
3904ba98: checks
5ba96b52: checks
8f4d2bba: bets 1,850
3904ba98: folds
5ba96b52: calls 1,850
*** RIVER *** [2s Tc 6s 4d] [Js]
5ba96b52: bets 79,039 and is all-in
8f4d2bba: folds
Uncalled bet (79,039) returned to 5ba96b52
*** SHOWDOWN ***
5ba96b52 collected 9,304 from pot
*** SUMMARY ***
Total pot 9,304 | Rake 0 | Jackpot 0 | Bingo 0 | Fortune 0 | Tax 0
Board [2s Tc 6s 4d Js]
Seat 1: 9d44d76b (big blind) folded before Flop
Seat 2: Hero folded before Flop
Seat 3: 6d60ffc9 folded before Flop
Seat 4: 3904ba98 folded on the Turn
Seat 5: 5ba96b52 won (9,304)
Seat 6: 8f4d2bba folded on the River
Seat 7: 921bf1e5 (button) folded before Flop
Seat 8: 8904226b (small blind) folded before Flop


Poker Hand #TM5596476310: Tournament #264778918, APL Series: ¥33 Zodiac Bounty + Horse Hold'em No Limit - Level6(125/250(30)) - 2026/02/16 22:34:59
Table '57' 8-max Seat #6 is the button
Seat 1: 9d44d76b (30,679 in chips)
Seat 2: Hero (14,885 in chips)
Seat 3: 6d60ffc9 (11,675 in chips)
Seat 4: 3904ba98 (6,187 in chips)
Seat 5: 5ba96b52 (82,612 in chips)
Seat 6: 8f4d2bba (8,505 in chips)
Seat 7: 921bf1e5 (5,690 in chips)
Seat 8: 8904226b (35,057 in chips)
921bf1e5: posts the ante 30
Hero: posts the ante 30
8f4d2bba: posts the ante 30
3904ba98: posts the ante 30
6d60ffc9: posts the ante 30
5ba96b52: posts the ante 30
9d44d76b: posts the ante 30
8904226b: posts the ante 30
921bf1e5: posts small blind 125
8904226b: posts big blind 250
*** HOLE CARDS ***
Dealt to 9d44d76b 
Dealt to Hero [3d 7h]
Dealt to 6d60ffc9 
Dealt to 3904ba98 
Dealt to 5ba96b52 
Dealt to 8f4d2bba 
Dealt to 921bf1e5 
Dealt to 8904226b 
9d44d76b: folds
Hero: folds
6d60ffc9: raises 250 to 500
3904ba98: calls 500
5ba96b52: folds
8f4d2bba: folds
921bf1e5: folds
8904226b: calls 250
*** FLOP *** [Td 2h 3c]
8904226b: checks
6d60ffc9: bets 616
3904ba98: folds
8904226b: calls 616
*** TURN *** [Td 2h 3c] [9h]
8904226b: checks
6d60ffc9: bets 1,549
8904226b: calls 1,549
*** RIVER *** [Td 2h 3c 9h] [Qh]
8904226b: checks
6d60ffc9: bets 7,000
8904226b: folds
Uncalled bet (7,000) returned to 6d60ffc9
*** SHOWDOWN ***
6d60ffc9 collected 6,195 from pot
*** SUMMARY ***
Total pot 6,195 | Rake 0 | Jackpot 0 | Bingo 0 | Fortune 0 | Tax 0
Board [Td 2h 3c 9h Qh]
Seat 1: 9d44d76b folded before Flop
Seat 2: Hero folded before Flop
Seat 3: 6d60ffc9 won (6,195)
Seat 4: 3904ba98 folded on the Flop
Seat 5: 5ba96b52 folded before Flop
Seat 6: 8f4d2bba (button) folded before Flop
Seat 7: 921bf1e5 (small blind) folded before Flop
Seat 8: 8904226b (big blind) folded on the River


Poker Hand #TM5596476263: Tournament #264778918, APL Series: ¥33 Zodiac Bounty + Horse Hold'em No Limit - Level6(125/250(30)) - 2026/02/16 22:33:41
Table '57' 8-max Seat #5 is the button
Seat 1: 9d44d76b (31,907 in chips)
Seat 2: Hero (14,915 in chips)
Seat 3: 6d60ffc9 (11,705 in chips)
Seat 4: 3904ba98 (7,415 in chips)
Seat 5: 5ba96b52 (79,631 in chips)
Seat 6: 8f4d2bba (8,660 in chips)
Seat 7: 921bf1e5 (5,970 in chips)
Seat 8: 8904226b (35,087 in chips)
921bf1e5: posts the ante 30
Hero: posts the ante 30
8f4d2bba: posts the ante 30
3904ba98: posts the ante 30
6d60ffc9: posts the ante 30
5ba96b52: posts the ante 30
9d44d76b: posts the ante 30
8904226b: posts the ante 30
8f4d2bba: posts small blind 125
921bf1e5: posts big blind 250
*** HOLE CARDS ***
Dealt to 9d44d76b 
Dealt to Hero [2d 9h]
Dealt to 6d60ffc9 
Dealt to 3904ba98 
Dealt to 5ba96b52 
Dealt to 8f4d2bba 
Dealt to 921bf1e5 
Dealt to 8904226b 
8904226b: folds
9d44d76b: raises 250 to 500
Hero: folds
6d60ffc9: folds
3904ba98: calls 500
5ba96b52: calls 500
8f4d2bba: folds
921bf1e5: folds
*** FLOP *** [2s 6h 4c]
9d44d76b: bets 698
3904ba98: calls 698
5ba96b52: calls 698
*** TURN *** [2s 6h 4c] [Kd]
9d44d76b: checks
3904ba98: checks
5ba96b52: checks
*** RIVER *** [2s 6h 4c Kd] [7h]
9d44d76b: checks
3904ba98: checks
5ba96b52: bets 3,031
9d44d76b: folds
3904ba98: folds
Uncalled bet (3,031) returned to 5ba96b52
*** SHOWDOWN ***
5ba96b52 collected 4,209 from pot
*** SUMMARY ***
Total pot 4,209 | Rake 0 | Jackpot 0 | Bingo 0 | Fortune 0 | Tax 0
Board [2s 6h 4c Kd 7h]
Seat 1: 9d44d76b folded on the River
Seat 2: Hero folded before Flop
Seat 3: 6d60ffc9 folded before Flop
Seat 4: 3904ba98 folded on the River
Seat 5: 5ba96b52 (button) won (4,209)
Seat 6: 8f4d2bba (small blind) folded before Flop
Seat 7: 921bf1e5 (big blind) folded before Flop
Seat 8: 8904226b folded before Flop


Poker Hand #TM5596476232: Tournament #264778918, APL Series: ¥33 Zodiac Bounty + Horse Hold'em No Limit - Level6(125/250(30)) - 2026/02/16 22:32:50
Table '57' 8-max Seat #4 is the button
Seat 1: 9d44d76b (31,937 in chips)
Seat 2: Hero (14,945 in chips)
Seat 3: 6d60ffc9 (11,735 in chips)
Seat 4: 3904ba98 (7,445 in chips)
Seat 5: 5ba96b52 (78,051 in chips)
Seat 6: 8f4d2bba (10,060 in chips)
Seat 7: 921bf1e5 (6,000 in chips)
Seat 8: 8904226b (35,117 in chips)
921bf1e5: posts the ante 30
Hero: posts the ante 30
8f4d2bba: posts the ante 30
3904ba98: posts the ante 30
6d60ffc9: posts the ante 30
9d44d76b: posts the ante 30
5ba96b52: posts the ante 30
8904226b: posts the ante 30
5ba96b52: posts small blind 125
8f4d2bba: posts big blind 250
*** HOLE CARDS ***
Dealt to 9d44d76b 
Dealt to Hero [5s 8h]
Dealt to 6d60ffc9 
Dealt to 3904ba98 
Dealt to 5ba96b52 
Dealt to 8f4d2bba 
Dealt to 921bf1e5 
Dealt to 8904226b 
921bf1e5: folds
8904226b: folds
9d44d76b: folds
Hero: folds
6d60ffc9: folds
3904ba98: folds
5ba96b52: raises 375 to 625
8f4d2bba: calls 375
*** FLOP *** [4s As Ad]
5ba96b52: checks
8f4d2bba: checks
*** TURN *** [4s As Ad] [4h]
5ba96b52: checks
8f4d2bba: bets 745
5ba96b52: calls 745
*** RIVER *** [4s As Ad 4h] [Tc]
5ba96b52: checks
8f4d2bba: checks
5ba96b52: shows [2h Ah] (a full house, Aces full of Fours)
8f4d2bba: shows [8s Jd] (two pair, Aces and Fours)
*** SHOWDOWN ***
5ba96b52 collected 2,980 from pot
*** SUMMARY ***
Total pot 2,980 | Rake 0 | Jackpot 0 | Bingo 0 | Fortune 0 | Tax 0
Board [4s As Ad 4h Tc]
Seat 1: 9d44d76b folded before Flop
Seat 2: Hero folded before Flop
Seat 3: 6d60ffc9 folded before Flop
Seat 4: 3904ba98 (button) folded before Flop
Seat 5: 5ba96b52 (small blind) showed [2h Ah] and won (2,980) with a full house, Aces full of Fours
Seat 6: 8f4d2bba (big blind) showed [8s Jd] and lost with two pair, Aces and Fours
Seat 7: 921bf1e5 folded before Flop
Seat 8: 8904226b folded before Flop


Poker Hand #TM5596476201: Tournament #264778918, APL Series: ¥33 Zodiac Bounty + Horse Hold'em No Limit - Level6(125/250(30)) - 2026/02/16 22:32:00
Table '57' 8-max Seat #3 is the button
Seat 1: 9d44d76b (33,042 in chips)
Seat 2: Hero (14,975 in chips)
Seat 3: 6d60ffc9 (11,765 in chips)
Seat 4: 3904ba98 (7,975 in chips)
Seat 5: 5ba96b52 (76,266 in chips)
Seat 6: 8f4d2bba (10,090 in chips)
Seat 7: 921bf1e5 (6,030 in chips)
Seat 8: 8904226b (35,147 in chips)
921bf1e5: posts the ante 30
Hero: posts the ante 30
8f4d2bba: posts the ante 30
6d60ffc9: posts the ante 30
3904ba98: posts the ante 30
9d44d76b: posts the ante 30
5ba96b52: posts the ante 30
8904226b: posts the ante 30
3904ba98: posts small blind 125
5ba96b52: posts big blind 250
*** HOLE CARDS ***
Dealt to 9d44d76b 
Dealt to Hero [3d 6s]
Dealt to 6d60ffc9 
Dealt to 3904ba98 
Dealt to 5ba96b52 
Dealt to 8f4d2bba 
Dealt to 921bf1e5 
Dealt to 8904226b 
8f4d2bba: folds
921bf1e5: folds
8904226b: folds
9d44d76b: raises 250 to 500
Hero: folds
6d60ffc9: folds
3904ba98: calls 375
5ba96b52: calls 250
*** FLOP *** [4h Jh 9d]
3904ba98: checks
5ba96b52: checks
9d44d76b: bets 575
3904ba98: folds
5ba96b52: calls 575
*** TURN *** [4h Jh 9d] [3c]
5ba96b52: checks
9d44d76b: checks
*** RIVER *** [4h Jh 9d 3c] [9h]
5ba96b52: bets 2,081
9d44d76b: folds
Uncalled bet (2,081) returned to 5ba96b52
*** SHOWDOWN ***
5ba96b52 collected 2,890 from pot
*** SUMMARY ***
Total pot 2,890 | Rake 0 | Jackpot 0 | Bingo 0 | Fortune 0 | Tax 0
Board [4h Jh 9d 3c 9h]
Seat 1: 9d44d76b folded on the River
Seat 2: Hero folded before Flop
Seat 3: 6d60ffc9 (button) folded before Flop
Seat 4: 3904ba98 (small blind) folded on the Flop
Seat 5: 5ba96b52 (big blind) won (2,890)
Seat 6: 8f4d2bba folded before Flop
Seat 7: 921bf1e5 folded before Flop
Seat 8: 8904226b folded before Flop


Poker Hand #TM5596476177: Tournament #264778918, APL Series: ¥33 Zodiac Bounty + Horse Hold'em No Limit - Level6(125/250(30)) - 2026/02/16 22:31:22
Table '57' 8-max Seat #2 is the button
Seat 1: 9d44d76b (33,072 in chips)
Seat 2: Hero (13,265 in chips)
Seat 3: 6d60ffc9 (12,420 in chips)
Seat 4: 3904ba98 (8,255 in chips)
Seat 5: 5ba96b52 (76,921 in chips)
Seat 6: 8f4d2bba (10,120 in chips)
Seat 7: 921bf1e5 (6,060 in chips)
Seat 8: 8904226b (35,177 in chips)
921bf1e5: posts the ante 30
Hero: posts the ante 30
8f4d2bba: posts the ante 30
3904ba98: posts the ante 30
6d60ffc9: posts the ante 30
9d44d76b: posts the ante 30
5ba96b52: posts the ante 30
8904226b: posts the ante 30
6d60ffc9: posts small blind 125
3904ba98: posts big blind 250
*** HOLE CARDS ***
Dealt to 9d44d76b 
Dealt to Hero [8c 9c]
Dealt to 6d60ffc9 
Dealt to 3904ba98 
Dealt to 5ba96b52 
Dealt to 8f4d2bba 
Dealt to 921bf1e5 
Dealt to 8904226b 
5ba96b52: raises 375 to 625
8f4d2bba: folds
921bf1e5: folds
8904226b: folds
9d44d76b: folds
Hero: calls 625
6d60ffc9: calls 500
3904ba98: folds
*** FLOP *** [Ts 3d Jc]
6d60ffc9: checks
5ba96b52: checks
Hero: bets 781
6d60ffc9: folds
5ba96b52: folds
Uncalled bet (781) returned to Hero
*** SHOWDOWN ***
Hero collected 2,365 from pot
*** SUMMARY ***
Total pot 2,365 | Rake 0 | Jackpot 0 | Bingo 0 | Fortune 0 | Tax 0
Board [Ts 3d Jc]
Seat 1: 9d44d76b folded before Flop
Seat 2: Hero (button) won (2,365)
Seat 3: 6d60ffc9 (small blind) folded on the Flop
Seat 4: 3904ba98 (big blind) folded before Flop
Seat 5: 5ba96b52 folded on the Flop
Seat 6: 8f4d2bba folded before Flop
Seat 7: 921bf1e5 folded before Flop
Seat 8: 8904226b folded before Flop


Poker Hand #TM5596476133: Tournament #264778918, APL Series: ¥33 Zodiac Bounty + Horse Hold'em No Limit - Level6(125/250(30)) - 2026/02/16 22:30:08
Table '57' 8-max Seat #1 is the button
Seat 1: 9d44d76b (33,102 in chips)
Seat 2: Hero (13,420 in chips)
Seat 3: 6d60ffc9 (10,000 in chips)
Seat 4: 3904ba98 (8,285 in chips)
Seat 5: 5ba96b52 (76,951 in chips)
Seat 6: 8f4d2bba (10,150 in chips)
Seat 7: 921bf1e5 (6,090 in chips)
Seat 8: 8904226b (37,292 in chips)
921bf1e5: posts the ante 30
Hero: posts the ante 30
8f4d2bba: posts the ante 30
3904ba98: posts the ante 30
6d60ffc9: posts the ante 30
9d44d76b: posts the ante 30
5ba96b52: posts the ante 30
8904226b: posts the ante 30
Hero: posts small blind 125
6d60ffc9: posts big blind 250
*** HOLE CARDS ***
Dealt to 9d44d76b 
Dealt to Hero [Jc 9h]
Dealt to 6d60ffc9 
Dealt to 3904ba98 
Dealt to 5ba96b52 
Dealt to 8f4d2bba 
Dealt to 921bf1e5 
Dealt to 8904226b 
3904ba98: folds
5ba96b52: folds
8f4d2bba: folds
921bf1e5: folds
8904226b: raises 250 to 500
9d44d76b: folds
Hero: folds
6d60ffc9: calls 250
*** FLOP *** [5d Td 2s]
6d60ffc9: checks
8904226b: checks
*** TURN *** [5d Td 2s] [3h]
6d60ffc9: bets 683
8904226b: calls 683
*** RIVER *** [5d Td 2s 3h] [Ad]
6d60ffc9: bets 902
8904226b: calls 902
6d60ffc9: shows [Kd 4s] (a straight, Ace to Five)
8904226b: shows [8d Ah] (a pair of Aces)
*** SHOWDOWN ***
6d60ffc9 collected 4,535 from pot
*** SUMMARY ***
Total pot 4,535 | Rake 0 | Jackpot 0 | Bingo 0 | Fortune 0 | Tax 0
Board [5d Td 2s 3h Ad]
Seat 1: 9d44d76b (button) folded before Flop
Seat 2: Hero (small blind) folded before Flop
Seat 3: 6d60ffc9 (big blind) showed [Kd 4s] and won (4,535) with a straight, Ace to Five
Seat 4: 3904ba98 folded before Flop
Seat 5: 5ba96b52 folded before Flop
Seat 6: 8f4d2bba folded before Flop
Seat 7: 921bf1e5 folded before Flop
Seat 8: 8904226b showed [8d Ah] and lost with a pair of Aces


Poker Hand #TM5596476109: Tournament #264778918, APL Series: ¥33 Zodiac Bounty + Horse Hold'em No Limit - Level6(125/250(30)) - 2026/02/16 22:29:29
Table '57' 8-max Seat #8 is the button
Seat 1: 9d44d76b (33,382 in chips)
Seat 2: Hero (12,990 in chips)
Seat 4: 3904ba98 (8,315 in chips)
Seat 5: 5ba96b52 (76,981 in chips)
Seat 6: 8f4d2bba (10,180 in chips)
Seat 7: 921bf1e5 (6,120 in chips)
Seat 8: 8904226b (37,322 in chips)
921bf1e5: posts the ante 30
Hero: posts the ante 30
8f4d2bba: posts the ante 30
3904ba98: posts the ante 30
5ba96b52: posts the ante 30
9d44d76b: posts the ante 30
8904226b: posts the ante 30
9d44d76b: posts small blind 125
Hero: posts big blind 250
*** HOLE CARDS ***
Dealt to 9d44d76b 
Dealt to Hero [7s 8s]
Dealt to 3904ba98 
Dealt to 5ba96b52 
Dealt to 8f4d2bba 
Dealt to 921bf1e5 
Dealt to 8904226b 
3904ba98: folds
5ba96b52: folds
8f4d2bba: folds
921bf1e5: folds
8904226b: folds
9d44d76b: calls 125
Hero: raises 500 to 750
9d44d76b: folds
Uncalled bet (500) returned to Hero
*** SHOWDOWN ***
Hero collected 710 from pot
*** SUMMARY ***
Total pot 710 | Rake 0 | Jackpot 0 | Bingo 0 | Fortune 0 | Tax 0
Seat 1: 9d44d76b (small blind) folded before Flop
Seat 2: Hero (big blind) collected (710)
Seat 4: 3904ba98 folded before Flop
Seat 5: 5ba96b52 folded before Flop
Seat 6: 8f4d2bba folded before Flop
Seat 7: 921bf1e5 folded before Flop
Seat 8: 8904226b (button) folded before Flop


Poker Hand #TM5596476057: Tournament #264778918, APL Series: ¥33 Zodiac Bounty + Horse Hold'em No Limit - Level6(125/250(30)) - 2026/02/16 22:27:52
Table '57' 8-max Seat #7 is the button
Seat 1: 9d44d76b (33,662 in chips)
Seat 2: Hero (15,043 in chips)
Seat 3: 3ca30dd2 (8,827 in chips)
Seat 4: 3904ba98 (8,345 in chips)
Seat 5: 5ba96b52 (65,576 in chips)
Seat 6: 8f4d2bba (10,210 in chips)
Seat 7: 921bf1e5 (6,150 in chips)
Seat 8: 8904226b (37,477 in chips)
3ca30dd2: posts the ante 30
921bf1e5: posts the ante 30
Hero: posts the ante 30
8f4d2bba: posts the ante 30
3904ba98: posts the ante 30
5ba96b52: posts the ante 30
9d44d76b: posts the ante 30
8904226b: posts the ante 30
8904226b: posts small blind 125
9d44d76b: posts big blind 250
*** HOLE CARDS ***
Dealt to 9d44d76b 
Dealt to Hero [5d Ad]
Dealt to 3ca30dd2 
Dealt to 3904ba98 
Dealt to 5ba96b52 
Dealt to 8f4d2bba 
Dealt to 921bf1e5 
Dealt to 8904226b 
Hero: raises 250 to 500
3ca30dd2: calls 500
3904ba98: folds
5ba96b52: raises 1,523 to 2,023
8f4d2bba: folds
921bf1e5: folds
8904226b: folds
9d44d76b: folds
Hero: calls 1,523
3ca30dd2: raises 6,774 to 8,797 and is all-in
5ba96b52: raises 56,749 to 65,546 and is all-in
Hero: folds
Uncalled bet (56,749) returned to 5ba96b52
5ba96b52: shows [Kd Qs]
3ca30dd2: shows [Ac Js]
*** FLOP *** [Ts 7c 9s]
*** TURN *** [Ts 7c 9s] [3h]
*** RIVER *** [Ts 7c 9s 3h] [Kc]
3904ba98: shows [8d Jh] (a straight, Jack to Seven)
Hero: shows [Ad] (Ace high)
*** SHOWDOWN ***
5ba96b52 collected 20,232 from pot
*** SUMMARY ***
Total pot 20,232 | Rake 0 | Jackpot 0 | Bingo 0 | Fortune 0 | Tax 0
Board [Ts 7c 9s 3h Kc]
Seat 1: 9d44d76b (big blind) folded before Flop
Seat 2: Hero folded before Flop
Seat 3: 3ca30dd2 showed [Ac Js] and lost with Ace high
Seat 4: 3904ba98 folded before Flop
Seat 5: 5ba96b52 showed [Kd Qs] and won (20,232) with a pair of Kings
Seat 6: 8f4d2bba folded before Flop
Seat 7: 921bf1e5 (button) folded before Flop
Seat 8: 8904226b (small blind) folded before Flop


Poker Hand #TM5596476013: Tournament #264778918, APL Series: ¥33 Zodiac Bounty + Horse Hold'em No Limit - Level5(100/200(25)) - 2026/02/16 22:26:38
Table '57' 8-max Seat #6 is the button
Seat 1: 9d44d76b (33,687 in chips)
Seat 2: Hero (15,068 in chips)
Seat 3: 3ca30dd2 (7,952 in chips)
Seat 4: 3904ba98 (8,370 in chips)
Seat 5: 5ba96b52 (66,001 in chips)
Seat 6: 8f4d2bba (10,235 in chips)
Seat 7: 921bf1e5 (6,275 in chips)
Seat 8: 8904226b (37,702 in chips)
3ca30dd2: posts the ante 25
921bf1e5: posts the ante 25
Hero: posts the ante 25
8f4d2bba: posts the ante 25
3904ba98: posts the ante 25
5ba96b52: posts the ante 25
9d44d76b: posts the ante 25
8904226b: posts the ante 25
921bf1e5: posts small blind 100
8904226b: posts big blind 200
*** HOLE CARDS ***
Dealt to 9d44d76b 
Dealt to Hero [4d 8h]
Dealt to 3ca30dd2 
Dealt to 3904ba98 
Dealt to 5ba96b52 
Dealt to 8f4d2bba 
Dealt to 921bf1e5 
Dealt to 8904226b 
9d44d76b: folds
Hero: folds
3ca30dd2: raises 200 to 400
3904ba98: folds
5ba96b52: calls 400
8f4d2bba: folds
921bf1e5: folds
8904226b: folds
*** FLOP *** [7d 5s Qd]
3ca30dd2: checks
5ba96b52: checks
*** TURN *** [7d 5s Qd] [Kd]
3ca30dd2: bets 429
5ba96b52: folds
Uncalled bet (429) returned to 3ca30dd2
*** SHOWDOWN ***
3ca30dd2 collected 1,300 from pot
*** SUMMARY ***
Total pot 1,300 | Rake 0 | Jackpot 0 | Bingo 0 | Fortune 0 | Tax 0
Board [7d 5s Qd Kd]
Seat 1: 9d44d76b folded before Flop
Seat 2: Hero folded before Flop
Seat 3: 3ca30dd2 won (1,300)
Seat 4: 3904ba98 folded before Flop
Seat 5: 5ba96b52 folded on the Turn
Seat 6: 8f4d2bba (button) folded before Flop
Seat 7: 921bf1e5 (small blind) folded before Flop
Seat 8: 8904226b (big blind) folded before Flop


Poker Hand #TM5596475994: Tournament #264778918, APL Series: ¥33 Zodiac Bounty + Horse Hold'em No Limit - Level5(100/200(25)) - 2026/02/16 22:26:01
Table '57' 8-max Seat #5 is the button
Seat 1: 9d44d76b (33,712 in chips)
Seat 2: Hero (15,093 in chips)
Seat 3: 3ca30dd2 (7,977 in chips)
Seat 4: 3904ba98 (8,395 in chips)
Seat 5: 5ba96b52 (66,026 in chips)
Seat 6: 8f4d2bba (10,360 in chips)
Seat 7: 921bf1e5 (6,000 in chips)
Seat 8: 8904226b (37,727 in chips)
3ca30dd2: posts the ante 25
921bf1e5: posts the ante 25
Hero: posts the ante 25
8f4d2bba: posts the ante 25
3904ba98: posts the ante 25
5ba96b52: posts the ante 25
9d44d76b: posts the ante 25
8904226b: posts the ante 25
8f4d2bba: posts small blind 100
921bf1e5: posts big blind 200
*** HOLE CARDS ***
Dealt to 9d44d76b 
Dealt to Hero [3h Ad]
Dealt to 3ca30dd2 
Dealt to 3904ba98 
Dealt to 5ba96b52 
Dealt to 8f4d2bba 
Dealt to 921bf1e5 
Dealt to 8904226b 
8904226b: folds
9d44d76b: folds
Hero: folds
3ca30dd2: folds
3904ba98: folds
5ba96b52: folds
8f4d2bba: folds
Uncalled bet (100) returned to 921bf1e5
*** SHOWDOWN ***
921bf1e5 collected 400 from pot
*** SUMMARY ***
Total pot 400 | Rake 0 | Jackpot 0 | Bingo 0 | Fortune 0 | Tax 0
Seat 1: 9d44d76b folded before Flop
Seat 2: Hero folded before Flop
Seat 3: 3ca30dd2 folded before Flop
Seat 4: 3904ba98 folded before Flop
Seat 5: 5ba96b52 (button) folded before Flop
Seat 6: 8f4d2bba (small blind) folded before Flop
Seat 7: 921bf1e5 (big blind) collected (400)
Seat 8: 8904226b folded before Flop


Poker Hand #TM5596475947: Tournament #264778918, APL Series: ¥33 Zodiac Bounty + Horse Hold'em No Limit - Level5(100/200(25)) - 2026/02/16 22:24:28
Table '57' 8-max Seat #4 is the button
Seat 1: 9d44d76b (29,231 in chips)
Seat 2: Hero (15,118 in chips)
Seat 3: 3ca30dd2 (8,002 in chips)
Seat 4: 3904ba98 (8,420 in chips)
Seat 5: 5ba96b52 (69,507 in chips)
Seat 6: 8f4d2bba (10,585 in chips)
Seat 7: 921bf1e5 (6,675 in chips)
Seat 8: 8904226b (37,752 in chips)
3ca30dd2: posts the ante 25
921bf1e5: posts the ante 25
Hero: posts the ante 25
8f4d2bba: posts the ante 25
3904ba98: posts the ante 25
9d44d76b: posts the ante 25
5ba96b52: posts the ante 25
8904226b: posts the ante 25
5ba96b52: posts small blind 100
8f4d2bba: posts big blind 200
*** HOLE CARDS ***
Dealt to 9d44d76b 
Dealt to Hero [6h 8c]
Dealt to 3ca30dd2 
Dealt to 3904ba98 
Dealt to 5ba96b52 
Dealt to 8f4d2bba 
Dealt to 921bf1e5 
Dealt to 8904226b 
921bf1e5: calls 200
8904226b: folds
9d44d76b: raises 450 to 650
Hero: folds
3ca30dd2: folds
3904ba98: folds
5ba96b52: calls 550
8f4d2bba: folds
921bf1e5: calls 450
*** FLOP *** [Qc Tc 7h]
5ba96b52: checks
921bf1e5: checks
9d44d76b: bets 776
5ba96b52: calls 776
921bf1e5: folds
*** TURN *** [Qc Tc 7h] [Kd]
5ba96b52: bets 2,030
9d44d76b: calls 2,030
*** RIVER *** [Qc Tc 7h Kd] [Js]
5ba96b52: checks
9d44d76b: checks
5ba96b52: shows [Jd 5d] (a pair of Jacks)
9d44d76b: shows [Ks 7s] (two pair, Kings and Sevens)
*** SHOWDOWN ***
9d44d76b collected 7,962 from pot
*** SUMMARY ***
Total pot 7,962 | Rake 0 | Jackpot 0 | Bingo 0 | Fortune 0 | Tax 0
Board [Qc Tc 7h Kd Js]
Seat 1: 9d44d76b showed [Ks 7s] and won (7,962) with two pair, Kings and Sevens
Seat 2: Hero folded before Flop
Seat 3: 3ca30dd2 folded before Flop
Seat 4: 3904ba98 (button) folded before Flop
Seat 5: 5ba96b52 (small blind) showed [Jd 5d] and lost with a pair of Jacks
Seat 6: 8f4d2bba (big blind) folded before Flop
Seat 7: 921bf1e5 folded on the Flop
Seat 8: 8904226b folded before Flop


Poker Hand #TM5596475889: Tournament #264778918, APL Series: ¥33 Zodiac Bounty + Horse Hold'em No Limit - Level5(100/200(25)) - 2026/02/16 22:22:38
Table '57' 8-max Seat #2 is the button
Seat 1: 9d44d76b (18,389 in chips)
Seat 2: Hero (15,143 in chips)
Seat 3: b4acee19 (10,492 in chips)
Seat 4: 3904ba98 (8,645 in chips)
Seat 5: 5ba96b52 (69,532 in chips)
Seat 6: 8f4d2bba (10,610 in chips)
Seat 7: 921bf1e5 (6,700 in chips)
Seat 8: 8904226b (37,777 in chips)
921bf1e5: posts the ante 25
Hero: posts the ante 25
8f4d2bba: posts the ante 25
3904ba98: posts the ante 25
9d44d76b: posts the ante 25
5ba96b52: posts the ante 25
8904226b: posts the ante 25
b4acee19: posts the ante 25
b4acee19: posts small blind 100
3904ba98: posts big blind 200
*** HOLE CARDS ***
Dealt to 9d44d76b 
Dealt to Hero [7h 2s]
Dealt to b4acee19 
Dealt to 3904ba98 
Dealt to 5ba96b52 
Dealt to 8f4d2bba 
Dealt to 921bf1e5 
Dealt to 8904226b 
5ba96b52: folds
8f4d2bba: folds
921bf1e5: folds
8904226b: folds
9d44d76b: raises 200 to 400
Hero: folds
b4acee19: raises 1,200 to 1,600
3904ba98: folds
9d44d76b: calls 1,200
*** FLOP *** [9d 8h 7s]
b4acee19: bets 1,800
9d44d76b: raises 3,600 to 5,400
b4acee19: raises 3,467 to 8,867 and is all-in
9d44d76b: calls 3,467
b4acee19: shows [Qs Qh] (a pair of Queens)
9d44d76b: shows [Ts Js] (a straight, Jack to Seven)
*** TURN *** [9d 8h 7s] [Jh]
*** RIVER *** [9d 8h 7s Jh] [5d]
*** SHOWDOWN ***
9d44d76b collected 21,334 from pot
*** SUMMARY ***
Total pot 21,334 | Rake 0 | Jackpot 0 | Bingo 0 | Fortune 0 | Tax 0
Board [9d 8h 7s Jh 5d]
Seat 1: 9d44d76b showed [Ts Js] and won (21,334) with a straight, Jack to Seven
Seat 2: Hero (button) folded before Flop
Seat 3: b4acee19 (small blind) showed [Qs Qh] and lost with a pair of Queens
Seat 4: 3904ba98 (big blind) folded before Flop
Seat 5: 5ba96b52 folded before Flop
Seat 6: 8f4d2bba folded before Flop
Seat 7: 921bf1e5 folded before Flop
Seat 8: 8904226b folded before Flop


Poker Hand #TM5596475870: Tournament #264778918, APL Series: ¥33 Zodiac Bounty + Horse Hold'em No Limit - Level5(100/200(25)) - 2026/02/16 22:22:08
Table '57' 8-max Seat #1 is the button
Seat 1: 9d44d76b (17,914 in chips)
Seat 2: Hero (15,268 in chips)
Seat 3: b4acee19 (10,717 in chips)
Seat 4: 3904ba98 (8,670 in chips)
Seat 5: 5ba96b52 (69,557 in chips)
Seat 6: 8f4d2bba (10,635 in chips)
Seat 7: 921bf1e5 (6,725 in chips)
Seat 8: 8904226b (37,802 in chips)
921bf1e5: posts the ante 25
Hero: posts the ante 25
8f4d2bba: posts the ante 25
3904ba98: posts the ante 25
9d44d76b: posts the ante 25
5ba96b52: posts the ante 25
8904226b: posts the ante 25
b4acee19: posts the ante 25
Hero: posts small blind 100
b4acee19: posts big blind 200
*** HOLE CARDS ***
Dealt to 9d44d76b 
Dealt to Hero [Td 4s]
Dealt to b4acee19 
Dealt to 3904ba98 
Dealt to 5ba96b52 
Dealt to 8f4d2bba 
Dealt to 921bf1e5 
Dealt to 8904226b 
3904ba98: folds
5ba96b52: folds
8f4d2bba: folds
921bf1e5: folds
8904226b: folds
9d44d76b: raises 200 to 400
Hero: folds
b4acee19: folds
Uncalled bet (200) returned to 9d44d76b
*** SHOWDOWN ***
9d44d76b collected 700 from pot
*** SUMMARY ***
Total pot 700 | Rake 0 | Jackpot 0 | Bingo 0 | Fortune 0 | Tax 0
Seat 1: 9d44d76b (button) collected (700)
Seat 2: Hero (small blind) folded before Flop
Seat 3: b4acee19 (big blind) folded before Flop
Seat 4: 3904ba98 folded before Flop
Seat 5: 5ba96b52 folded before Flop
Seat 6: 8f4d2bba folded before Flop
Seat 7: 921bf1e5 folded before Flop
Seat 8: 8904226b folded before Flop


Poker Hand #TM5596475846: Tournament #264778918, APL Series: ¥33 Zodiac Bounty + Horse Hold'em No Limit - Level5(100/200(25)) - 2026/02/16 22:21:20
Table '57' 8-max Seat #8 is the button
Seat 1: 9d44d76b (18,039 in chips)
Seat 2: Hero (15,693 in chips)
Seat 3: b4acee19 (10,742 in chips)
Seat 4: 3904ba98 (8,695 in chips)
Seat 5: 5ba96b52 (69,582 in chips)
Seat 6: 8f4d2bba (10,660 in chips)
Seat 7: 921bf1e5 (6,750 in chips)
Seat 8: 8904226b (37,127 in chips)
921bf1e5: posts the ante 25
Hero: posts the ante 25
8f4d2bba: posts the ante 25
3904ba98: posts the ante 25
5ba96b52: posts the ante 25
9d44d76b: posts the ante 25
8904226b: posts the ante 25
b4acee19: posts the ante 25
9d44d76b: posts small blind 100
Hero: posts big blind 200
*** HOLE CARDS ***
Dealt to 9d44d76b 
Dealt to Hero [3c 6c]
Dealt to b4acee19 
Dealt to 3904ba98 
Dealt to 5ba96b52 
Dealt to 8f4d2bba 
Dealt to 921bf1e5 
Dealt to 8904226b 
b4acee19: folds
3904ba98: folds
5ba96b52: folds
8f4d2bba: folds
921bf1e5: folds
8904226b: raises 200 to 400
9d44d76b: folds
Hero: calls 200
*** FLOP *** [8c 8d Qs]
Hero: checks
8904226b: bets 363
Hero: folds
Uncalled bet (363) returned to 8904226b
*** SHOWDOWN ***
8904226b collected 1,100 from pot
*** SUMMARY ***
Total pot 1,100 | Rake 0 | Jackpot 0 | Bingo 0 | Fortune 0 | Tax 0
Board [8c 8d Qs]
Seat 1: 9d44d76b (small blind) folded before Flop
Seat 2: Hero (big blind) folded on the Flop
Seat 3: b4acee19 folded before Flop
Seat 4: 3904ba98 folded before Flop
Seat 5: 5ba96b52 folded before Flop
Seat 6: 8f4d2bba folded before Flop
Seat 7: 921bf1e5 folded before Flop
Seat 8: 8904226b (button) won (1,100)


Poker Hand #TM5596475824: Tournament #264778918, APL Series: ¥33 Zodiac Bounty + Horse Hold'em No Limit - Level5(100/200(25)) - 2026/02/16 22:20:38
Table '57' 8-max Seat #6 is the button
Seat 1: 9d44d76b (18,264 in chips)
Seat 2: Hero (15,718 in chips)
Seat 3: b4acee19 (10,767 in chips)
Seat 4: 3904ba98 (8,720 in chips)
Seat 5: 5ba96b52 (70,964 in chips)
Seat 6: 8f4d2bba (8,853 in chips)
Seat 8: 8904226b (37,252 in chips)
Hero: posts the ante 25
8f4d2bba: posts the ante 25
3904ba98: posts the ante 25
5ba96b52: posts the ante 25
9d44d76b: posts the ante 25
b4acee19: posts the ante 25
8904226b: posts the ante 25
8904226b: posts small blind 100
9d44d76b: posts big blind 200
*** HOLE CARDS ***
Dealt to 9d44d76b 
Dealt to Hero [Js 6c]
Dealt to b4acee19 
Dealt to 3904ba98 
Dealt to 5ba96b52 
Dealt to 8f4d2bba 
Dealt to 8904226b 
Hero: folds
b4acee19: folds
3904ba98: folds
5ba96b52: raises 200 to 400
8f4d2bba: raises 957 to 1,357
8904226b: folds
9d44d76b: folds
5ba96b52: calls 957
*** FLOP *** [Ts Ah Jh]
5ba96b52: checks
8f4d2bba: checks
*** TURN *** [Ts Ah Jh] [3h]
5ba96b52: checks
8f4d2bba: bets 1,053
5ba96b52: folds
Uncalled bet (1,053) returned to 8f4d2bba
*** SHOWDOWN ***
8f4d2bba collected 3,189 from pot
*** SUMMARY ***
Total pot 3,189 | Rake 0 | Jackpot 0 | Bingo 0 | Fortune 0 | Tax 0
Board [Ts Ah Jh 3h]
Seat 1: 9d44d76b (big blind) folded before Flop
Seat 2: Hero folded before Flop
Seat 3: b4acee19 folded before Flop
Seat 4: 3904ba98 folded before Flop
Seat 5: 5ba96b52 folded on the Turn
Seat 6: 8f4d2bba (button) won (3,189)
Seat 8: 8904226b (small blind) folded before Flop


Poker Hand #TM5596475784: Tournament #264778918, APL Series: ¥33 Zodiac Bounty + Horse Hold'em No Limit - Level5(100/200(25)) - 2026/02/16 22:19:26
Table '57' 8-max Seat #5 is the button
Seat 1: 9d44d76b (18,289 in chips)
Seat 2: Hero (15,743 in chips)
Seat 3: b4acee19 (10,792 in chips)
Seat 4: 3904ba98 (9,145 in chips)
Seat 5: 5ba96b52 (70,989 in chips)
Seat 6: 8f4d2bba (8,978 in chips)
Seat 7: 602bddf8 (11,665 in chips)
Seat 8: 8904226b (24,937 in chips)
Hero: posts the ante 25
8f4d2bba: posts the ante 25
602bddf8: posts the ante 25
3904ba98: posts the ante 25
5ba96b52: posts the ante 25
9d44d76b: posts the ante 25
b4acee19: posts the ante 25
8904226b: posts the ante 25
8f4d2bba: posts small blind 100
602bddf8: posts big blind 200
*** HOLE CARDS ***
Dealt to 9d44d76b 
Dealt to Hero [As 5h]
Dealt to b4acee19 
Dealt to 3904ba98 
Dealt to 5ba96b52 
Dealt to 8f4d2bba 
Dealt to 602bddf8 
Dealt to 8904226b 
8904226b: raises 200 to 400
9d44d76b: folds
Hero: folds
b4acee19: folds
3904ba98: calls 400
5ba96b52: folds
8f4d2bba: folds
602bddf8: raises 1,500 to 1,900
8904226b: raises 23,012 to 24,912 and is all-in
3904ba98: folds
602bddf8: calls 9,740 and is all-in
Uncalled bet (13,272) returned to 8904226b
8904226b: shows [Qd Qc]
602bddf8: shows [Ad Kh]
*** FLOP *** [Td Js 3s]
*** TURN *** [Td Js 3s] [2d]
*** RIVER *** [Td Js 3s 2d] [2c]
*** SHOWDOWN ***
8904226b collected 23,980 from pot
*** SUMMARY ***
Total pot 23,980 | Rake 0 | Jackpot 0 | Bingo 0 | Fortune 0 | Tax 0
Board [Td Js 3s 2d 2c]
Seat 1: 9d44d76b folded before Flop
Seat 2: Hero folded before Flop
Seat 3: b4acee19 folded before Flop
Seat 4: 3904ba98 folded before Flop
Seat 5: 5ba96b52 (button) folded before Flop
Seat 6: 8f4d2bba (small blind) folded before Flop
Seat 7: 602bddf8 (big blind) showed [Ad Kh] and lost with a pair of Twos
Seat 8: 8904226b showed [Qd Qc] and won (23,980) with two pair, Queens and Twos


Poker Hand #TM5596475770: Tournament #264778918, APL Series: ¥33 Zodiac Bounty + Horse Hold'em No Limit - Level5(100/200(25)) - 2026/02/16 22:19:02
Table '57' 8-max Seat #4 is the button
Seat 1: 9d44d76b (18,314 in chips)
Seat 2: Hero (15,768 in chips)
Seat 3: b4acee19 (10,817 in chips)
Seat 4: 3904ba98 (9,170 in chips)
Seat 5: 5ba96b52 (71,114 in chips)
Seat 6: 8f4d2bba (8,703 in chips)
Seat 7: 602bddf8 (11,690 in chips)
Seat 8: 8904226b (24,962 in chips)
Hero: posts the ante 25
8f4d2bba: posts the ante 25
602bddf8: posts the ante 25
3904ba98: posts the ante 25
9d44d76b: posts the ante 25
5ba96b52: posts the ante 25
b4acee19: posts the ante 25
8904226b: posts the ante 25
5ba96b52: posts small blind 100
8f4d2bba: posts big blind 200
*** HOLE CARDS ***
Dealt to 9d44d76b 
Dealt to Hero [8h Js]
Dealt to b4acee19 
Dealt to 3904ba98 
Dealt to 5ba96b52 
Dealt to 8f4d2bba 
Dealt to 602bddf8 
Dealt to 8904226b 
602bddf8: folds
8904226b: folds
9d44d76b: folds
Hero: folds
b4acee19: folds
3904ba98: folds
5ba96b52: folds
Uncalled bet (100) returned to 8f4d2bba
*** SHOWDOWN ***
8f4d2bba collected 400 from pot
*** SUMMARY ***
Total pot 400 | Rake 0 | Jackpot 0 | Bingo 0 | Fortune 0 | Tax 0
Seat 1: 9d44d76b folded before Flop
Seat 2: Hero folded before Flop
Seat 3: b4acee19 folded before Flop
Seat 4: 3904ba98 (button) folded before Flop
Seat 5: 5ba96b52 (small blind) folded before Flop
Seat 6: 8f4d2bba (big blind) collected (400)
Seat 7: 602bddf8 folded before Flop
Seat 8: 8904226b folded before Flop


Poker Hand #TM5596714235: Tournament #264778918, APL Series: ¥33 Zodiac Bounty + Horse Hold'em No Limit - Level5(100/200(25)) - 2026/02/16 22:18:06
Table '66' 8-max Seat #1 is the button
Seat 1: 64041235 (9,257 in chips)
Seat 2: 5195bd2f (26,824 in chips)
Seat 3: a496a6 (5,916 in chips)
Seat 4: 4dc7d2fd (26,164 in chips)
Seat 5: c06f867c (9,357 in chips)
Seat 6: 91db310b (10,000 in chips)
Seat 7: 9ee63356 (10,407 in chips)
Seat 8: Hero (15,793 in chips)
64041235: posts the ante 25
Hero: posts the ante 25
a496a6: posts the ante 25
9ee63356: posts the ante 25
4dc7d2fd: posts the ante 25
91db310b: posts the ante 25
c06f867c: posts the ante 25
5195bd2f: posts the ante 25
5195bd2f: posts small blind 100
a496a6: posts big blind 200
*** HOLE CARDS ***
Dealt to 64041235 
Dealt to 5195bd2f 
Dealt to a496a6 
Dealt to 4dc7d2fd 
Dealt to c06f867c 
Dealt to 91db310b 
Dealt to 9ee63356 
Dealt to Hero [8h 9d]
4dc7d2fd: folds
c06f867c: raises 200 to 400
91db310b: folds
9ee63356: folds
Hero: folds
64041235: folds
5195bd2f: raises 900 to 1,300
a496a6: raises 4,591 to 5,891 and is all-in
c06f867c: calls 5,491
5195bd2f: raises 20,908 to 26,799 and is all-in
c06f867c: calls 3,441 and is all-in
Uncalled bet (17,467) returned to 5195bd2f
5195bd2f: shows [Kh Ks]
a496a6: shows [Ah Qc]
c06f867c: shows [7h 7s]
*** FLOP *** [Ts 9c 9h]
*** TURN *** [Ts 9c 9h] [3d]
*** RIVER *** [Ts 9c 9h 3d] [6c]
*** SHOWDOWN ***
5195bd2f collected 17,873 from pot
5195bd2f collected 6,882 from pot
*** SUMMARY ***
Total pot 24,755 | Rake 0 | Jackpot 0 | Bingo 0 | Fortune 0 | Tax 0
Board [Ts 9c 9h 3d 6c]
Seat 1: 64041235 (button) folded before Flop
Seat 2: 5195bd2f (small blind) showed [Kh Ks] and won (24,755) with two pair, Kings and Nines
Seat 3: a496a6 (big blind) showed [Ah Qc] and lost with a pair of Nines
Seat 4: 4dc7d2fd folded before Flop
Seat 5: c06f867c showed [7h 7s] and lost with two pair, Nines and Sevens
Seat 6: 91db310b folded before Flop
Seat 7: 9ee63356 folded before Flop
Seat 8: Hero folded before Flop


Poker Hand #TM5596714201: Tournament #264778918, APL Series: ¥33 Zodiac Bounty + Horse Hold'em No Limit - Level5(100/200(25)) - 2026/02/16 22:17:12
Table '66' 8-max Seat #8 is the button
Seat 1: 64041235 (9,382 in chips)
Seat 2: 5195bd2f (25,974 in chips)
Seat 3: a496a6 (5,941 in chips)
Seat 4: 4dc7d2fd (26,189 in chips)
Seat 5: c06f867c (9,982 in chips)
Seat 7: 9ee63356 (10,432 in chips)
Seat 8: Hero (15,818 in chips)
64041235: posts the ante 25
Hero: posts the ante 25
a496a6: posts the ante 25
9ee63356: posts the ante 25
4dc7d2fd: posts the ante 25
c06f867c: posts the ante 25
5195bd2f: posts the ante 25
64041235: posts small blind 100
5195bd2f: posts big blind 200
*** HOLE CARDS ***
Dealt to 64041235 
Dealt to 5195bd2f 
Dealt to a496a6 
Dealt to 4dc7d2fd 
Dealt to c06f867c 
Dealt to 9ee63356 
Dealt to Hero [9h 3d]
a496a6: folds
4dc7d2fd: folds
c06f867c: raises 200 to 400
9ee63356: folds
Hero: folds
64041235: folds
5195bd2f: calls 200
*** FLOP *** [8h 2c 2s]
5195bd2f: checks
c06f867c: checks
*** TURN *** [8h 2c 2s] [2d]
5195bd2f: checks
c06f867c: checks
*** RIVER *** [8h 2c 2s 2d] [6h]
5195bd2f: bets 200
c06f867c: calls 200
5195bd2f: shows [7c 6d] (a full house, Twos full of Sixes)
c06f867c: shows [Th Ad] (three of a kind, Twos)
*** SHOWDOWN ***
5195bd2f collected 1,475 from pot
*** SUMMARY ***
Total pot 1,475 | Rake 0 | Jackpot 0 | Bingo 0 | Fortune 0 | Tax 0
Board [8h 2c 2s 2d 6h]
Seat 1: 64041235 (small blind) folded before Flop
Seat 2: 5195bd2f (big blind) showed [7c 6d] and won (1,475) with a full house, Twos full of Sixes
Seat 3: a496a6 folded before Flop
Seat 4: 4dc7d2fd folded before Flop
Seat 5: c06f867c showed [Th Ad] and lost with three of a kind, Twos
Seat 7: 9ee63356 folded before Flop
Seat 8: Hero (button) folded before Flop


Poker Hand #TM5596714144: Tournament #264778918, APL Series: ¥33 Zodiac Bounty + Horse Hold'em No Limit - Level4(75/150(18)) - 2026/02/16 22:15:29
Table '66' 8-max Seat #7 is the button
Seat 1: 64041235 (9,700 in chips)
Seat 2: 5195bd2f (23,382 in chips)
Seat 3: a496a6 (5,959 in chips)
Seat 4: 4dc7d2fd (26,207 in chips)
Seat 5: c06f867c (10,000 in chips)
Seat 6: 18d9287 (11,130 in chips)
Seat 7: 9ee63356 (10,450 in chips)
Seat 8: Hero (18,002 in chips)
64041235: posts the ante 18
a496a6: posts the ante 18
Hero: posts the ante 18
9ee63356: posts the ante 18
18d9287: posts the ante 18
4dc7d2fd: posts the ante 18
c06f867c: posts the ante 18
5195bd2f: posts the ante 18
Hero: posts small blind 75
64041235: posts big blind 150
*** HOLE CARDS ***
Dealt to 64041235 
Dealt to 5195bd2f 
Dealt to a496a6 
Dealt to 4dc7d2fd 
Dealt to c06f867c 
Dealt to 18d9287 
Dealt to 9ee63356 
Dealt to Hero [2h Qh]
5195bd2f: raises 150 to 300
a496a6: folds
4dc7d2fd: folds
c06f867c: folds
18d9287: folds
9ee63356: folds
Hero: calls 225
64041235: calls 150
*** FLOP *** [7c Qs 8d]
Hero: checks
64041235: checks
5195bd2f: checks
*** TURN *** [7c Qs 8d] [9d]
Hero: bets 672
64041235: folds
5195bd2f: raises 1,194 to 1,866
Hero: calls 1,194
*** RIVER *** [7c Qs 8d 9d] [Ac]
Hero: checks
5195bd2f: bets 2,988
Hero: folds
Uncalled bet (2,988) returned to 5195bd2f
*** SHOWDOWN ***
5195bd2f collected 4,776 from pot
*** SUMMARY ***
Total pot 4,776 | Rake 0 | Jackpot 0 | Bingo 0 | Fortune 0 | Tax 0
Board [7c Qs 8d 9d Ac]
Seat 1: 64041235 (big blind) folded on the Turn
Seat 2: 5195bd2f won (4,776)
Seat 3: a496a6 folded before Flop
Seat 4: 4dc7d2fd folded before Flop
Seat 5: c06f867c folded before Flop
Seat 6: 18d9287 folded before Flop
Seat 7: 9ee63356 (button) folded before Flop
Seat 8: Hero (small blind) folded on the River


Poker Hand #TM5596714084: Tournament #264778918, APL Series: ¥33 Zodiac Bounty + Horse Hold'em No Limit - Level4(75/150(18)) - 2026/02/16 22:13:35
Table '66' 8-max Seat #6 is the button
Seat 1: 64041235 (9,718 in chips)
Seat 2: 5195bd2f (23,700 in chips)
Seat 3: a496a6 (5,977 in chips)
Seat 4: 4dc7d2fd (22,910 in chips)
Seat 6: 18d9287 (11,148 in chips)
Seat 7: 9ee63356 (10,768 in chips)
Seat 8: Hero (20,609 in chips)
64041235: posts the ante 18
a496a6: posts the ante 18
Hero: posts the ante 18
18d9287: posts the ante 18
4dc7d2fd: posts the ante 18
9ee63356: posts the ante 18
5195bd2f: posts the ante 18
9ee63356: posts small blind 75
Hero: posts big blind 150
*** HOLE CARDS ***
Dealt to 64041235 
Dealt to 5195bd2f 
Dealt to a496a6 
Dealt to 4dc7d2fd 
Dealt to 18d9287 
Dealt to 9ee63356 
Dealt to Hero [9s 4s]
64041235: folds
5195bd2f: raises 150 to 300
a496a6: folds
4dc7d2fd: calls 300
18d9287: folds
9ee63356: calls 225
Hero: calls 150
*** FLOP *** [4d Qs 2d]
9ee63356: checks
Hero: checks
5195bd2f: checks
4dc7d2fd: checks
*** TURN *** [4d Qs 2d] [3h]
9ee63356: checks
Hero: bets 813
5195bd2f: folds
4dc7d2fd: raises 1,476 to 2,289
9ee63356: folds
Hero: calls 1,476
*** RIVER *** [4d Qs 2d 3h] [6d]
Hero: checks
4dc7d2fd: bets 2,952
Hero: folds
Uncalled bet (2,952) returned to 4dc7d2fd
*** SHOWDOWN ***
4dc7d2fd collected 5,904 from pot
*** SUMMARY ***
Total pot 5,904 | Rake 0 | Jackpot 0 | Bingo 0 | Fortune 0 | Tax 0
Board [4d Qs 2d 3h 6d]
Seat 1: 64041235 folded before Flop
Seat 2: 5195bd2f folded on the Turn
Seat 3: a496a6 folded before Flop
Seat 4: 4dc7d2fd won (5,904)
Seat 6: 18d9287 (button) folded before Flop
Seat 7: 9ee63356 (small blind) folded on the Turn
Seat 8: Hero (big blind) folded on the River


Poker Hand #TM5596714027: Tournament #264778918, APL Series: ¥33 Zodiac Bounty + Horse Hold'em No Limit - Level4(75/150(18)) - 2026/02/16 22:11:48
Table '66' 8-max Seat #5 is the button
Seat 1: 64041235 (9,736 in chips)
Seat 2: 5195bd2f (23,718 in chips)
Seat 3: a496a6 (7,054 in chips)
Seat 4: 4dc7d2fd (23,232 in chips)
Seat 5: b34666f5 (322 in chips)
Seat 6: 18d9287 (9,205 in chips)
Seat 7: 9ee63356 (10,936 in chips)
Seat 8: Hero (20,627 in chips)
64041235: posts the ante 18
a496a6: posts the ante 18
Hero: posts the ante 18
4dc7d2fd: posts the ante 18
9ee63356: posts the ante 18
18d9287: posts the ante 18
b34666f5: posts the ante 18
5195bd2f: posts the ante 18
18d9287: posts small blind 75
9ee63356: posts big blind 150
*** HOLE CARDS ***
Dealt to 64041235 
Dealt to 5195bd2f 
Dealt to a496a6 
Dealt to 4dc7d2fd 
Dealt to b34666f5 
Dealt to 18d9287 
Dealt to 9ee63356 
Dealt to Hero [Ac 3d]
Hero: folds
64041235: folds
5195bd2f: folds
a496a6: raises 150 to 300
4dc7d2fd: calls 300
b34666f5: raises 4 to 304 and is all-in
18d9287: calls 229
9ee63356: folds
a496a6: calls 4
4dc7d2fd: calls 4
*** FLOP *** [Kd 6c 4s]
18d9287: bets 755
a496a6: calls 755
4dc7d2fd: folds
*** TURN *** [Kd 6c 4s] [2d]
18d9287: bets 1,510
a496a6: folds
Uncalled bet (1,510) returned to 18d9287
18d9287: shows [2h Kc] (two pair, Kings and Twos)
b34666f5: shows [As Jd] (Ace high)
*** RIVER *** [Kd 6c 4s 2d] [2s]
*** SHOWDOWN ***
18d9287 collected 1,510 from pot
18d9287 collected 1,510 from pot
*** SUMMARY ***
Total pot 3,020 | Rake 0 | Jackpot 0 | Bingo 0 | Fortune 0 | Tax 0
Board [Kd 6c 4s 2d 2s]
Seat 1: 64041235 folded before Flop
Seat 2: 5195bd2f folded before Flop
Seat 3: a496a6 folded on the Turn
Seat 4: 4dc7d2fd folded on the Flop
Seat 5: b34666f5 (button) showed [As Jd] and lost with a pair of Twos
Seat 6: 18d9287 (small blind) showed [2h Kc] and won (3,020) with a full house, Twos full of Kings
Seat 7: 9ee63356 (big blind) folded before Flop
Seat 8: Hero folded before Flop


Poker Hand #TM5596713967: Tournament #264778918, APL Series: ¥33 Zodiac Bounty + Horse Hold'em No Limit - Level4(75/150(18)) - 2026/02/16 22:10:00
Table '66' 8-max Seat #4 is the button
Seat 1: 64041235 (9,754 in chips)
Seat 2: 5195bd2f (13,500 in chips)
Seat 3: a496a6 (7,072 in chips)
Seat 4: 4dc7d2fd (23,250 in chips)
Seat 5: b34666f5 (9,832 in chips)
Seat 6: 18d9287 (9,523 in chips)
Seat 7: 9ee63356 (10,954 in chips)
Seat 8: Hero (20,945 in chips)
64041235: posts the ante 18
a496a6: posts the ante 18
Hero: posts the ante 18
4dc7d2fd: posts the ante 18
9ee63356: posts the ante 18
18d9287: posts the ante 18
b34666f5: posts the ante 18
5195bd2f: posts the ante 18
b34666f5: posts small blind 75
18d9287: posts big blind 150
*** HOLE CARDS ***
Dealt to 64041235 
Dealt to 5195bd2f 
Dealt to a496a6 
Dealt to 4dc7d2fd 
Dealt to b34666f5 
Dealt to 18d9287 
Dealt to 9ee63356 
Dealt to Hero [7s As]
9ee63356: folds
Hero: raises 150 to 300
64041235: folds
5195bd2f: calls 300
a496a6: folds
4dc7d2fd: folds
b34666f5: calls 225
18d9287: calls 150
*** FLOP *** [Jc 9c 4s]
b34666f5: checks
18d9287: checks
Hero: checks
5195bd2f: checks
*** TURN *** [Jc 9c 4s] [9h]
b34666f5: checks
18d9287: checks
Hero: checks
5195bd2f: bets 972
b34666f5: raises 1,644 to 2,616
18d9287: folds
Hero: folds
5195bd2f: calls 1,644
*** RIVER *** [Jc 9c 4s 9h] [4c]
b34666f5: bets 6,576
5195bd2f: raises 3,990 to 10,566 and is all-in
b34666f5: folds
Uncalled bet (3,990) returned to 5195bd2f
*** SHOWDOWN ***
5195bd2f collected 19,728 from pot
*** SUMMARY ***
Total pot 19,728 | Rake 0 | Jackpot 0 | Bingo 0 | Fortune 0 | Tax 0
Board [Jc 9c 4s 9h 4c]
Seat 1: 64041235 folded before Flop
Seat 2: 5195bd2f won (19,728)
Seat 3: a496a6 folded before Flop
Seat 4: 4dc7d2fd (button) folded before Flop
Seat 5: b34666f5 (small blind) folded on the River
Seat 6: 18d9287 (big blind) folded on the Turn
Seat 7: 9ee63356 folded before Flop
Seat 8: Hero folded on the Turn


Poker Hand #TM5596713933: Tournament #264778918, APL Series: ¥33 Zodiac Bounty + Horse Hold'em No Limit - Level4(75/150(18)) - 2026/02/16 22:09:03
Table '66' 8-max Seat #3 is the button
Seat 1: 64041235 (9,772 in chips)
Seat 2: 5195bd2f (13,033 in chips)
Seat 3: a496a6 (6,606 in chips)
Seat 4: 4dc7d2fd (23,343 in chips)
Seat 5: b34666f5 (10,000 in chips)
Seat 6: 18d9287 (9,541 in chips)
Seat 7: 9ee63356 (11,272 in chips)
Seat 8: Hero (21,263 in chips)
64041235: posts the ante 18
a496a6: posts the ante 18
Hero: posts the ante 18
9ee63356: posts the ante 18
18d9287: posts the ante 18
4dc7d2fd: posts the ante 18
b34666f5: posts the ante 18
5195bd2f: posts the ante 18
4dc7d2fd: posts small blind 75
b34666f5: posts big blind 150
*** HOLE CARDS ***
Dealt to 64041235 
Dealt to 5195bd2f 
Dealt to a496a6 
Dealt to 4dc7d2fd 
Dealt to b34666f5 
Dealt to 18d9287 
Dealt to 9ee63356 
Dealt to Hero [Ks 3s]
18d9287: folds
9ee63356: raises 150 to 300
Hero: calls 300
64041235: folds
5195bd2f: raises 1,102 to 1,402
a496a6: raises 5,186 to 6,588 and is all-in
4dc7d2fd: folds
b34666f5: folds
9ee63356: folds
Hero: folds
5195bd2f: calls 5,186
a496a6: shows [Ts Td]
5195bd2f: shows [Tc Th]
*** FLOP *** [3d 6h 5c]
*** TURN *** [3d 6h 5c] [As]
*** RIVER *** [3d 6h 5c As] [9s]
*** SHOWDOWN ***
a496a6 collected 7,072 from pot
5195bd2f collected 7,073 from pot
*** SUMMARY ***
Total pot 14,145 | Rake 0 | Jackpot 0 | Bingo 0 | Fortune 0 | Tax 0
Board [3d 6h 5c As 9s]
Seat 1: 64041235 folded before Flop
Seat 2: 5195bd2f showed [Tc Th] and won (7,073) with a pair of Tens
Seat 3: a496a6 (button) showed [Ts Td] and won (7,072) with a pair of Tens
Seat 4: 4dc7d2fd (small blind) folded before Flop
Seat 5: b34666f5 (big blind) folded before Flop
Seat 6: 18d9287 folded before Flop
Seat 7: 9ee63356 folded before Flop
Seat 8: Hero folded before Flop


Poker Hand #TM5596713906: Tournament #264778918, APL Series: ¥33 Zodiac Bounty + Horse Hold'em No Limit - Level4(75/150(18)) - 2026/02/16 22:08:16
Table '66' 8-max Seat #2 is the button
Seat 1: 64041235 (9,790 in chips)
Seat 2: 5195bd2f (13,051 in chips)
Seat 3: a496a6 (6,699 in chips)
Seat 4: 4dc7d2fd (23,511 in chips)
Seat 6: 18d9287 (9,559 in chips)
Seat 7: 9ee63356 (11,290 in chips)
Seat 8: Hero (20,930 in chips)
64041235: posts the ante 18
Hero: posts the ante 18
a496a6: posts the ante 18
9ee63356: posts the ante 18
18d9287: posts the ante 18
4dc7d2fd: posts the ante 18
5195bd2f: posts the ante 18
a496a6: posts small blind 75
4dc7d2fd: posts big blind 150
*** HOLE CARDS ***
Dealt to 64041235 
Dealt to 5195bd2f 
Dealt to a496a6 
Dealt to 4dc7d2fd 
Dealt to 18d9287 
Dealt to 9ee63356 
Dealt to Hero [Jh Ac]
18d9287: folds
9ee63356: folds
Hero: raises 150 to 300
64041235: folds
5195bd2f: folds
a496a6: folds
4dc7d2fd: folds
Uncalled bet (150) returned to Hero
*** SHOWDOWN ***
Hero collected 501 from pot
*** SUMMARY ***
Total pot 501 | Rake 0 | Jackpot 0 | Bingo 0 | Fortune 0 | Tax 0
Seat 1: 64041235 folded before Flop
Seat 2: 5195bd2f (button) folded before Flop
Seat 3: a496a6 (small blind) folded before Flop
Seat 4: 4dc7d2fd (big blind) folded before Flop
Seat 6: 18d9287 folded before Flop
Seat 7: 9ee63356 folded before Flop
Seat 8: Hero collected (501)


Poker Hand #TM5596713860: Tournament #264778918, APL Series: ¥33 Zodiac Bounty + Horse Hold'em No Limit - Level3(50/100(12)) - 2026/02/16 22:06:43
Table '66' 8-max Seat #1 is the button
Seat 1: 64041235 (9,802 in chips)
Seat 2: 5195bd2f (13,113 in chips)
Seat 3: a496a6 (6,811 in chips)
Seat 4: 4dc7d2fd (23,523 in chips)
Seat 5: 7b7ccccd (9,342 in chips)
Seat 6: 18d9287 (9,571 in chips)
Seat 7: 9ee63356 (11,302 in chips)
Seat 8: Hero (11,366 in chips)
64041235: posts the ante 12
Hero: posts the ante 12
a496a6: posts the ante 12
9ee63356: posts the ante 12
18d9287: posts the ante 12
4dc7d2fd: posts the ante 12
5195bd2f: posts the ante 12
7b7ccccd: posts the ante 12
5195bd2f: posts small blind 50
a496a6: posts big blind 100
*** HOLE CARDS ***
Dealt to 64041235 
Dealt to 5195bd2f 
Dealt to a496a6 
Dealt to 4dc7d2fd 
Dealt to 7b7ccccd 
Dealt to 18d9287 
Dealt to 9ee63356 
Dealt to Hero [Qh Kc]
4dc7d2fd: folds
7b7ccccd: raises 100 to 200
18d9287: folds
9ee63356: folds
Hero: raises 485 to 685
64041235: folds
5195bd2f: folds
a496a6: folds
7b7ccccd: calls 485
*** FLOP *** [Jc Td Ts]
7b7ccccd: checks
Hero: bets 534
7b7ccccd: calls 534
*** TURN *** [Jc Td Ts] [9c]
7b7ccccd: checks
Hero: bets 1,342
7b7ccccd: raises 2,108 to 3,450
Hero: calls 2,108
*** RIVER *** [Jc Td Ts 9c] [8h]
7b7ccccd: bets 4,661 and is all-in
Hero: calls 4,661
7b7ccccd: shows [Ah Qd] (a straight, Queen to Eight)
Hero: shows [Qh Kc] (a straight, King to Nine)
*** SHOWDOWN ***
Hero collected 18,906 from pot
*** SUMMARY ***
Total pot 18,906 | Rake 0 | Jackpot 0 | Bingo 0 | Fortune 0 | Tax 0
Board [Jc Td Ts 9c 8h]
Seat 1: 64041235 (button) folded before Flop
Seat 2: 5195bd2f (small blind) folded before Flop
Seat 3: a496a6 (big blind) folded before Flop
Seat 4: 4dc7d2fd folded before Flop
Seat 5: 7b7ccccd showed [Ah Qd] and lost with a straight, Queen to Eight
Seat 6: 18d9287 folded before Flop
Seat 7: 9ee63356 folded before Flop
Seat 8: Hero showed [Qh Kc] and won (18,906) with a straight, King to Nine


Poker Hand #TM5596713833: Tournament #264778918, APL Series: ¥33 Zodiac Bounty + Horse Hold'em No Limit - Level3(50/100(12)) - 2026/02/16 22:05:45
Table '66' 8-max Seat #8 is the button
Seat 1: 64041235 (9,864 in chips)
Seat 2: 5195bd2f (13,325 in chips)
Seat 3: a496a6 (6,823 in chips)
Seat 4: 4dc7d2fd (23,535 in chips)
Seat 5: 7b7ccccd (9,354 in chips)
Seat 6: 18d9287 (9,583 in chips)
Seat 7: 9ee63356 (10,968 in chips)
Seat 8: Hero (11,378 in chips)
64041235: posts the ante 12
Hero: posts the ante 12
a496a6: posts the ante 12
9ee63356: posts the ante 12
18d9287: posts the ante 12
4dc7d2fd: posts the ante 12
5195bd2f: posts the ante 12
7b7ccccd: posts the ante 12
64041235: posts small blind 50
5195bd2f: posts big blind 100
*** HOLE CARDS ***
Dealt to 64041235 
Dealt to 5195bd2f 
Dealt to a496a6 
Dealt to 4dc7d2fd 
Dealt to 7b7ccccd 
Dealt to 18d9287 
Dealt to 9ee63356 
Dealt to Hero [2c Qs]
a496a6: folds
4dc7d2fd: folds
7b7ccccd: folds
18d9287: folds
9ee63356: raises 100 to 200
Hero: folds
64041235: folds
5195bd2f: calls 100
*** FLOP *** [3d Tc Jd]
5195bd2f: checks
9ee63356: bets 273
5195bd2f: folds
Uncalled bet (273) returned to 9ee63356
*** SHOWDOWN ***
9ee63356 collected 546 from pot
*** SUMMARY ***
Total pot 546 | Rake 0 | Jackpot 0 | Bingo 0 | Fortune 0 | Tax 0
Board [3d Tc Jd]
Seat 1: 64041235 (small blind) folded before Flop
Seat 2: 5195bd2f (big blind) folded on the Flop
Seat 3: a496a6 folded before Flop
Seat 4: 4dc7d2fd folded before Flop
Seat 5: 7b7ccccd folded before Flop
Seat 6: 18d9287 folded before Flop
Seat 7: 9ee63356 won (546)
Seat 8: Hero (button) folded before Flop


Poker Hand #TM5596713808: Tournament #264778918, APL Series: ¥33 Zodiac Bounty + Horse Hold'em No Limit - Level3(50/100(12)) - 2026/02/16 22:04:51
Table '66' 8-max Seat #7 is the button
Seat 1: 64041235 (9,976 in chips)
Seat 2: 5195bd2f (13,337 in chips)
Seat 3: a496a6 (6,439 in chips)
Seat 4: 4dc7d2fd (23,547 in chips)
Seat 5: 7b7ccccd (9,366 in chips)
Seat 6: 18d9287 (9,595 in chips)
Seat 7: 9ee63356 (10,980 in chips)
Seat 8: Hero (11,590 in chips)
64041235: posts the ante 12
a496a6: posts the ante 12
Hero: posts the ante 12
9ee63356: posts the ante 12
18d9287: posts the ante 12
4dc7d2fd: posts the ante 12
5195bd2f: posts the ante 12
7b7ccccd: posts the ante 12
Hero: posts small blind 50
64041235: posts big blind 100
*** HOLE CARDS ***
Dealt to 64041235 
Dealt to 5195bd2f 
Dealt to a496a6 
Dealt to 4dc7d2fd 
Dealt to 7b7ccccd 
Dealt to 18d9287 
Dealt to 9ee63356 
Dealt to Hero [9c Jh]
5195bd2f: folds
a496a6: raises 100 to 200
4dc7d2fd: folds
7b7ccccd: folds
18d9287: folds
9ee63356: folds
Hero: calls 150
64041235: folds
*** FLOP *** [4c Ad 6c]
Hero: checks
a496a6: checks
*** TURN *** [4c Ad 6c] [2s]
Hero: checks
a496a6: bets 197
Hero: folds
Uncalled bet (197) returned to a496a6
*** SHOWDOWN ***
a496a6 collected 596 from pot
*** SUMMARY ***
Total pot 596 | Rake 0 | Jackpot 0 | Bingo 0 | Fortune 0 | Tax 0
Board [4c Ad 6c 2s]
Seat 1: 64041235 (big blind) folded before Flop
Seat 2: 5195bd2f folded before Flop
Seat 3: a496a6 won (596)
Seat 4: 4dc7d2fd folded before Flop
Seat 5: 7b7ccccd folded before Flop
Seat 6: 18d9287 folded before Flop
Seat 7: 9ee63356 (button) folded before Flop
Seat 8: Hero (small blind) folded on the Turn


Poker Hand #TM5596713785: Tournament #264778918, APL Series: ¥33 Zodiac Bounty + Horse Hold'em No Limit - Level3(50/100(12)) - 2026/02/16 22:04:03
Table '66' 8-max Seat #6 is the button
Seat 1: 64041235 (9,988 in chips)
Seat 2: 5195bd2f (13,349 in chips)
Seat 3: a496a6 (6,451 in chips)
Seat 4: 4dc7d2fd (23,559 in chips)
Seat 5: 7b7ccccd (9,578 in chips)
Seat 6: 18d9287 (9,161 in chips)
Seat 7: 9ee63356 (11,042 in chips)
Seat 8: Hero (11,702 in chips)
64041235: posts the ante 12
a496a6: posts the ante 12
Hero: posts the ante 12
18d9287: posts the ante 12
4dc7d2fd: posts the ante 12
9ee63356: posts the ante 12
5195bd2f: posts the ante 12
7b7ccccd: posts the ante 12
9ee63356: posts small blind 50
Hero: posts big blind 100
*** HOLE CARDS ***
Dealt to 64041235 
Dealt to 5195bd2f 
Dealt to a496a6 
Dealt to 4dc7d2fd 
Dealt to 7b7ccccd 
Dealt to 18d9287 
Dealt to 9ee63356 
Dealt to Hero [9h 8c]
64041235: folds
5195bd2f: folds
a496a6: folds
4dc7d2fd: folds
7b7ccccd: raises 100 to 200
18d9287: raises 450 to 650
9ee63356: folds
Hero: folds
7b7ccccd: folds
Uncalled bet (450) returned to 18d9287
*** SHOWDOWN ***
18d9287 collected 646 from pot
*** SUMMARY ***
Total pot 646 | Rake 0 | Jackpot 0 | Bingo 0 | Fortune 0 | Tax 0
Seat 1: 64041235 folded before Flop
Seat 2: 5195bd2f folded before Flop
Seat 3: a496a6 folded before Flop
Seat 4: 4dc7d2fd folded before Flop
Seat 5: 7b7ccccd folded before Flop
Seat 6: 18d9287 (button) collected (646)
Seat 7: 9ee63356 (small blind) folded before Flop
Seat 8: Hero (big blind) folded before Flop


Poker Hand #TM5596713731: Tournament #264778918, APL Series: ¥33 Zodiac Bounty + Horse Hold'em No Limit - Level3(50/100(12)) - 2026/02/16 22:02:13
Table '66' 8-max Seat #5 is the button
Seat 1: 64041235 (10,000 in chips)
Seat 2: 5195bd2f (13,361 in chips)
Seat 3: a496a6 (6,663 in chips)
Seat 4: 4dc7d2fd (23,571 in chips)
Seat 5: 7b7ccccd (9,590 in chips)
Seat 6: 18d9287 (9,223 in chips)
Seat 7: 9ee63356 (11,154 in chips)
Seat 8: Hero (11,268 in chips)
64041235: posts the ante 12
a496a6: posts the ante 12
Hero: posts the ante 12
4dc7d2fd: posts the ante 12
9ee63356: posts the ante 12
18d9287: posts the ante 12
5195bd2f: posts the ante 12
7b7ccccd: posts the ante 12
18d9287: posts small blind 50
9ee63356: posts big blind 100
*** HOLE CARDS ***
Dealt to 64041235 
Dealt to 5195bd2f 
Dealt to a496a6 
Dealt to 4dc7d2fd 
Dealt to 7b7ccccd 
Dealt to 18d9287 
Dealt to 9ee63356 
Dealt to Hero [9c Jc]
Hero: raises 100 to 200
64041235: folds
5195bd2f: folds
a496a6: calls 200
4dc7d2fd: folds
7b7ccccd: folds
18d9287: folds
9ee63356: folds
*** FLOP *** [2c 5h 9s]
Hero: bets 423
a496a6: folds
Uncalled bet (423) returned to Hero
*** SHOWDOWN ***
Hero collected 646 from pot
*** SUMMARY ***
Total pot 646 | Rake 0 | Jackpot 0 | Bingo 0 | Fortune 0 | Tax 0
Board [2c 5h 9s]
Seat 1: 64041235 folded before Flop
Seat 2: 5195bd2f folded before Flop
Seat 3: a496a6 folded on the Flop
Seat 4: 4dc7d2fd folded before Flop
Seat 5: 7b7ccccd (button) folded before Flop
Seat 6: 18d9287 (small blind) folded before Flop
Seat 7: 9ee63356 (big blind) folded before Flop
Seat 8: Hero won (646)


Poker Hand #TM5596713665: Tournament #264778918, APL Series: ¥33 Zodiac Bounty + Horse Hold'em No Limit - Level3(50/100(12)) - 2026/02/16 21:53:55
Table '66' 8-max Seat #4 is the button
Seat 1: 7277de29 (4,735 in chips)
Seat 2: 5195bd2f (9,402 in chips)
Seat 3: a496a6 (10,000 in chips)
Seat 4: 4dc7d2fd (23,583 in chips)
Seat 5: 7b7ccccd (9,652 in chips)
Seat 6: 18d9287 (9,335 in chips)
Seat 7: 9ee63356 (11,166 in chips)
Seat 8: Hero (11,480 in chips)
7277de29: posts the ante 12
a496a6: posts the ante 12
Hero: posts the ante 12
4dc7d2fd: posts the ante 12
9ee63356: posts the ante 12
18d9287: posts the ante 12
5195bd2f: posts the ante 12
7b7ccccd: posts the ante 12
7b7ccccd: posts small blind 50
18d9287: posts big blind 100
*** HOLE CARDS ***
Dealt to 7277de29 
Dealt to 5195bd2f 
Dealt to a496a6 
Dealt to 4dc7d2fd 
Dealt to 7b7ccccd 
Dealt to 18d9287 
Dealt to 9ee63356 
Dealt to Hero [Ac Jd]
9ee63356: folds
Hero: raises 100 to 200
7277de29: calls 200
5195bd2f: calls 200
a496a6: raises 800 to 1,000
4dc7d2fd: folds
7b7ccccd: folds
18d9287: folds
Hero: folds
7277de29: folds
5195bd2f: calls 800
*** FLOP *** [Kc Qs Qd]
5195bd2f: checks
a496a6: bets 874
5195bd2f: calls 874
*** TURN *** [Kc Qs Qd] [Th]
5195bd2f: checks
a496a6: bets 1,451
5195bd2f: raises 2,408 to 3,859
a496a6: folds
Uncalled bet (2,408) returned to 5195bd2f
*** SHOWDOWN ***
5195bd2f collected 7,296 from pot
*** SUMMARY ***
Total pot 7,296 | Rake 0 | Jackpot 0 | Bingo 0 | Fortune 0 | Tax 0
Board [Kc Qs Qd Th]
Seat 1: 7277de29 folded before Flop
Seat 2: 5195bd2f won (7,296)
Seat 3: a496a6 folded on the Turn
Seat 4: 4dc7d2fd (button) folded before Flop
Seat 5: 7b7ccccd (small blind) folded before Flop
Seat 6: 18d9287 (big blind) folded before Flop
Seat 7: 9ee63356 folded before Flop
Seat 8: Hero folded before Flop


Poker Hand #TM5596713657: Tournament #264778918, APL Series: ¥33 Zodiac Bounty + Horse Hold'em No Limit - Level3(50/100(12)) - 2026/02/16 21:53:37
Table '66' 8-max Seat #2 is the button
Seat 1: 7277de29 (4,747 in chips)
Seat 2: 5195bd2f (9,414 in chips)
Seat 4: 4dc7d2fd (23,645 in chips)
Seat 5: 7b7ccccd (9,764 in chips)
Seat 6: 18d9287 (9,347 in chips)
Seat 7: 9ee63356 (11,178 in chips)
Seat 8: Hero (11,258 in chips)
7277de29: posts the ante 12
Hero: posts the ante 12
9ee63356: posts the ante 12
18d9287: posts the ante 12
4dc7d2fd: posts the ante 12
5195bd2f: posts the ante 12
7b7ccccd: posts the ante 12
4dc7d2fd: posts small blind 50
7b7ccccd: posts big blind 100
*** HOLE CARDS ***
Dealt to 7277de29 
Dealt to 5195bd2f 
Dealt to 4dc7d2fd 
Dealt to 7b7ccccd 
Dealt to 18d9287 
Dealt to 9ee63356 
Dealt to Hero [5s 6s]
18d9287: folds
9ee63356: folds
Hero: raises 100 to 200
7277de29: folds
5195bd2f: folds
4dc7d2fd: folds
7b7ccccd: folds
Uncalled bet (100) returned to Hero
*** SHOWDOWN ***
Hero collected 334 from pot
*** SUMMARY ***
Total pot 334 | Rake 0 | Jackpot 0 | Bingo 0 | Fortune 0 | Tax 0
Seat 1: 7277de29 folded before Flop
Seat 2: 5195bd2f (button) folded before Flop
Seat 4: 4dc7d2fd (small blind) folded before Flop
Seat 5: 7b7ccccd (big blind) folded before Flop
Seat 6: 18d9287 folded before Flop
Seat 7: 9ee63356 folded before Flop
Seat 8: Hero collected (334)


Poker Hand #TM5596713637: Tournament #264778918, APL Series: ¥33 Zodiac Bounty + Horse Hold'em No Limit - Level3(50/100(12)) - 2026/02/16 21:52:52
Table '66' 8-max Seat #1 is the button
Seat 1: 7277de29 (4,759 in chips)
Seat 2: 5195bd2f (9,476 in chips)
Seat 4: 4dc7d2fd (23,757 in chips)
Seat 5: 7b7ccccd (9,976 in chips)
Seat 6: 18d9287 (8,925 in chips)
Seat 7: 9ee63356 (11,190 in chips)
Seat 8: Hero (11,270 in chips)
7277de29: posts the ante 12
Hero: posts the ante 12
9ee63356: posts the ante 12
18d9287: posts the ante 12
4dc7d2fd: posts the ante 12
5195bd2f: posts the ante 12
7b7ccccd: posts the ante 12
5195bd2f: posts small blind 50
4dc7d2fd: posts big blind 100
*** HOLE CARDS ***
Dealt to 7277de29 
Dealt to 5195bd2f 
Dealt to 4dc7d2fd 
Dealt to 7b7ccccd 
Dealt to 18d9287 
Dealt to 9ee63356 
Dealt to Hero [Kc Js]
7b7ccccd: raises 100 to 200
18d9287: raises 500 to 700
9ee63356: folds
Hero: folds
7277de29: folds
5195bd2f: folds
4dc7d2fd: folds
7b7ccccd: folds
Uncalled bet (500) returned to 18d9287
*** SHOWDOWN ***
18d9287 collected 634 from pot
*** SUMMARY ***
Total pot 634 | Rake 0 | Jackpot 0 | Bingo 0 | Fortune 0 | Tax 0
Seat 1: 7277de29 (button) folded before Flop
Seat 2: 5195bd2f (small blind) folded before Flop
Seat 4: 4dc7d2fd (big blind) folded before Flop
Seat 5: 7b7ccccd folded before Flop
Seat 6: 18d9287 collected (634)
Seat 7: 9ee63356 folded before Flop
Seat 8: Hero folded before Flop


Poker Hand #TM5596713619: Tournament #264778918, APL Series: ¥33 Zodiac Bounty + Horse Hold'em No Limit - Level3(50/100(12)) - 2026/02/16 21:52:13
Table '66' 8-max Seat #8 is the button
Seat 1: 7277de29 (4,821 in chips)
Seat 2: 5195bd2f (9,588 in chips)
Seat 3: 4dabb816 (8,802 in chips)
Seat 4: 4dc7d2fd (23,769 in chips)
Seat 5: 7b7ccccd (9,988 in chips)
Seat 6: 18d9287 (8,937 in chips)
Seat 7: 9ee63356 (11,202 in chips)
Seat 8: Hero (11,282 in chips)
7277de29: posts the ante 12
Hero: posts the ante 12
9ee63356: posts the ante 12
18d9287: posts the ante 12
4dc7d2fd: posts the ante 12
4dabb816: posts the ante 12
5195bd2f: posts the ante 12
7b7ccccd: posts the ante 12
7277de29: posts small blind 50
5195bd2f: posts big blind 100
*** HOLE CARDS ***
Dealt to 7277de29 
Dealt to 5195bd2f 
Dealt to 4dabb816 
Dealt to 4dc7d2fd 
Dealt to 7b7ccccd 
Dealt to 18d9287 
Dealt to 9ee63356 
Dealt to Hero [6s 2d]
4dabb816: raises 100 to 200
4dc7d2fd: folds
7b7ccccd: folds
18d9287: folds
9ee63356: folds
Hero: folds
7277de29: folds
5195bd2f: folds
Uncalled bet (100) returned to 4dabb816
*** SHOWDOWN ***
4dabb816 collected 346 from pot
*** SUMMARY ***
Total pot 346 | Rake 0 | Jackpot 0 | Bingo 0 | Fortune 0 | Tax 0
Seat 1: 7277de29 (small blind) folded before Flop
Seat 2: 5195bd2f (big blind) folded before Flop
Seat 3: 4dabb816 collected (346)
Seat 4: 4dc7d2fd folded before Flop
Seat 5: 7b7ccccd folded before Flop
Seat 6: 18d9287 folded before Flop
Seat 7: 9ee63356 folded before Flop
Seat 8: Hero (button) folded before Flop


Poker Hand #TM5596713588: Tournament #264778918, APL Series: ¥33 Zodiac Bounty + Horse Hold'em No Limit - Level3(50/100(12)) - 2026/02/16 21:51:09
Table '66' 8-max Seat #7 is the button
Seat 1: 7277de29 (5,197 in chips)
Seat 2: 5195bd2f (9,600 in chips)
Seat 3: 4dabb816 (8,814 in chips)
Seat 4: 4dc7d2fd (23,781 in chips)
Seat 5: 7b7ccccd (10,000 in chips)
Seat 6: 18d9287 (8,949 in chips)
Seat 7: 9ee63356 (11,214 in chips)
Seat 8: Hero (10,834 in chips)
7277de29: posts the ante 12
Hero: posts the ante 12
9ee63356: posts the ante 12
18d9287: posts the ante 12
4dc7d2fd: posts the ante 12
4dabb816: posts the ante 12
5195bd2f: posts the ante 12
7b7ccccd: posts the ante 12
Hero: posts small blind 50
7277de29: posts big blind 100
*** HOLE CARDS ***
Dealt to 7277de29 
Dealt to 5195bd2f 
Dealt to 4dabb816 
Dealt to 4dc7d2fd 
Dealt to 7b7ccccd 
Dealt to 18d9287 
Dealt to 9ee63356 
Dealt to Hero [2d Kd]
5195bd2f: folds
4dabb816: folds
4dc7d2fd: folds
7b7ccccd: folds
18d9287: folds
9ee63356: folds
Hero: raises 100 to 200
7277de29: calls 100
*** FLOP *** [6h Tc Ts]
Hero: checks
7277de29: bets 164
Hero: calls 164
*** TURN *** [6h Tc Ts] [6d]
Hero: checks
7277de29: checks
*** RIVER *** [6h Tc Ts 6d] [5h]
Hero: checks
7277de29: checks
Hero: shows [2d Kd] (two pair, Tens and Sixes)
7277de29: shows [9c 7h] (two pair, Tens and Sixes)
*** SHOWDOWN ***
Hero collected 824 from pot
*** SUMMARY ***
Total pot 824 | Rake 0 | Jackpot 0 | Bingo 0 | Fortune 0 | Tax 0
Board [6h Tc Ts 6d 5h]
Seat 1: 7277de29 (big blind) showed [9c 7h] and lost with two pair, Tens and Sixes
Seat 2: 5195bd2f folded before Flop
Seat 3: 4dabb816 folded before Flop
Seat 4: 4dc7d2fd folded before Flop
Seat 5: 7b7ccccd folded before Flop
Seat 6: 18d9287 folded before Flop
Seat 7: 9ee63356 (button) folded before Flop
Seat 8: Hero (small blind) showed [2d Kd] and won (824) with two pair, Tens and Sixes


Poker Hand #TM5596713563: Tournament #264778918, APL Series: ¥33 Zodiac Bounty + Horse Hold'em No Limit - Level3(50/100(12)) - 2026/02/16 21:50:14
Table '66' 8-max Seat #6 is the button
Seat 1: 7277de29 (6,329 in chips)
Seat 2: 5195bd2f (9,612 in chips)
Seat 3: 4dabb816 (8,826 in chips)
Seat 4: 4dc7d2fd (23,793 in chips)
Seat 6: 18d9287 (8,961 in chips)
Seat 7: 9ee63356 (9,922 in chips)
Seat 8: Hero (10,946 in chips)
7277de29: posts the ante 12
Hero: posts the ante 12
18d9287: posts the ante 12
4dc7d2fd: posts the ante 12
9ee63356: posts the ante 12
4dabb816: posts the ante 12
5195bd2f: posts the ante 12
9ee63356: posts small blind 50
Hero: posts big blind 100
*** HOLE CARDS ***
Dealt to 7277de29 
Dealt to 5195bd2f 
Dealt to 4dabb816 
Dealt to 4dc7d2fd 
Dealt to 18d9287 
Dealt to 9ee63356 
Dealt to Hero [8s 3c]
7277de29: raises 100 to 200
5195bd2f: folds
4dabb816: folds
4dc7d2fd: folds
18d9287: folds
9ee63356: raises 438 to 638
Hero: folds
7277de29: calls 438
*** FLOP *** [Jc 8c Jh]
9ee63356: checks
7277de29: bets 482
9ee63356: raises 800 to 1,282
7277de29: folds
Uncalled bet (800) returned to 9ee63356
*** SHOWDOWN ***
9ee63356 collected 2,424 from pot
*** SUMMARY ***
Total pot 2,424 | Rake 0 | Jackpot 0 | Bingo 0 | Fortune 0 | Tax 0
Board [Jc 8c Jh]
Seat 1: 7277de29 folded on the Flop
Seat 2: 5195bd2f folded before Flop
Seat 3: 4dabb816 folded before Flop
Seat 4: 4dc7d2fd folded before Flop
Seat 6: 18d9287 (button) folded before Flop
Seat 7: 9ee63356 (small blind) won (2,424)
Seat 8: Hero (big blind) folded before Flop


Poker Hand #TM5596713538: Tournament #264778918, APL Series: ¥33 Zodiac Bounty + Horse Hold'em No Limit - Level2(35/70(8)) - 2026/02/16 21:49:24
Table '66' 8-max Seat #5 is the button
Seat 1: 7277de29 (6,337 in chips)
Seat 2: 5195bd2f (9,620 in chips)
Seat 3: 4dabb816 (8,834 in chips)
Seat 4: 4dc7d2fd (23,801 in chips)
Seat 5: 3954003 (754 in chips)
Seat 6: 18d9287 (9,004 in chips)
Seat 7: 9ee63356 (10,000 in chips)
Seat 8: Hero (10,039 in chips)
7277de29: posts the ante 8
Hero: posts the ante 8
4dc7d2fd: posts the ante 8
9ee63356: posts the ante 8
18d9287: posts the ante 8
3954003: posts the ante 8
4dabb816: posts the ante 8
5195bd2f: posts the ante 8
18d9287: posts small blind 35
9ee63356: posts big blind 70
*** HOLE CARDS ***
Dealt to 7277de29 
Dealt to 5195bd2f 
Dealt to 4dabb816 
Dealt to 4dc7d2fd 
Dealt to 3954003 
Dealt to 18d9287 
Dealt to 9ee63356 
Dealt to Hero [Kd Kc]
Hero: raises 70 to 140
7277de29: folds
5195bd2f: folds
4dabb816: folds
4dc7d2fd: folds
3954003: raises 606 to 746 and is all-in
18d9287: folds
9ee63356: folds
Hero: calls 606
3954003: shows [7s Qh]
Hero: shows [Kd Kc]
*** FLOP *** [4h 2c 9d]
*** TURN *** [4h 2c 9d] [Tc]
*** RIVER *** [4h 2c 9d Tc] [7d]
*** SHOWDOWN ***
Hero collected 1,661 from pot
*** SUMMARY ***
Total pot 1,661 | Rake 0 | Jackpot 0 | Bingo 0 | Fortune 0 | Tax 0
Board [4h 2c 9d Tc 7d]
Seat 1: 7277de29 folded before Flop
Seat 2: 5195bd2f folded before Flop
Seat 3: 4dabb816 folded before Flop
Seat 4: 4dc7d2fd folded before Flop
Seat 5: 3954003 (button) showed [7s Qh] and lost with a pair of Sevens
Seat 6: 18d9287 (small blind) folded before Flop
Seat 7: 9ee63356 (big blind) folded before Flop
Seat 8: Hero showed [Kd Kc] and won (1,661) with a pair of Kings


Poker Hand #TM5596713503: Tournament #264778918, APL Series: ¥33 Zodiac Bounty + Horse Hold'em No Limit - Level2(35/70(8)) - 2026/02/16 21:48:04
Table '66' 8-max Seat #4 is the button
Seat 1: 7277de29 (6,345 in chips)
Seat 2: 5195bd2f (10,105 in chips)
Seat 3: 4dabb816 (8,842 in chips)
Seat 4: 4dc7d2fd (11,603 in chips)
Seat 5: 3954003 (12,357 in chips)
Seat 6: 18d9287 (9,082 in chips)
Seat 7: 9ee63356 (10,008 in chips)
Seat 8: Hero (10,047 in chips)
7277de29: posts the ante 8
Hero: posts the ante 8
4dc7d2fd: posts the ante 8
9ee63356: posts the ante 8
18d9287: posts the ante 8
3954003: posts the ante 8
4dabb816: posts the ante 8
5195bd2f: posts the ante 8
3954003: posts small blind 35
18d9287: posts big blind 70
*** HOLE CARDS ***
Dealt to 7277de29 
Dealt to 5195bd2f 
Dealt to 4dabb816 
Dealt to 4dc7d2fd 
Dealt to 3954003 
Dealt to 18d9287 
Dealt to 9ee63356 
Dealt to Hero [6d 3c]
9ee63356: folds
Hero: folds
7277de29: folds
5195bd2f: raises 70 to 140
4dabb816: folds
4dc7d2fd: raises 337 to 477
3954003: calls 442
18d9287: folds
5195bd2f: calls 337
*** FLOP *** [8d Ah Qh]
3954003: checks
5195bd2f: checks
4dc7d2fd: bets 517
3954003: raises 1,300 to 1,817
5195bd2f: folds
4dc7d2fd: calls 1,300
*** TURN *** [8d Ah Qh] [9s]
3954003: bets 1,716
4dc7d2fd: calls 1,716
*** RIVER *** [8d Ah Qh 9s] [3s]
3954003: bets 8,339 and is all-in
4dc7d2fd: calls 7,585 and is all-in
Uncalled bet (754) returned to 3954003
3954003: shows [Jh 9h] (a pair of Nines)
4dc7d2fd: shows [Kc As] (a pair of Aces)
*** SHOWDOWN ***
4dc7d2fd collected 23,801 from pot
*** SUMMARY ***
Total pot 23,801 | Rake 0 | Jackpot 0 | Bingo 0 | Fortune 0 | Tax 0
Board [8d Ah Qh 9s 3s]
Seat 1: 7277de29 folded before Flop
Seat 2: 5195bd2f folded on the Flop
Seat 3: 4dabb816 folded before Flop
Seat 4: 4dc7d2fd (button) showed [Kc As] and won (23,801) with a pair of Aces
Seat 5: 3954003 (small blind) showed [Jh 9h] and lost with a pair of Nines
Seat 6: 18d9287 (big blind) folded before Flop
Seat 7: 9ee63356 folded before Flop
Seat 8: Hero folded before Flop


Poker Hand #TM5596713488: Tournament #264778918, APL Series: ¥33 Zodiac Bounty + Horse Hold'em No Limit - Level2(35/70(8)) - 2026/02/16 21:47:29
Table '66' 8-max Seat #3 is the button
Seat 1: 7277de29 (6,353 in chips)
Seat 2: 5195bd2f (10,113 in chips)
Seat 3: 4dabb816 (8,850 in chips)
Seat 4: 4dc7d2fd (11,646 in chips)
Seat 5: 3954003 (12,505 in chips)
Seat 6: 18d9287 (9,090 in chips)
Seat 7: 9ee63356 (10,016 in chips)
Seat 8: Hero (9,816 in chips)
7277de29: posts the ante 8
Hero: posts the ante 8
9ee63356: posts the ante 8
18d9287: posts the ante 8
4dc7d2fd: posts the ante 8
3954003: posts the ante 8
4dabb816: posts the ante 8
5195bd2f: posts the ante 8
4dc7d2fd: posts small blind 35
3954003: posts big blind 70
*** HOLE CARDS ***
Dealt to 7277de29 
Dealt to 5195bd2f 
Dealt to 4dabb816 
Dealt to 4dc7d2fd 
Dealt to 3954003 
Dealt to 18d9287 
Dealt to 9ee63356 
Dealt to Hero [Jd Js]
18d9287: folds
9ee63356: folds
Hero: raises 70 to 140
7277de29: folds
5195bd2f: folds
4dabb816: folds
4dc7d2fd: folds
3954003: calls 70
*** FLOP *** [8d 4s 6s]
3954003: checks
Hero: bets 190
3954003: folds
Uncalled bet (190) returned to Hero
*** SHOWDOWN ***
Hero collected 379 from pot
*** SUMMARY ***
Total pot 379 | Rake 0 | Jackpot 0 | Bingo 0 | Fortune 0 | Tax 0
Board [8d 4s 6s]
Seat 1: 7277de29 folded before Flop
Seat 2: 5195bd2f folded before Flop
Seat 3: 4dabb816 (button) folded before Flop
Seat 4: 4dc7d2fd (small blind) folded before Flop
Seat 5: 3954003 (big blind) folded on the Flop
Seat 6: 18d9287 folded before Flop
Seat 7: 9ee63356 folded before Flop
Seat 8: Hero won (379)


Poker Hand #TM5596713465: Tournament #264778918, APL Series: ¥33 Zodiac Bounty + Horse Hold'em No Limit - Level2(35/70(8)) - 2026/02/16 21:46:46
Table '66' 8-max Seat #2 is the button
Seat 1: 7277de29 (6,361 in chips)
Seat 2: 5195bd2f (10,121 in chips)
Seat 3: 4dabb816 (8,724 in chips)
Seat 4: 4dc7d2fd (11,724 in chips)
Seat 5: 3954003 (12,513 in chips)
Seat 6: 18d9287 (9,098 in chips)
Seat 7: 9ee63356 (10,024 in chips)
Seat 8: Hero (9,824 in chips)
7277de29: posts the ante 8
Hero: posts the ante 8
9ee63356: posts the ante 8
18d9287: posts the ante 8
4dc7d2fd: posts the ante 8
3954003: posts the ante 8
4dabb816: posts the ante 8
5195bd2f: posts the ante 8
4dabb816: posts small blind 35
4dc7d2fd: posts big blind 70
*** HOLE CARDS ***
Dealt to 7277de29 
Dealt to 5195bd2f 
Dealt to 4dabb816 
Dealt to 4dc7d2fd 
Dealt to 3954003 
Dealt to 18d9287 
Dealt to 9ee63356 
Dealt to Hero [4h 9c]
3954003: folds
18d9287: folds
9ee63356: folds
Hero: folds
7277de29: folds
5195bd2f: folds
4dabb816: raises 175 to 245
4dc7d2fd: folds
Uncalled bet (175) returned to 4dabb816
*** SHOWDOWN ***
4dabb816 collected 204 from pot
*** SUMMARY ***
Total pot 204 | Rake 0 | Jackpot 0 | Bingo 0 | Fortune 0 | Tax 0
Seat 1: 7277de29 folded before Flop
Seat 2: 5195bd2f (button) folded before Flop
Seat 3: 4dabb816 (small blind) collected (204)
Seat 4: 4dc7d2fd (big blind) folded before Flop
Seat 5: 3954003 folded before Flop
Seat 6: 18d9287 folded before Flop
Seat 7: 9ee63356 folded before Flop
Seat 8: Hero folded before Flop


Poker Hand #TM5596713453: Tournament #264778918, APL Series: ¥33 Zodiac Bounty + Horse Hold'em No Limit - Level2(35/70(8)) - 2026/02/16 21:46:22
Table '66' 8-max Seat #1 is the button
Seat 1: 7277de29 (6,369 in chips)
Seat 2: 5195bd2f (10,164 in chips)
Seat 3: 4dabb816 (8,802 in chips)
Seat 4: 4dc7d2fd (11,563 in chips)
Seat 5: 3954003 (12,521 in chips)
Seat 6: 18d9287 (9,106 in chips)
Seat 7: 9ee63356 (10,032 in chips)
Seat 8: Hero (9,832 in chips)
7277de29: posts the ante 8
Hero: posts the ante 8
9ee63356: posts the ante 8
18d9287: posts the ante 8
4dc7d2fd: posts the ante 8
3954003: posts the ante 8
4dabb816: posts the ante 8
5195bd2f: posts the ante 8
5195bd2f: posts small blind 35
4dabb816: posts big blind 70
*** HOLE CARDS ***
Dealt to 7277de29 
Dealt to 5195bd2f 
Dealt to 4dabb816 
Dealt to 4dc7d2fd 
Dealt to 3954003 
Dealt to 18d9287 
Dealt to 9ee63356 
Dealt to Hero [Jd 2c]
4dc7d2fd: raises 70 to 140
3954003: folds
18d9287: folds
9ee63356: folds
Hero: folds
7277de29: folds
5195bd2f: folds
4dabb816: folds
Uncalled bet (70) returned to 4dc7d2fd
*** SHOWDOWN ***
4dc7d2fd collected 239 from pot
*** SUMMARY ***
Total pot 239 | Rake 0 | Jackpot 0 | Bingo 0 | Fortune 0 | Tax 0
Seat 1: 7277de29 (button) folded before Flop
Seat 2: 5195bd2f (small blind) folded before Flop
Seat 3: 4dabb816 (big blind) folded before Flop
Seat 4: 4dc7d2fd collected (239)
Seat 5: 3954003 folded before Flop
Seat 6: 18d9287 folded before Flop
Seat 7: 9ee63356 folded before Flop
Seat 8: Hero folded before Flop


Poker Hand #TM5596713417: Tournament #264778918, APL Series: ¥33 Zodiac Bounty + Horse Hold'em No Limit - Level2(35/70(8)) - 2026/02/16 21:45:16
Table '66' 8-max Seat #8 is the button
Seat 1: 7277de29 (6,412 in chips)
Seat 2: 5195bd2f (10,312 in chips)
Seat 3: 4dabb816 (9,429 in chips)
Seat 4: 4dc7d2fd (10,713 in chips)
Seat 5: 3954003 (12,529 in chips)
Seat 6: 18d9287 (9,114 in chips)
Seat 7: 9ee63356 (10,040 in chips)
Seat 8: Hero (9,840 in chips)
7277de29: posts the ante 8
Hero: posts the ante 8
9ee63356: posts the ante 8
18d9287: posts the ante 8
4dc7d2fd: posts the ante 8
3954003: posts the ante 8
4dabb816: posts the ante 8
5195bd2f: posts the ante 8
7277de29: posts small blind 35
5195bd2f: posts big blind 70
*** HOLE CARDS ***
Dealt to 7277de29 
Dealt to 5195bd2f 
Dealt to 4dabb816 
Dealt to 4dc7d2fd 
Dealt to 3954003 
Dealt to 18d9287 
Dealt to 9ee63356 
Dealt to Hero [2d Ts]
4dabb816: raises 70 to 140
4dc7d2fd: calls 140
3954003: folds
18d9287: folds
9ee63356: folds
Hero: folds
7277de29: folds
5195bd2f: calls 70
*** FLOP *** [5h Js Ks]
5195bd2f: checks
4dabb816: bets 196
4dc7d2fd: calls 196
5195bd2f: folds
*** TURN *** [5h Js Ks] [9h]
4dabb816: checks
4dc7d2fd: checks
*** RIVER *** [5h Js Ks 9h] [Qh]
4dabb816: bets 283
4dc7d2fd: raises 739 to 1,022
4dabb816: folds
Uncalled bet (739) returned to 4dc7d2fd
*** SHOWDOWN ***
4dc7d2fd collected 1,477 from pot
*** SUMMARY ***
Total pot 1,477 | Rake 0 | Jackpot 0 | Bingo 0 | Fortune 0 | Tax 0
Board [5h Js Ks 9h Qh]
Seat 1: 7277de29 (small blind) folded before Flop
Seat 2: 5195bd2f (big blind) folded on the Flop
Seat 3: 4dabb816 folded on the River
Seat 4: 4dc7d2fd won (1,477)
Seat 5: 3954003 folded before Flop
Seat 6: 18d9287 folded before Flop
Seat 7: 9ee63356 folded before Flop
Seat 8: Hero (button) folded before Flop


Poker Hand #TM5596713392: Tournament #264778918, APL Series: ¥33 Zodiac Bounty + Horse Hold'em No Limit - Level2(35/70(8)) - 2026/02/16 21:44:28
Table '66' 8-max Seat #7 is the button
Seat 1: 7277de29 (6,560 in chips)
Seat 2: 5195bd2f (9,976 in chips)
Seat 3: 4dabb816 (9,437 in chips)
Seat 4: 4dc7d2fd (10,721 in chips)
Seat 5: 3954003 (12,537 in chips)
Seat 6: 18d9287 (9,122 in chips)
Seat 7: 9ee63356 (10,048 in chips)
Seat 8: Hero (9,988 in chips)
7277de29: posts the ante 8
Hero: posts the ante 8
9ee63356: posts the ante 8
18d9287: posts the ante 8
4dc7d2fd: posts the ante 8
3954003: posts the ante 8
4dabb816: posts the ante 8
5195bd2f: posts the ante 8
Hero: posts small blind 35
7277de29: posts big blind 70
*** HOLE CARDS ***
Dealt to 7277de29 
Dealt to 5195bd2f 
Dealt to 4dabb816 
Dealt to 4dc7d2fd 
Dealt to 3954003 
Dealt to 18d9287 
Dealt to 9ee63356 
Dealt to Hero [Qs 9s]
5195bd2f: raises 70 to 140
4dabb816: folds
4dc7d2fd: folds
3954003: folds
18d9287: folds
9ee63356: folds
Hero: calls 105
7277de29: calls 70
*** FLOP *** [3h 2s 7h]
Hero: checks
7277de29: checks
5195bd2f: bets 312
Hero: folds
7277de29: folds
Uncalled bet (312) returned to 5195bd2f
*** SHOWDOWN ***
5195bd2f collected 484 from pot
*** SUMMARY ***
Total pot 484 | Rake 0 | Jackpot 0 | Bingo 0 | Fortune 0 | Tax 0
Board [3h 2s 7h]
Seat 1: 7277de29 (big blind) folded on the Flop
Seat 2: 5195bd2f won (484)
Seat 3: 4dabb816 folded before Flop
Seat 4: 4dc7d2fd folded before Flop
Seat 5: 3954003 folded before Flop
Seat 6: 18d9287 folded before Flop
Seat 7: 9ee63356 (button) folded before Flop
Seat 8: Hero (small blind) folded on the Flop


Poker Hand #TM5596713357: Tournament #264778918, APL Series: ¥33 Zodiac Bounty + Horse Hold'em No Limit - Level2(35/70(8)) - 2026/02/16 21:43:21
Table '66' 8-max Seat #6 is the button
Seat 1: 7277de29 (6,926 in chips)
Seat 2: 5195bd2f (9,984 in chips)
Seat 3: 4dabb816 (9,445 in chips)
Seat 4: 4dc7d2fd (9,992 in chips)
Seat 5: 3954003 (12,685 in chips)
Seat 6: 18d9287 (9,130 in chips)
Seat 7: 9ee63356 (10,091 in chips)
Seat 8: Hero (10,136 in chips)
7277de29: posts the ante 8
Hero: posts the ante 8
18d9287: posts the ante 8
4dc7d2fd: posts the ante 8
9ee63356: posts the ante 8
3954003: posts the ante 8
4dabb816: posts the ante 8
5195bd2f: posts the ante 8
9ee63356: posts small blind 35
Hero: posts big blind 70
*** HOLE CARDS ***
Dealt to 7277de29 
Dealt to 5195bd2f 
Dealt to 4dabb816 
Dealt to 4dc7d2fd 
Dealt to 3954003 
Dealt to 18d9287 
Dealt to 9ee63356 
Dealt to Hero [2d 5s]
7277de29: raises 70 to 140
5195bd2f: folds
4dabb816: folds
4dc7d2fd: calls 140
3954003: calls 140
18d9287: folds
9ee63356: folds
Hero: calls 70
*** FLOP *** [Td 4s 9c]
Hero: checks
7277de29: checks
4dc7d2fd: bets 218
3954003: folds
Hero: folds
7277de29: calls 218
*** TURN *** [Td 4s 9c] [6c]
7277de29: checks
4dc7d2fd: bets 548
7277de29: folds
Uncalled bet (548) returned to 4dc7d2fd
*** SHOWDOWN ***
4dc7d2fd collected 1,095 from pot
*** SUMMARY ***
Total pot 1,095 | Rake 0 | Jackpot 0 | Bingo 0 | Fortune 0 | Tax 0
Board [Td 4s 9c 6c]
Seat 1: 7277de29 folded on the Turn
Seat 2: 5195bd2f folded before Flop
Seat 3: 4dabb816 folded before Flop
Seat 4: 4dc7d2fd won (1,095)
Seat 5: 3954003 folded on the Flop
Seat 6: 18d9287 (button) folded before Flop
Seat 7: 9ee63356 (small blind) folded before Flop
Seat 8: Hero (big blind) folded on the Flop


Poker Hand #TM5596713342: Tournament #264778918, APL Series: ¥33 Zodiac Bounty + Horse Hold'em No Limit - Level2(35/70(8)) - 2026/02/16 21:42:55
Table '66' 8-max Seat #5 is the button
Seat 1: 7277de29 (6,934 in chips)
Seat 2: 5195bd2f (9,992 in chips)
Seat 3: 4dabb816 (9,453 in chips)
Seat 4: 4dc7d2fd (10,000 in chips)
Seat 5: 3954003 (12,693 in chips)
Seat 6: 18d9287 (9,173 in chips)
Seat 7: 9ee63356 (10,000 in chips)
Seat 8: Hero (10,144 in chips)
7277de29: posts the ante 8
Hero: posts the ante 8
4dc7d2fd: posts the ante 8
9ee63356: posts the ante 8
18d9287: posts the ante 8
3954003: posts the ante 8
4dabb816: posts the ante 8
5195bd2f: posts the ante 8
18d9287: posts small blind 35
9ee63356: posts big blind 70
*** HOLE CARDS ***
Dealt to 7277de29 
Dealt to 5195bd2f 
Dealt to 4dabb816 
Dealt to 4dc7d2fd 
Dealt to 3954003 
Dealt to 18d9287 
Dealt to 9ee63356 
Dealt to Hero [6c Ad]
Hero: folds
7277de29: folds
5195bd2f: folds
4dabb816: folds
4dc7d2fd: folds
3954003: folds
18d9287: folds
Uncalled bet (35) returned to 9ee63356
*** SHOWDOWN ***
9ee63356 collected 134 from pot
*** SUMMARY ***
Total pot 134 | Rake 0 | Jackpot 0 | Bingo 0 | Fortune 0 | Tax 0
Seat 1: 7277de29 folded before Flop
Seat 2: 5195bd2f folded before Flop
Seat 3: 4dabb816 folded before Flop
Seat 4: 4dc7d2fd folded before Flop
Seat 5: 3954003 (button) folded before Flop
Seat 6: 18d9287 (small blind) folded before Flop
Seat 7: 9ee63356 (big blind) collected (134)
Seat 8: Hero folded before Flop


Poker Hand #TM5596713317: Tournament #264778918, APL Series: ¥33 Zodiac Bounty + Horse Hold'em No Limit - Level2(35/70(8)) - 2026/02/16 21:42:09
Table '66' 8-max Seat #3 is the button
Seat 1: 7277de29 (6,942 in chips)
Seat 2: 5195bd2f (10,000 in chips)
Seat 3: 4dabb816 (9,461 in chips)
Seat 5: 3954003 (11,218 in chips)
Seat 6: 18d9287 (9,251 in chips)
Seat 7: 7874d5a9 (1,365 in chips)
Seat 8: Hero (10,152 in chips)
7277de29: posts the ante 8
Hero: posts the ante 8
18d9287: posts the ante 8
7874d5a9: posts the ante 8
3954003: posts the ante 8
4dabb816: posts the ante 8
5195bd2f: posts the ante 8
3954003: posts small blind 35
18d9287: posts big blind 70
*** HOLE CARDS ***
Dealt to 7277de29 
Dealt to 5195bd2f 
Dealt to 4dabb816 
Dealt to 3954003 
Dealt to 18d9287 
Dealt to 7874d5a9 
Dealt to Hero [2c 4c]
7874d5a9: raises 1,287 to 1,357 and is all-in
Hero: folds
7277de29: folds
5195bd2f: folds
4dabb816: folds
3954003: raises 2,130 to 3,487
18d9287: folds
Uncalled bet (2,130) returned to 3954003
3954003: shows [Td Ts]
7874d5a9: shows [Jc Kh]
*** FLOP *** [6s Qd Qh]
*** TURN *** [6s Qd Qh] [8h]
*** RIVER *** [6s Qd Qh 8h] [Qc]
*** SHOWDOWN ***
3954003 collected 2,840 from pot
*** SUMMARY ***
Total pot 2,840 | Rake 0 | Jackpot 0 | Bingo 0 | Fortune 0 | Tax 0
Board [6s Qd Qh 8h Qc]
Seat 1: 7277de29 folded before Flop
Seat 2: 5195bd2f folded before Flop
Seat 3: 4dabb816 (button) folded before Flop
Seat 5: 3954003 (small blind) showed [Td Ts] and won (2,840) with a full house, Queens full of Tens
Seat 6: 18d9287 (big blind) folded before Flop
Seat 7: 7874d5a9 showed [Jc Kh] and lost with three of a kind, Queens
Seat 8: Hero folded before Flop


Poker Hand #TM5596713290: Tournament #264778918, APL Series: ¥33 Zodiac Bounty + Horse Hold'em No Limit - Level2(35/70(8)) - 2026/02/16 21:41:22
Table '66' 8-max Seat #1 is the button
Seat 1: 7277de29 (7,111 in chips)
Seat 3: 4dabb816 (9,504 in chips)
Seat 5: 3954003 (10,821 in chips)
Seat 6: 18d9287 (9,420 in chips)
Seat 7: 7874d5a9 (1,373 in chips)
Seat 8: Hero (10,160 in chips)
7277de29: posts the ante 8
Hero: posts the ante 8
18d9287: posts the ante 8
7874d5a9: posts the ante 8
3954003: posts the ante 8
4dabb816: posts the ante 8
4dabb816: posts small blind 35
3954003: posts big blind 70
*** HOLE CARDS ***
Dealt to 7277de29 
Dealt to 4dabb816 
Dealt to 3954003 
Dealt to 18d9287 
Dealt to 7874d5a9 
Dealt to Hero [Qc 9h]
18d9287: raises 91 to 161
7874d5a9: folds
Hero: folds
7277de29: calls 161
4dabb816: folds
3954003: raises 784 to 945
18d9287: folds
7277de29: folds
Uncalled bet (784) returned to 3954003
*** SHOWDOWN ***
3954003 collected 566 from pot
*** SUMMARY ***
Total pot 566 | Rake 0 | Jackpot 0 | Bingo 0 | Fortune 0 | Tax 0
Seat 1: 7277de29 (button) folded before Flop
Seat 3: 4dabb816 (small blind) folded before Flop
Seat 5: 3954003 (big blind) collected (566)
Seat 6: 18d9287 folded before Flop
Seat 7: 7874d5a9 folded before Flop
Seat 8: Hero folded before Flop


Poker Hand #TM5596713261: Tournament #264778918, APL Series: ¥33 Zodiac Bounty + Horse Hold'em No Limit - Level2(35/70(8)) - 2026/02/16 21:40:29
Table '66' 8-max Seat #8 is the button
Seat 1: 7277de29 (7,154 in chips)
Seat 3: 4dabb816 (9,582 in chips)
Seat 4: 469393ee (12,390 in chips)
Seat 5: 3954003 (10,829 in chips)
Seat 6: 18d9287 (9,428 in chips)
Seat 7: 7874d5a9 (614 in chips)
Seat 8: Hero (10,774 in chips)
7277de29: posts the ante 8
Hero: posts the ante 8
18d9287: posts the ante 8
7874d5a9: posts the ante 8
3954003: posts the ante 8
4dabb816: posts the ante 8
469393ee: posts the ante 8
7277de29: posts small blind 35
4dabb816: posts big blind 70
*** HOLE CARDS ***
Dealt to 7277de29 
Dealt to 4dabb816 
Dealt to 469393ee 
Dealt to 3954003 
Dealt to 18d9287 
Dealt to 7874d5a9 
Dealt to Hero [8s Jc]
469393ee: folds
3954003: folds
18d9287: folds
7874d5a9: raises 536 to 606 and is all-in
Hero: raises 536 to 1,142
7277de29: folds
4dabb816: folds
Uncalled bet (536) returned to Hero
Hero: shows [8s Jc]
7874d5a9: shows [Ts 2s]
*** FLOP *** [Tc 6c 5d]
*** TURN *** [Tc 6c 5d] [Td]
*** RIVER *** [Tc 6c 5d Td] [Ah]
*** SHOWDOWN ***
7874d5a9 collected 1,373 from pot
*** SUMMARY ***
Total pot 1,373 | Rake 0 | Jackpot 0 | Bingo 0 | Fortune 0 | Tax 0
Board [Tc 6c 5d Td Ah]
Seat 1: 7277de29 (small blind) folded before Flop
Seat 3: 4dabb816 (big blind) folded before Flop
Seat 4: 469393ee folded before Flop
Seat 5: 3954003 folded before Flop
Seat 6: 18d9287 folded before Flop
Seat 7: 7874d5a9 showed [Ts 2s] and won (1,373) with three of a kind, Tens
Seat 8: Hero (button) showed [8s Jc] and lost with a pair of Tens


Poker Hand #TM5596713207: Tournament #264778918, APL Series: ¥33 Zodiac Bounty + Horse Hold'em No Limit - Level1(25/50(6)) - 2026/02/16 21:39:12
Table '66' 8-max Seat #7 is the button
Seat 1: 7277de29 (7,210 in chips)
Seat 2: 399ab964 (9,565 in chips)
Seat 3: 4dabb816 (9,588 in chips)
Seat 4: 469393ee (12,396 in chips)
Seat 5: 3954003 (10,835 in chips)
Seat 6: 18d9287 (9,434 in chips)
Seat 7: 7874d5a9 (10,179 in chips)
Seat 8: Hero (10,805 in chips)
7277de29: posts the ante 6
Hero: posts the ante 6
18d9287: posts the ante 6
399ab964: posts the ante 6
7874d5a9: posts the ante 6
3954003: posts the ante 6
4dabb816: posts the ante 6
469393ee: posts the ante 6
Hero: posts small blind 25
7277de29: posts big blind 50
*** HOLE CARDS ***
Dealt to 7277de29 
Dealt to 399ab964 
Dealt to 4dabb816 
Dealt to 469393ee 
Dealt to 3954003 
Dealt to 18d9287 
Dealt to 7874d5a9 
Dealt to Hero [2h 2s]
399ab964: raises 50 to 100
4dabb816: folds
469393ee: folds
3954003: folds
18d9287: folds
7874d5a9: raises 325 to 425
Hero: folds
7277de29: folds
399ab964: raises 975 to 1,400
7874d5a9: raises 8,773 to 10,173 and is all-in
399ab964: calls 8,159 and is all-in
Uncalled bet (614) returned to 7874d5a9
7874d5a9: shows [As Kd]
399ab964: shows [Kc Kh]
*** FLOP *** [7h 8c Js]
*** TURN *** [7h 8c Js] [9d]
*** RIVER *** [7h 8c Js 9d] [3d]
*** SHOWDOWN ***
399ab964 collected 19,241 from pot
*** SUMMARY ***
Total pot 19,241 | Rake 0 | Jackpot 0 | Bingo 0 | Fortune 0 | Tax 0
Board [7h 8c Js 9d 3d]
Seat 1: 7277de29 (big blind) folded before Flop
Seat 2: 399ab964 showed [Kc Kh] and won (19,241) with a pair of Kings
Seat 3: 4dabb816 folded before Flop
Seat 4: 469393ee folded before Flop
Seat 5: 3954003 folded before Flop
Seat 6: 18d9287 folded before Flop
Seat 7: 7874d5a9 (button) showed [As Kd] and lost with Ace high
Seat 8: Hero (small blind) folded before Flop


Poker Hand #TM5596713151: Tournament #264778918, APL Series: ¥33 Zodiac Bounty + Horse Hold'em No Limit - Level1(25/50(6)) - 2026/02/16 21:37:42
Table '66' 8-max Seat #6 is the button
Seat 1: 7277de29 (7,216 in chips)
Seat 2: 399ab964 (9,571 in chips)
Seat 3: 4dabb816 (9,594 in chips)
Seat 4: 469393ee (12,402 in chips)
Seat 5: 3954003 (10,841 in chips)
Seat 6: 18d9287 (9,740 in chips)
Seat 7: 7874d5a9 (10,210 in chips)
Seat 8: Hero (10,438 in chips)
7277de29: posts the ante 6
Hero: posts the ante 6
18d9287: posts the ante 6
399ab964: posts the ante 6
7874d5a9: posts the ante 6
3954003: posts the ante 6
4dabb816: posts the ante 6
469393ee: posts the ante 6
7874d5a9: posts small blind 25
Hero: posts big blind 50
*** HOLE CARDS ***
Dealt to 7277de29 
Dealt to 399ab964 
Dealt to 4dabb816 
Dealt to 469393ee 
Dealt to 3954003 
Dealt to 18d9287 
Dealt to 7874d5a9 
Dealt to Hero [Td Jh]
7277de29: folds
399ab964: folds
4dabb816: folds
469393ee: folds
3954003: folds
18d9287: raises 75 to 125
7874d5a9: folds
Hero: calls 75
*** FLOP *** [2d 5s 2s]
Hero: checks
18d9287: checks
*** TURN *** [2d 5s 2s] [Js]
Hero: checks
18d9287: bets 175
Hero: raises 337 to 512
18d9287: folds
Uncalled bet (337) returned to Hero
*** SHOWDOWN ***
Hero collected 673 from pot
*** SUMMARY ***
Total pot 673 | Rake 0 | Jackpot 0 | Bingo 0 | Fortune 0 | Tax 0
Board [2d 5s 2s Js]
Seat 1: 7277de29 folded before Flop
Seat 2: 399ab964 folded before Flop
Seat 3: 4dabb816 folded before Flop
Seat 4: 469393ee folded before Flop
Seat 5: 3954003 folded before Flop
Seat 6: 18d9287 (button) folded on the Turn
Seat 7: 7874d5a9 (small blind) folded before Flop
Seat 8: Hero (big blind) won (673)


Poker Hand #TM5596713136: Tournament #264778918, APL Series: ¥33 Zodiac Bounty + Horse Hold'em No Limit - Level1(25/50(6)) - 2026/02/16 21:37:22
Table '66' 8-max Seat #5 is the button
Seat 1: 7277de29 (7,222 in chips)
Seat 2: 399ab964 (9,577 in chips)
Seat 3: 4dabb816 (9,600 in chips)
Seat 4: 469393ee (12,408 in chips)
Seat 5: 3954003 (10,847 in chips)
Seat 6: 18d9287 (9,771 in chips)
Seat 7: 7874d5a9 (10,143 in chips)
Seat 8: Hero (10,444 in chips)
7277de29: posts the ante 6
Hero: posts the ante 6
18d9287: posts the ante 6
399ab964: posts the ante 6
7874d5a9: posts the ante 6
3954003: posts the ante 6
4dabb816: posts the ante 6
469393ee: posts the ante 6
18d9287: posts small blind 25
7874d5a9: posts big blind 50
*** HOLE CARDS ***
Dealt to 7277de29 
Dealt to 399ab964 
Dealt to 4dabb816 
Dealt to 469393ee 
Dealt to 3954003 
Dealt to 18d9287 
Dealt to 7874d5a9 
Dealt to Hero [5d Ts]
Hero: folds
7277de29: folds
399ab964: folds
4dabb816: folds
469393ee: folds
3954003: folds
18d9287: folds
Uncalled bet (25) returned to 7874d5a9
*** SHOWDOWN ***
7874d5a9 collected 98 from pot
*** SUMMARY ***
Total pot 98 | Rake 0 | Jackpot 0 | Bingo 0 | Fortune 0 | Tax 0
Seat 1: 7277de29 folded before Flop
Seat 2: 399ab964 folded before Flop
Seat 3: 4dabb816 folded before Flop
Seat 4: 469393ee folded before Flop
Seat 5: 3954003 (button) folded before Flop
Seat 6: 18d9287 (small blind) folded before Flop
Seat 7: 7874d5a9 (big blind) collected (98)
Seat 8: Hero folded before Flop


Poker Hand #TM5596713115: Tournament #264778918, APL Series: ¥33 Zodiac Bounty + Horse Hold'em No Limit - Level1(25/50(6)) - 2026/02/16 21:36:47
Table '66' 8-max Seat #4 is the button
Seat 1: 7277de29 (7,228 in chips)
Seat 2: 399ab964 (9,583 in chips)
Seat 3: 4dabb816 (9,606 in chips)
Seat 4: 469393ee (12,414 in chips)
Seat 5: 3954003 (10,878 in chips)
Seat 6: 18d9287 (9,877 in chips)
Seat 7: 7874d5a9 (9,976 in chips)
Seat 8: Hero (10,450 in chips)
7277de29: posts the ante 6
Hero: posts the ante 6
18d9287: posts the ante 6
399ab964: posts the ante 6
7874d5a9: posts the ante 6
3954003: posts the ante 6
4dabb816: posts the ante 6
469393ee: posts the ante 6
3954003: posts small blind 25
18d9287: posts big blind 50
*** HOLE CARDS ***
Dealt to 7277de29 
Dealt to 399ab964 
Dealt to 4dabb816 
Dealt to 469393ee 
Dealt to 3954003 
Dealt to 18d9287 
Dealt to 7874d5a9 
Dealt to Hero [7c 3h]
7874d5a9: raises 50 to 100
Hero: folds
7277de29: folds
399ab964: folds
4dabb816: folds
469393ee: folds
3954003: folds
18d9287: calls 50
*** FLOP *** [Ah Qc 4d]
18d9287: checks
7874d5a9: bets 125
18d9287: folds
Uncalled bet (125) returned to 7874d5a9
*** SHOWDOWN ***
7874d5a9 collected 273 from pot
*** SUMMARY ***
Total pot 273 | Rake 0 | Jackpot 0 | Bingo 0 | Fortune 0 | Tax 0
Board [Ah Qc 4d]
Seat 1: 7277de29 folded before Flop
Seat 2: 399ab964 folded before Flop
Seat 3: 4dabb816 folded before Flop
Seat 4: 469393ee (button) folded before Flop
Seat 5: 3954003 (small blind) folded before Flop
Seat 6: 18d9287 (big blind) folded on the Flop
Seat 7: 7874d5a9 won (273)
Seat 8: Hero folded before Flop


Poker Hand #TM5596713045: Tournament #264778918, APL Series: ¥33 Zodiac Bounty + Horse Hold'em No Limit - Level1(25/50(6)) - 2026/02/16 21:34:49
Table '66' 8-max Seat #3 is the button
Seat 1: 7277de29 (9,783 in chips)
Seat 2: 399ab964 (9,589 in chips)
Seat 3: 4dabb816 (9,612 in chips)
Seat 4: 469393ee (9,773 in chips)
Seat 5: 3954003 (10,934 in chips)
Seat 6: 18d9287 (9,883 in chips)
Seat 7: 7874d5a9 (9,982 in chips)
Seat 8: Hero (10,456 in chips)
7277de29: posts the ante 6
Hero: posts the ante 6
18d9287: posts the ante 6
399ab964: posts the ante 6
7874d5a9: posts the ante 6
3954003: posts the ante 6
4dabb816: posts the ante 6
469393ee: posts the ante 6
469393ee: posts small blind 25
3954003: posts big blind 50
*** HOLE CARDS ***
Dealt to 7277de29 
Dealt to 399ab964 
Dealt to 4dabb816 
Dealt to 469393ee 
Dealt to 3954003 
Dealt to 18d9287 
Dealt to 7874d5a9 
Dealt to Hero [9d 5h]
18d9287: folds
7874d5a9: folds
Hero: folds
7277de29: raises 50 to 100
399ab964: folds
4dabb816: folds
469393ee: raises 400 to 500
3954003: folds
7277de29: raises 750 to 1,250
469393ee: calls 750
*** FLOP *** [3c 8d Ac]
469393ee: checks
7277de29: checks
*** TURN *** [3c 8d Ac] [Td]
469393ee: bets 1,299
7277de29: calls 1,299
*** RIVER *** [3c 8d Ac Td] [7s]
469393ee: bets 1,299
7277de29: folds
Uncalled bet (1,299) returned to 469393ee
*** SHOWDOWN ***
469393ee collected 5,196 from pot
*** SUMMARY ***
Total pot 5,196 | Rake 0 | Jackpot 0 | Bingo 0 | Fortune 0 | Tax 0
Board [3c 8d Ac Td 7s]
Seat 1: 7277de29 folded on the River
Seat 2: 399ab964 folded before Flop
Seat 3: 4dabb816 (button) folded before Flop
Seat 4: 469393ee (small blind) won (5,196)
Seat 5: 3954003 (big blind) folded before Flop
Seat 6: 18d9287 folded before Flop
Seat 7: 7874d5a9 folded before Flop
Seat 8: Hero folded before Flop


Poker Hand #TM5596713021: Tournament #264778918, APL Series: ¥33 Zodiac Bounty + Horse Hold'em No Limit - Level1(25/50(6)) - 2026/02/16 21:34:11
Table '66' 8-max Seat #2 is the button
Seat 1: 7277de29 (9,789 in chips)
Seat 2: 399ab964 (9,595 in chips)
Seat 3: 4dabb816 (9,520 in chips)
Seat 4: 469393ee (9,829 in chips)
Seat 5: 3954003 (10,940 in chips)
Seat 6: 18d9287 (9,889 in chips)
Seat 7: 7874d5a9 (9,988 in chips)
Seat 8: Hero (10,462 in chips)
7277de29: posts the ante 6
Hero: posts the ante 6
18d9287: posts the ante 6
399ab964: posts the ante 6
7874d5a9: posts the ante 6
3954003: posts the ante 6
4dabb816: posts the ante 6
469393ee: posts the ante 6
4dabb816: posts small blind 25
469393ee: posts big blind 50
*** HOLE CARDS ***
Dealt to 7277de29 
Dealt to 399ab964 
Dealt to 4dabb816 
Dealt to 469393ee 
Dealt to 3954003 
Dealt to 18d9287 
Dealt to 7874d5a9 
Dealt to Hero [Ad 3s]
3954003: folds
18d9287: folds
7874d5a9: folds
Hero: folds
7277de29: folds
399ab964: folds
4dabb816: raises 125 to 175
469393ee: folds
Uncalled bet (125) returned to 4dabb816
*** SHOWDOWN ***
4dabb816 collected 148 from pot
*** SUMMARY ***
Total pot 148 | Rake 0 | Jackpot 0 | Bingo 0 | Fortune 0 | Tax 0
Seat 1: 7277de29 folded before Flop
Seat 2: 399ab964 (button) folded before Flop
Seat 3: 4dabb816 (small blind) collected (148)
Seat 4: 469393ee (big blind) folded before Flop
Seat 5: 3954003 folded before Flop
Seat 6: 18d9287 folded before Flop
Seat 7: 7874d5a9 folded before Flop
Seat 8: Hero folded before Flop


Poker Hand #TM5596713001: Tournament #264778918, APL Series: ¥33 Zodiac Bounty + Horse Hold'em No Limit - Level1(25/50(6)) - 2026/02/16 21:33:36
Table '66' 8-max Seat #1 is the button
Seat 1: 7277de29 (9,795 in chips)
Seat 2: 399ab964 (9,626 in chips)
Seat 3: 4dabb816 (9,576 in chips)
Seat 4: 469393ee (9,835 in chips)
Seat 5: 3954003 (11,046 in chips)
Seat 6: 18d9287 (9,895 in chips)
Seat 7: 7874d5a9 (9,994 in chips)
Seat 8: Hero (10,245 in chips)
7277de29: posts the ante 6
Hero: posts the ante 6
18d9287: posts the ante 6
399ab964: posts the ante 6
7874d5a9: posts the ante 6
3954003: posts the ante 6
4dabb816: posts the ante 6
469393ee: posts the ante 6
399ab964: posts small blind 25
4dabb816: posts big blind 50
*** HOLE CARDS ***
Dealt to 7277de29 
Dealt to 399ab964 
Dealt to 4dabb816 
Dealt to 469393ee 
Dealt to 3954003 
Dealt to 18d9287 
Dealt to 7874d5a9 
Dealt to Hero [Ks Ah]
469393ee: folds
3954003: raises 50 to 100
18d9287: folds
7874d5a9: folds
Hero: raises 573 to 673
7277de29: folds
399ab964: folds
4dabb816: folds
3954003: folds
Uncalled bet (573) returned to Hero
*** SHOWDOWN ***
Hero collected 323 from pot
*** SUMMARY ***
Total pot 323 | Rake 0 | Jackpot 0 | Bingo 0 | Fortune 0 | Tax 0
Seat 1: 7277de29 (button) folded before Flop
Seat 2: 399ab964 (small blind) folded before Flop
Seat 3: 4dabb816 (big blind) folded before Flop
Seat 4: 469393ee folded before Flop
Seat 5: 3954003 folded before Flop
Seat 6: 18d9287 folded before Flop
Seat 7: 7874d5a9 folded before Flop
Seat 8: Hero collected (323)


Poker Hand #TM5596712985: Tournament #264778918, APL Series: ¥33 Zodiac Bounty + Horse Hold'em No Limit - Level1(25/50(6)) - 2026/02/16 21:33:00
Table '66' 8-max Seat #8 is the button
Seat 1: 7277de29 (9,826 in chips)
Seat 2: 399ab964 (9,682 in chips)
Seat 3: 4dabb816 (9,582 in chips)
Seat 4: 469393ee (9,841 in chips)
Seat 5: 3954003 (11,052 in chips)
Seat 6: 18d9287 (9,901 in chips)
Seat 7: 7874d5a9 (10,000 in chips)
Seat 8: Hero (10,128 in chips)
7277de29: posts the ante 6
Hero: posts the ante 6
18d9287: posts the ante 6
399ab964: posts the ante 6
7874d5a9: posts the ante 6
3954003: posts the ante 6
4dabb816: posts the ante 6
469393ee: posts the ante 6
7277de29: posts small blind 25
399ab964: posts big blind 50
*** HOLE CARDS ***
Dealt to 7277de29 
Dealt to 399ab964 
Dealt to 4dabb816 
Dealt to 469393ee 
Dealt to 3954003 
Dealt to 18d9287 
Dealt to 7874d5a9 
Dealt to Hero [Qd 6s]
4dabb816: folds
469393ee: folds
3954003: folds
18d9287: folds
7874d5a9: folds
Hero: raises 50 to 100
7277de29: folds
399ab964: folds
Uncalled bet (50) returned to Hero
*** SHOWDOWN ***
Hero collected 173 from pot
*** SUMMARY ***
Total pot 173 | Rake 0 | Jackpot 0 | Bingo 0 | Fortune 0 | Tax 0
Seat 1: 7277de29 (small blind) folded before Flop
Seat 2: 399ab964 (big blind) folded before Flop
Seat 3: 4dabb816 folded before Flop
Seat 4: 469393ee folded before Flop
Seat 5: 3954003 folded before Flop
Seat 6: 18d9287 folded before Flop
Seat 7: 7874d5a9 folded before Flop
Seat 8: Hero (button) collected (173)


Poker Hand #TM5596712948: Tournament #264778918, APL Series: ¥33 Zodiac Bounty + Horse Hold'em No Limit - Level1(25/50(6)) - 2026/02/16 21:32:07
Table '66' 8-max Seat #6 is the button
Seat 1: 7277de29 (9,882 in chips)
Seat 2: 399ab964 (10,205 in chips)
Seat 3: 4dabb816 (10,105 in chips)
Seat 4: 469393ee (9,847 in chips)
Seat 5: 3954003 (9,907 in chips)
Seat 6: 18d9287 (9,907 in chips)
Seat 8: Hero (10,159 in chips)
7277de29: posts the ante 6
Hero: posts the ante 6
18d9287: posts the ante 6
399ab964: posts the ante 6
3954003: posts the ante 6
4dabb816: posts the ante 6
469393ee: posts the ante 6
Hero: posts small blind 25
7277de29: posts big blind 50
*** HOLE CARDS ***
Dealt to 7277de29 
Dealt to 399ab964 
Dealt to 4dabb816 
Dealt to 469393ee 
Dealt to 3954003 
Dealt to 18d9287 
Dealt to Hero [8c 9h]
399ab964: raises 50 to 100
4dabb816: calls 100
469393ee: folds
3954003: raises 417 to 517
18d9287: folds
Hero: folds
7277de29: folds
399ab964: calls 417
4dabb816: calls 417
*** FLOP *** [Ts 6s Kc]
399ab964: checks
4dabb816: checks
3954003: bets 834
399ab964: folds
4dabb816: folds
Uncalled bet (834) returned to 3954003
*** SHOWDOWN ***
3954003 collected 1,668 from pot
*** SUMMARY ***
Total pot 1,668 | Rake 0 | Jackpot 0 | Bingo 0 | Fortune 0 | Tax 0
Board [Ts 6s Kc]
Seat 1: 7277de29 (big blind) folded before Flop
Seat 2: 399ab964 folded on the Flop
Seat 3: 4dabb816 folded on the Flop
Seat 4: 469393ee folded before Flop
Seat 5: 3954003 won (1,668)
Seat 6: 18d9287 (button) folded before Flop
Seat 8: Hero (small blind) folded before Flop


Poker Hand #TM5596712913: Tournament #264778918, APL Series: ¥33 Zodiac Bounty + Horse Hold'em No Limit - Level1(25/50(6)) - 2026/02/16 21:31:17
Table '66' 8-max Seat #5 is the button
Seat 1: 7277de29 (9,888 in chips)
Seat 2: 399ab964 (10,211 in chips)
Seat 3: 4dabb816 (10,111 in chips)
Seat 4: 469393ee (9,963 in chips)
Seat 5: 3954003 (9,913 in chips)
Seat 6: 18d9287 (9,938 in chips)
Seat 8: Hero (9,988 in chips)
7277de29: posts the ante 6
Hero: posts the ante 6
18d9287: posts the ante 6
399ab964: posts the ante 6
3954003: posts the ante 6
4dabb816: posts the ante 6
469393ee: posts the ante 6
18d9287: posts small blind 25
Hero: posts big blind 50
*** HOLE CARDS ***
Dealt to 7277de29 
Dealt to 399ab964 
Dealt to 4dabb816 
Dealt to 469393ee 
Dealt to 3954003 
Dealt to 18d9287 
Dealt to Hero [Kh Ad]
7277de29: folds
399ab964: folds
4dabb816: folds
469393ee: raises 60 to 110
3954003: folds
18d9287: folds
Hero: raises 587 to 697
469393ee: folds
Uncalled bet (587) returned to Hero
*** SHOWDOWN ***
Hero collected 287 from pot
*** SUMMARY ***
Total pot 287 | Rake 0 | Jackpot 0 | Bingo 0 | Fortune 0 | Tax 0
Seat 1: 7277de29 folded before Flop
Seat 2: 399ab964 folded before Flop
Seat 3: 4dabb816 folded before Flop
Seat 4: 469393ee folded before Flop
Seat 5: 3954003 (button) folded before Flop
Seat 6: 18d9287 (small blind) folded before Flop
Seat 8: Hero (big blind) collected (287)


Poker Hand #TM5596712891: Tournament #264778918, APL Series: ¥33 Zodiac Bounty + Horse Hold'em No Limit - Level1(25/50(6)) - 2026/02/16 21:30:41
Table '66' 8-max Seat #4 is the button
Seat 1: 7277de29 (9,994 in chips)
Seat 2: 399ab964 (9,994 in chips)
Seat 3: 4dabb816 (10,117 in chips)
Seat 4: 469393ee (9,969 in chips)
Seat 5: 3954003 (9,944 in chips)
Seat 6: 18d9287 (9,994 in chips)
Seat 7: d229efd2 (9,994 in chips)
Seat 8: Hero (9,994 in chips)
d229efd2: posts the ante 6
7277de29: posts the ante 6
Hero: posts the ante 6
18d9287: posts the ante 6
399ab964: posts the ante 6
3954003: posts the ante 6
4dabb816: posts the ante 6
469393ee: posts the ante 6
3954003: posts small blind 25
18d9287: posts big blind 50
*** HOLE CARDS ***
Dealt to 7277de29 
Dealt to 399ab964 
Dealt to 4dabb816 
Dealt to 469393ee 
Dealt to 3954003 
Dealt to 18d9287 
Dealt to d229efd2 
Dealt to Hero [3c 8c]
d229efd2: folds
Hero: folds
7277de29: raises 50 to 100
399ab964: raises 200 to 300
4dabb816: folds
469393ee: folds
3954003: folds
18d9287: folds
7277de29: folds
Uncalled bet (200) returned to 399ab964
*** SHOWDOWN ***
399ab964 collected 323 from pot
*** SUMMARY ***
Total pot 323 | Rake 0 | Jackpot 0 | Bingo 0 | Fortune 0 | Tax 0
Seat 1: 7277de29 folded before Flop
Seat 2: 399ab964 collected (323)
Seat 3: 4dabb816 folded before Flop
Seat 4: 469393ee (button) folded before Flop
Seat 5: 3954003 (small blind) folded before Flop
Seat 6: 18d9287 (big blind) folded before Flop
Seat 7: d229efd2 folded before Flop
Seat 8: Hero folded before Flop


Poker Hand #TM5596712870: Tournament #264778918, APL Series: ¥33 Zodiac Bounty + Horse Hold'em No Limit - Level1(25/50(6)) - 2026/02/16 21:30:02
Table '66' 8-max Seat #3 is the button
Seat 1: 7277de29 (10,000 in chips)
Seat 2: 399ab964 (10,000 in chips)
Seat 3: 4dabb816 (10,000 in chips)
Seat 4: 469393ee (10,000 in chips)
Seat 5: 3954003 (10,000 in chips)
Seat 6: 18d9287 (10,000 in chips)
Seat 7: d229efd2 (10,000 in chips)
Seat 8: Hero (10,000 in chips)
d229efd2: posts the ante 6
7277de29: posts the ante 6
Hero: posts the ante 6
18d9287: posts the ante 6
399ab964: posts the ante 6
3954003: posts the ante 6
4dabb816: posts the ante 6
469393ee: posts the ante 6
469393ee: posts small blind 25
3954003: posts big blind 50
*** HOLE CARDS ***
Dealt to 7277de29 
Dealt to 399ab964 
Dealt to 4dabb816 
Dealt to 469393ee 
Dealt to 3954003 
Dealt to 18d9287 
Dealt to d229efd2 
Dealt to Hero [6s 5s]
18d9287: folds
d229efd2: folds
Hero: folds
7277de29: folds
399ab964: folds
4dabb816: raises 50 to 100
469393ee: folds
3954003: folds
Uncalled bet (50) returned to 4dabb816
*** SHOWDOWN ***
4dabb816 collected 173 from pot
*** SUMMARY ***
Total pot 173 | Rake 0 | Jackpot 0 | Bingo 0 | Fortune 0 | Tax 0
Seat 1: 7277de29 folded before Flop
Seat 2: 399ab964 folded before Flop
Seat 3: 4dabb816 (button) collected (173)
Seat 4: 469393ee (small blind) folded before Flop
Seat 5: 3954003 (big blind) folded before Flop
Seat 6: 18d9287 folded before Flop
Seat 7: d229efd2 folded before Flop
Seat 8: Hero folded before Flop


