Poker Hand #TM5631300795: Tournament #265894761, Bounty Hunters Turbo Special $21.60 Hold'em No Limit - Level16(1,250/2,500(350)) - 2026/02/25 15:31:50
Table '26' 8-max Seat #4 is the button
Seat 1: aa26dc76 (34,828 in chips)
Seat 2: ac4e8100 (21,448 in chips)
Seat 3: 62ec4ce7 (81,485 in chips)
Seat 4: Hero (11,710 in chips)
Seat 6: 74d49fbb (118,459 in chips)
Seat 7: 743a7662 (24,439 in chips)
Seat 8: 5ef504e3 (25,777 in chips)
ac4e8100: posts the ante 350
aa26dc76: posts the ante 350
62ec4ce7: posts the ante 350
Hero: posts the ante 350
74d49fbb: posts the ante 350
5ef504e3: posts the ante 350
743a7662: posts the ante 350
74d49fbb: posts small blind 1,250
743a7662: posts big blind 2,500
*** HOLE CARDS ***
Dealt to aa26dc76 
Dealt to ac4e8100 
Dealt to 62ec4ce7 
Dealt to Hero [Kh Js]
Dealt to 74d49fbb 
Dealt to 743a7662 
Dealt to 5ef504e3 
5ef504e3: folds
aa26dc76: folds
ac4e8100: calls 2,500
62ec4ce7: folds
Hero: raises 8,860 to 11,360 and is all-in
74d49fbb: raises 106,749 to 118,109 and is all-in
743a7662: calls 21,589 and is all-in
ac4e8100: folds
Uncalled bet (94,020) returned to 74d49fbb
74d49fbb: shows [Qs Th]
743a7662: shows [Ah 6h]
Hero: shows [Kh Js]
*** FLOP *** [7h 9c As]
*** TURN *** [7h 9c As] [6s]
*** RIVER *** [7h 9c As 6s] [5h]
*** SHOWDOWN ***
743a7662 collected 39,030 from pot
743a7662 collected 25,458 from pot
*** SUMMARY ***
Total pot 64,488 | Rake 0 | Jackpot 0 | Bingo 0 | Fortune 0 | Tax 0
Board [7h 9c As 6s 5h]
Seat 1: aa26dc76 folded before Flop
Seat 2: ac4e8100 folded before Flop
Seat 3: 62ec4ce7 folded before Flop
Seat 4: Hero (button) showed [Kh Js] and lost with Ace high
Seat 6: 74d49fbb (small blind) showed [Qs Th] and lost with Ace high
Seat 7: 743a7662 (big blind) showed [Ah 6h] and won (64,488) with two pair, Aces and Sixes
Seat 8: 5ef504e3 folded before Flop


Poker Hand #TM5631300793: Tournament #265894761, Bounty Hunters Turbo Special $21.60 Hold'em No Limit - Level16(1,250/2,500(350)) - 2026/02/25 15:31:06
Table '26' 8-max Seat #3 is the button
Seat 1: aa26dc76 (15,289 in chips)
Seat 2: ac4e8100 (21,798 in chips)
Seat 3: 62ec4ce7 (81,835 in chips)
Seat 4: Hero (26,999 in chips)
Seat 6: 74d49fbb (121,309 in chips)
Seat 7: 743a7662 (24,789 in chips)
Seat 8: 5ef504e3 (26,127 in chips)
ac4e8100: posts the ante 350
aa26dc76: posts the ante 350
62ec4ce7: posts the ante 350
74d49fbb: posts the ante 350
Hero: posts the ante 350
5ef504e3: posts the ante 350
743a7662: posts the ante 350
Hero: posts small blind 1,250
74d49fbb: posts big blind 2,500
*** HOLE CARDS ***
Dealt to aa26dc76 
Dealt to ac4e8100 
Dealt to 62ec4ce7 
Dealt to Hero [4h 4s]
Dealt to 74d49fbb 
Dealt to 743a7662 
Dealt to 5ef504e3 
743a7662: folds
5ef504e3: folds
aa26dc76: raises 12,439 to 14,939 and is all-in
ac4e8100: folds
62ec4ce7: folds
Hero: raises 11,710 to 26,649 and is all-in
74d49fbb: folds
Uncalled bet (11,710) returned to Hero
Hero: shows [4h 4s]
aa26dc76: shows [Jd Kc]
*** FLOP *** [6c 2h Ts]
*** TURN *** [6c 2h Ts] [Js]
*** RIVER *** [6c 2h Ts Js] [9c]
*** SHOWDOWN ***
aa26dc76 collected 34,828 from pot
*** SUMMARY ***
Total pot 34,828 | Rake 0 | Jackpot 0 | Bingo 0 | Fortune 0 | Tax 0
Board [6c 2h Ts Js 9c]
Seat 1: aa26dc76 showed [Jd Kc] and won (34,828) with a pair of Jacks
Seat 2: ac4e8100 folded before Flop
Seat 3: 62ec4ce7 (button) folded before Flop
Seat 4: Hero (small blind) showed [4h 4s] and lost with a pair of Fours
Seat 6: 74d49fbb (big blind) folded before Flop
Seat 7: 743a7662 folded before Flop
Seat 8: 5ef504e3 folded before Flop


Poker Hand #TM5631300790: Tournament #265894761, Bounty Hunters Turbo Special $21.60 Hold'em No Limit - Level16(1,250/2,500(350)) - 2026/02/25 15:30:34
Table '26' 8-max Seat #2 is the button
Seat 1: aa26dc76 (15,639 in chips)
Seat 2: ac4e8100 (22,148 in chips)
Seat 3: 62ec4ce7 (83,435 in chips)
Seat 4: Hero (29,849 in chips)
Seat 6: 74d49fbb (115,459 in chips)
Seat 7: 743a7662 (25,139 in chips)
Seat 8: 5ef504e3 (26,477 in chips)
ac4e8100: posts the ante 350
aa26dc76: posts the ante 350
62ec4ce7: posts the ante 350
74d49fbb: posts the ante 350
Hero: posts the ante 350
5ef504e3: posts the ante 350
743a7662: posts the ante 350
62ec4ce7: posts small blind 1,250
Hero: posts big blind 2,500
*** HOLE CARDS ***
Dealt to aa26dc76 
Dealt to ac4e8100 
Dealt to 62ec4ce7 
Dealt to Hero [4h 3d]
Dealt to 74d49fbb 
Dealt to 743a7662 
Dealt to 5ef504e3 
74d49fbb: raises 2,500 to 5,000
743a7662: folds
5ef504e3: folds
aa26dc76: folds
ac4e8100: folds
62ec4ce7: folds
Hero: folds
Uncalled bet (2,500) returned to 74d49fbb
*** SHOWDOWN ***
74d49fbb collected 8,700 from pot
*** SUMMARY ***
Total pot 8,700 | Rake 0 | Jackpot 0 | Bingo 0 | Fortune 0 | Tax 0
Seat 1: aa26dc76 folded before Flop
Seat 2: ac4e8100 (button) folded before Flop
Seat 3: 62ec4ce7 (small blind) folded before Flop
Seat 4: Hero (big blind) folded before Flop
Seat 6: 74d49fbb collected (8,700)
Seat 7: 743a7662 folded before Flop
Seat 8: 5ef504e3 folded before Flop


Poker Hand #TM5631300788: Tournament #265894761, Bounty Hunters Turbo Special $21.60 Hold'em No Limit - Level16(1,250/2,500(350)) - 2026/02/25 15:30:13
Table '26' 8-max Seat #1 is the button
Seat 1: aa26dc76 (15,989 in chips)
Seat 2: ac4e8100 (23,748 in chips)
Seat 3: 62ec4ce7 (86,285 in chips)
Seat 4: Hero (30,199 in chips)
Seat 6: 74d49fbb (115,809 in chips)
Seat 7: 743a7662 (25,489 in chips)
Seat 8: 5ef504e3 (20,627 in chips)
aa26dc76: posts the ante 350
ac4e8100: posts the ante 350
62ec4ce7: posts the ante 350
74d49fbb: posts the ante 350
Hero: posts the ante 350
5ef504e3: posts the ante 350
743a7662: posts the ante 350
ac4e8100: posts small blind 1,250
62ec4ce7: posts big blind 2,500
*** HOLE CARDS ***
Dealt to aa26dc76 
Dealt to ac4e8100 
Dealt to 62ec4ce7 
Dealt to Hero [Td 5c]
Dealt to 74d49fbb 
Dealt to 743a7662 
Dealt to 5ef504e3 
Hero: folds
74d49fbb: folds
743a7662: folds
5ef504e3: raises 17,777 to 20,277 and is all-in
aa26dc76: folds
ac4e8100: folds
62ec4ce7: folds
Uncalled bet (17,777) returned to 5ef504e3
*** SHOWDOWN ***
5ef504e3 collected 8,700 from pot
*** SUMMARY ***
Total pot 8,700 | Rake 0 | Jackpot 0 | Bingo 0 | Fortune 0 | Tax 0
Seat 1: aa26dc76 (button) folded before Flop
Seat 2: ac4e8100 (small blind) folded before Flop
Seat 3: 62ec4ce7 (big blind) folded before Flop
Seat 4: Hero folded before Flop
Seat 6: 74d49fbb folded before Flop
Seat 7: 743a7662 folded before Flop
Seat 8: 5ef504e3 collected (8,700)


Poker Hand #TM5631300783: Tournament #265894761, Bounty Hunters Turbo Special $21.60 Hold'em No Limit - Level15(1,000/2,000(300)) - 2026/02/25 15:29:33
Table '26' 8-max Seat #8 is the button
Seat 1: aa26dc76 (17,289 in chips)
Seat 2: ac4e8100 (16,948 in chips)
Seat 3: 62ec4ce7 (86,585 in chips)
Seat 4: Hero (30,499 in chips)
Seat 6: 74d49fbb (120,109 in chips)
Seat 7: 743a7662 (25,789 in chips)
Seat 8: 5ef504e3 (20,927 in chips)
ac4e8100: posts the ante 300
aa26dc76: posts the ante 300
62ec4ce7: posts the ante 300
74d49fbb: posts the ante 300
Hero: posts the ante 300
5ef504e3: posts the ante 300
743a7662: posts the ante 300
aa26dc76: posts small blind 1,000
ac4e8100: posts big blind 2,000
*** HOLE CARDS ***
Dealt to aa26dc76 
Dealt to ac4e8100 
Dealt to 62ec4ce7 
Dealt to Hero [5c Qc]
Dealt to 74d49fbb 
Dealt to 743a7662 
Dealt to 5ef504e3 
62ec4ce7: folds
Hero: folds
74d49fbb: raises 2,000 to 4,000
743a7662: folds
5ef504e3: folds
aa26dc76: folds
ac4e8100: calls 2,000
*** FLOP *** [3d 7c As]
ac4e8100: bets 5,550
74d49fbb: folds
Uncalled bet (5,550) returned to ac4e8100
*** SHOWDOWN ***
ac4e8100 collected 11,100 from pot
*** SUMMARY ***
Total pot 11,100 | Rake 0 | Jackpot 0 | Bingo 0 | Fortune 0 | Tax 0
Board [3d 7c As]
Seat 1: aa26dc76 (small blind) folded before Flop
Seat 2: ac4e8100 (big blind) won (11,100)
Seat 3: 62ec4ce7 folded before Flop
Seat 4: Hero folded before Flop
Seat 6: 74d49fbb folded on the Flop
Seat 7: 743a7662 folded before Flop
Seat 8: 5ef504e3 (button) folded before Flop


Poker Hand #TM5631300780: Tournament #265894761, Bounty Hunters Turbo Special $21.60 Hold'em No Limit - Level15(1,000/2,000(300)) - 2026/02/25 15:28:56
Table '26' 8-max Seat #7 is the button
Seat 1: aa26dc76 (21,589 in chips)
Seat 2: ac4e8100 (17,248 in chips)
Seat 3: 62ec4ce7 (79,785 in chips)
Seat 4: Hero (30,799 in chips)
Seat 6: 74d49fbb (120,409 in chips)
Seat 7: 743a7662 (26,089 in chips)
Seat 8: 5ef504e3 (22,227 in chips)
ac4e8100: posts the ante 300
aa26dc76: posts the ante 300
62ec4ce7: posts the ante 300
74d49fbb: posts the ante 300
Hero: posts the ante 300
5ef504e3: posts the ante 300
743a7662: posts the ante 300
5ef504e3: posts small blind 1,000
aa26dc76: posts big blind 2,000
*** HOLE CARDS ***
Dealt to aa26dc76 
Dealt to ac4e8100 
Dealt to 62ec4ce7 
Dealt to Hero [6h 3s]
Dealt to 74d49fbb 
Dealt to 743a7662 
Dealt to 5ef504e3 
ac4e8100: folds
62ec4ce7: raises 2,000 to 4,000
Hero: folds
74d49fbb: folds
743a7662: folds
5ef504e3: folds
aa26dc76: calls 2,000
*** FLOP *** [Js 5s Td]
aa26dc76: checks
62ec4ce7: bets 18,000
aa26dc76: folds
Uncalled bet (18,000) returned to 62ec4ce7
*** SHOWDOWN ***
62ec4ce7 collected 11,100 from pot
*** SUMMARY ***
Total pot 11,100 | Rake 0 | Jackpot 0 | Bingo 0 | Fortune 0 | Tax 0
Board [Js 5s Td]
Seat 1: aa26dc76 (big blind) folded on the Flop
Seat 2: ac4e8100 folded before Flop
Seat 3: 62ec4ce7 won (11,100)
Seat 4: Hero folded before Flop
Seat 6: 74d49fbb folded before Flop
Seat 7: 743a7662 (button) folded before Flop
Seat 8: 5ef504e3 (small blind) folded before Flop


Poker Hand #TM5631300778: Tournament #265894761, Bounty Hunters Turbo Special $21.60 Hold'em No Limit - Level15(1,000/2,000(300)) - 2026/02/25 15:28:15
Table '26' 8-max Seat #6 is the button
Seat 1: aa26dc76 (21,889 in chips)
Seat 2: ac4e8100 (17,548 in chips)
Seat 3: 62ec4ce7 (78,035 in chips)
Seat 4: Hero (31,099 in chips)
Seat 6: 74d49fbb (120,709 in chips)
Seat 7: 743a7662 (24,339 in chips)
Seat 8: 5ef504e3 (24,527 in chips)
ac4e8100: posts the ante 300
aa26dc76: posts the ante 300
62ec4ce7: posts the ante 300
74d49fbb: posts the ante 300
Hero: posts the ante 300
5ef504e3: posts the ante 300
743a7662: posts the ante 300
743a7662: posts small blind 1,000
5ef504e3: posts big blind 2,000
*** HOLE CARDS ***
Dealt to aa26dc76 
Dealt to ac4e8100 
Dealt to 62ec4ce7 
Dealt to Hero [Kh 6s]
Dealt to 74d49fbb 
Dealt to 743a7662 
Dealt to 5ef504e3 
aa26dc76: folds
ac4e8100: folds
62ec4ce7: raises 2,000 to 4,000
Hero: folds
74d49fbb: folds
743a7662: raises 20,039 to 24,039 and is all-in
5ef504e3: folds
62ec4ce7: calls 20,039
743a7662: shows [As Ts]
62ec4ce7: shows [Jd Ad]
*** FLOP *** [7s 6h 8s]
*** TURN *** [7s 6h 8s] [7c]
*** RIVER *** [7s 6h 8s 7c] [6d]
*** SHOWDOWN ***
743a7662 collected 26,089 from pot
62ec4ce7 collected 26,089 from pot
*** SUMMARY ***
Total pot 52,178 | Rake 0 | Jackpot 0 | Bingo 0 | Fortune 0 | Tax 0
Board [7s 6h 8s 7c 6d]
Seat 1: aa26dc76 folded before Flop
Seat 2: ac4e8100 folded before Flop
Seat 3: 62ec4ce7 showed [Jd Ad] and won (26,089) with two pair, Sevens and Sixes
Seat 4: Hero folded before Flop
Seat 6: 74d49fbb (button) folded before Flop
Seat 7: 743a7662 (small blind) showed [As Ts] and won (26,089) with two pair, Sevens and Sixes
Seat 8: 5ef504e3 (big blind) folded before Flop


Poker Hand #TM5631300773: Tournament #265894761, Bounty Hunters Turbo Special $21.60 Hold'em No Limit - Level15(1,000/2,000(300)) - 2026/02/25 15:27:22
Table '26' 8-max Seat #4 is the button
Seat 1: aa26dc76 (22,189 in chips)
Seat 2: ac4e8100 (17,848 in chips)
Seat 3: 62ec4ce7 (78,335 in chips)
Seat 4: Hero (31,399 in chips)
Seat 5: a5f8cd2b (16,525 in chips)
Seat 6: 74d49fbb (102,384 in chips)
Seat 7: 743a7662 (24,639 in chips)
Seat 8: 5ef504e3 (24,827 in chips)
ac4e8100: posts the ante 300
aa26dc76: posts the ante 300
62ec4ce7: posts the ante 300
Hero: posts the ante 300
74d49fbb: posts the ante 300
a5f8cd2b: posts the ante 300
5ef504e3: posts the ante 300
743a7662: posts the ante 300
a5f8cd2b: posts small blind 1,000
74d49fbb: posts big blind 2,000
*** HOLE CARDS ***
Dealt to aa26dc76 
Dealt to ac4e8100 
Dealt to 62ec4ce7 
Dealt to Hero [Kd 6h]
Dealt to a5f8cd2b 
Dealt to 74d49fbb 
Dealt to 743a7662 
Dealt to 5ef504e3 
743a7662: folds
5ef504e3: folds
aa26dc76: folds
ac4e8100: folds
62ec4ce7: folds
Hero: folds
a5f8cd2b: raises 14,225 to 16,225 and is all-in
74d49fbb: calls 14,225
a5f8cd2b: shows [Qd 9c]
74d49fbb: shows [Kc Ah]
*** FLOP *** [2s 7c 6c]
*** TURN *** [2s 7c 6c] [3s]
*** RIVER *** [2s 7c 6c 3s] [6d]
743a7662: shows [4c 5s] (a straight, Seven to Three)
*** SHOWDOWN ***
74d49fbb collected 34,850 from pot
*** SUMMARY ***
Total pot 34,850 | Rake 0 | Jackpot 0 | Bingo 0 | Fortune 0 | Tax 0
Board [2s 7c 6c 3s 6d]
Seat 1: aa26dc76 folded before Flop
Seat 2: ac4e8100 folded before Flop
Seat 3: 62ec4ce7 folded before Flop
Seat 4: Hero (button) folded before Flop
Seat 5: a5f8cd2b (small blind) showed [Qd 9c] and lost with a pair of Sixes
Seat 6: 74d49fbb (big blind) showed [Kc Ah] and won (34,850) with a pair of Sixes
Seat 7: 743a7662 folded before Flop
Seat 8: 5ef504e3 folded before Flop


Poker Hand #TM5631300770: Tournament #265894761, Bounty Hunters Turbo Special $21.60 Hold'em No Limit - Level15(1,000/2,000(300)) - 2026/02/25 15:26:59
Table '26' 8-max Seat #3 is the button
Seat 1: aa26dc76 (22,489 in chips)
Seat 2: ac4e8100 (18,148 in chips)
Seat 3: 62ec4ce7 (73,235 in chips)
Seat 4: Hero (32,699 in chips)
Seat 5: a5f8cd2b (18,825 in chips)
Seat 6: 74d49fbb (102,684 in chips)
Seat 7: 743a7662 (24,939 in chips)
Seat 8: 5ef504e3 (25,127 in chips)
ac4e8100: posts the ante 300
aa26dc76: posts the ante 300
62ec4ce7: posts the ante 300
74d49fbb: posts the ante 300
Hero: posts the ante 300
a5f8cd2b: posts the ante 300
5ef504e3: posts the ante 300
743a7662: posts the ante 300
Hero: posts small blind 1,000
a5f8cd2b: posts big blind 2,000
*** HOLE CARDS ***
Dealt to aa26dc76 
Dealt to ac4e8100 
Dealt to 62ec4ce7 
Dealt to Hero [2h 3h]
Dealt to a5f8cd2b 
Dealt to 74d49fbb 
Dealt to 743a7662 
Dealt to 5ef504e3 
74d49fbb: folds
743a7662: folds
5ef504e3: folds
aa26dc76: folds
ac4e8100: folds
62ec4ce7: raises 2,000 to 4,000
Hero: folds
a5f8cd2b: folds
Uncalled bet (2,000) returned to 62ec4ce7
*** SHOWDOWN ***
62ec4ce7 collected 7,400 from pot
*** SUMMARY ***
Total pot 7,400 | Rake 0 | Jackpot 0 | Bingo 0 | Fortune 0 | Tax 0
Seat 1: aa26dc76 folded before Flop
Seat 2: ac4e8100 folded before Flop
Seat 3: 62ec4ce7 (button) collected (7,400)
Seat 4: Hero (small blind) folded before Flop
Seat 5: a5f8cd2b (big blind) folded before Flop
Seat 6: 74d49fbb folded before Flop
Seat 7: 743a7662 folded before Flop
Seat 8: 5ef504e3 folded before Flop


Poker Hand #TM5631300766: Tournament #265894761, Bounty Hunters Turbo Special $21.60 Hold'em No Limit - Level15(1,000/2,000(300)) - 2026/02/25 15:26:00
Table '26' 8-max Seat #2 is the button
Seat 1: aa26dc76 (22,789 in chips)
Seat 2: ac4e8100 (5,216 in chips)
Seat 3: 62ec4ce7 (74,535 in chips)
Seat 4: Hero (37,915 in chips)
Seat 5: a5f8cd2b (19,125 in chips)
Seat 6: 74d49fbb (102,984 in chips)
Seat 7: 743a7662 (30,155 in chips)
Seat 8: 5ef504e3 (25,427 in chips)
ac4e8100: posts the ante 300
aa26dc76: posts the ante 300
62ec4ce7: posts the ante 300
74d49fbb: posts the ante 300
Hero: posts the ante 300
a5f8cd2b: posts the ante 300
5ef504e3: posts the ante 300
743a7662: posts the ante 300
62ec4ce7: posts small blind 1,000
Hero: posts big blind 2,000
*** HOLE CARDS ***
Dealt to aa26dc76 
Dealt to ac4e8100 
Dealt to 62ec4ce7 
Dealt to Hero [7d 9s]
Dealt to a5f8cd2b 
Dealt to 74d49fbb 
Dealt to 743a7662 
Dealt to 5ef504e3 
a5f8cd2b: folds
74d49fbb: folds
743a7662: raises 2,000 to 4,000
5ef504e3: folds
aa26dc76: folds
ac4e8100: raises 916 to 4,916 and is all-in
62ec4ce7: folds
Hero: calls 2,916
743a7662: calls 916
*** FLOP *** [Jd 4s Qs]
Hero: checks
743a7662: bets 24,939 and is all-in
Hero: folds
Uncalled bet (24,939) returned to 743a7662
743a7662: shows [Js As] (a pair of Jacks)
ac4e8100: shows [Qd Kc] (a pair of Queens)
*** TURN *** [Jd 4s Qs] [Tc]
*** RIVER *** [Jd 4s Qs Tc] [6c]
*** SHOWDOWN ***
ac4e8100 collected 18,148 from pot
*** SUMMARY ***
Total pot 18,148 | Rake 0 | Jackpot 0 | Bingo 0 | Fortune 0 | Tax 0
Board [Jd 4s Qs Tc 6c]
Seat 1: aa26dc76 folded before Flop
Seat 2: ac4e8100 (button) showed [Qd Kc] and won (18,148) with a pair of Queens
Seat 3: 62ec4ce7 (small blind) folded before Flop
Seat 4: Hero (big blind) folded on the Flop
Seat 5: a5f8cd2b folded before Flop
Seat 6: 74d49fbb folded before Flop
Seat 7: 743a7662 showed [Js As] and lost with a pair of Jacks
Seat 8: 5ef504e3 folded before Flop


Poker Hand #TM5631300762: Tournament #265894761, Bounty Hunters Turbo Special $21.60 Hold'em No Limit - Level15(1,000/2,000(300)) - 2026/02/25 15:25:23
Table '26' 8-max Seat #1 is the button
Seat 1: aa26dc76 (23,089 in chips)
Seat 2: ac4e8100 (6,516 in chips)
Seat 3: 62ec4ce7 (76,835 in chips)
Seat 4: Hero (38,215 in chips)
Seat 5: a5f8cd2b (19,425 in chips)
Seat 6: 74d49fbb (97,884 in chips)
Seat 7: 743a7662 (30,455 in chips)
Seat 8: 5ef504e3 (25,727 in chips)
aa26dc76: posts the ante 300
ac4e8100: posts the ante 300
62ec4ce7: posts the ante 300
74d49fbb: posts the ante 300
Hero: posts the ante 300
a5f8cd2b: posts the ante 300
5ef504e3: posts the ante 300
743a7662: posts the ante 300
ac4e8100: posts small blind 1,000
62ec4ce7: posts big blind 2,000
*** HOLE CARDS ***
Dealt to aa26dc76 
Dealt to ac4e8100 
Dealt to 62ec4ce7 
Dealt to Hero [7c 9d]
Dealt to a5f8cd2b 
Dealt to 74d49fbb 
Dealt to 743a7662 
Dealt to 5ef504e3 
Hero: folds
a5f8cd2b: folds
74d49fbb: raises 2,000 to 4,000
743a7662: folds
5ef504e3: folds
aa26dc76: folds
ac4e8100: folds
62ec4ce7: folds
Uncalled bet (2,000) returned to 74d49fbb
*** SHOWDOWN ***
74d49fbb collected 7,400 from pot
*** SUMMARY ***
Total pot 7,400 | Rake 0 | Jackpot 0 | Bingo 0 | Fortune 0 | Tax 0
Seat 1: aa26dc76 (button) folded before Flop
Seat 2: ac4e8100 (small blind) folded before Flop
Seat 3: 62ec4ce7 (big blind) folded before Flop
Seat 4: Hero folded before Flop
Seat 5: a5f8cd2b folded before Flop
Seat 6: 74d49fbb collected (7,400)
Seat 7: 743a7662 folded before Flop
Seat 8: 5ef504e3 folded before Flop


Poker Hand #TM5631300757: Tournament #265894761, Bounty Hunters Turbo Special $21.60 Hold'em No Limit - Level14(750/1,500(200)) - 2026/02/25 15:24:16
Table '26' 8-max Seat #8 is the button
Seat 1: aa26dc76 (24,039 in chips)
Seat 2: ac4e8100 (8,216 in chips)
Seat 3: 62ec4ce7 (91,163 in chips)
Seat 4: Hero (38,415 in chips)
Seat 5: a5f8cd2b (19,625 in chips)
Seat 6: 74d49fbb (80,106 in chips)
Seat 7: 743a7662 (30,655 in chips)
Seat 8: 5ef504e3 (25,927 in chips)
ac4e8100: posts the ante 200
aa26dc76: posts the ante 200
62ec4ce7: posts the ante 200
74d49fbb: posts the ante 200
Hero: posts the ante 200
a5f8cd2b: posts the ante 200
5ef504e3: posts the ante 200
743a7662: posts the ante 200
aa26dc76: posts small blind 750
ac4e8100: posts big blind 1,500
*** HOLE CARDS ***
Dealt to aa26dc76 
Dealt to ac4e8100 
Dealt to 62ec4ce7 
Dealt to Hero [9d As]
Dealt to a5f8cd2b 
Dealt to 74d49fbb 
Dealt to 743a7662 
Dealt to 5ef504e3 
62ec4ce7: raises 2,400 to 3,900
Hero: folds
a5f8cd2b: folds
74d49fbb: calls 3,900
743a7662: folds
5ef504e3: folds
aa26dc76: folds
ac4e8100: folds
*** FLOP *** [Td 4s Kc]
62ec4ce7: bets 3,845
74d49fbb: raises 6,383 to 10,228
62ec4ce7: calls 6,383
*** TURN *** [Td 4s Kc] [8h]
62ec4ce7: checks
74d49fbb: bets 24,080
62ec4ce7: folds
Uncalled bet (24,080) returned to 74d49fbb
*** SHOWDOWN ***
74d49fbb collected 32,106 from pot
*** SUMMARY ***
Total pot 32,106 | Rake 0 | Jackpot 0 | Bingo 0 | Fortune 0 | Tax 0
Board [Td 4s Kc 8h]
Seat 1: aa26dc76 (small blind) folded before Flop
Seat 2: ac4e8100 (big blind) folded before Flop
Seat 3: 62ec4ce7 folded on the Turn
Seat 4: Hero folded before Flop
Seat 5: a5f8cd2b folded before Flop
Seat 6: 74d49fbb won (32,106)
Seat 7: 743a7662 folded before Flop
Seat 8: 5ef504e3 (button) folded before Flop


Poker Hand #TM5631300756: Tournament #265894761, Bounty Hunters Turbo Special $21.60 Hold'em No Limit - Level14(750/1,500(200)) - 2026/02/25 15:23:51
Table '26' 8-max Seat #7 is the button
Seat 1: aa26dc76 (25,739 in chips)
Seat 2: ac4e8100 (9,916 in chips)
Seat 3: 62ec4ce7 (91,363 in chips)
Seat 4: Hero (33,265 in chips)
Seat 5: a5f8cd2b (19,825 in chips)
Seat 6: 74d49fbb (80,306 in chips)
Seat 7: 743a7662 (30,855 in chips)
Seat 8: 5ef504e3 (26,877 in chips)
ac4e8100: posts the ante 200
aa26dc76: posts the ante 200
62ec4ce7: posts the ante 200
74d49fbb: posts the ante 200
Hero: posts the ante 200
a5f8cd2b: posts the ante 200
5ef504e3: posts the ante 200
743a7662: posts the ante 200
5ef504e3: posts small blind 750
aa26dc76: posts big blind 1,500
*** HOLE CARDS ***
Dealt to aa26dc76 
Dealt to ac4e8100 
Dealt to 62ec4ce7 
Dealt to Hero [Jd Ad]
Dealt to a5f8cd2b 
Dealt to 74d49fbb 
Dealt to 743a7662 
Dealt to 5ef504e3 
ac4e8100: calls 1,500
62ec4ce7: folds
Hero: raises 31,565 to 33,065 and is all-in
a5f8cd2b: folds
74d49fbb: folds
743a7662: folds
5ef504e3: folds
aa26dc76: folds
ac4e8100: folds
Uncalled bet (31,565) returned to Hero
*** SHOWDOWN ***
Hero collected 6,850 from pot
*** SUMMARY ***
Total pot 6,850 | Rake 0 | Jackpot 0 | Bingo 0 | Fortune 0 | Tax 0
Seat 1: aa26dc76 (big blind) folded before Flop
Seat 2: ac4e8100 folded before Flop
Seat 3: 62ec4ce7 folded before Flop
Seat 4: Hero collected (6,850)
Seat 5: a5f8cd2b folded before Flop
Seat 6: 74d49fbb folded before Flop
Seat 7: 743a7662 (button) folded before Flop
Seat 8: 5ef504e3 (small blind) folded before Flop


Poker Hand #TM5631300748: Tournament #265894761, Bounty Hunters Turbo Special $21.60 Hold'em No Limit - Level14(750/1,500(200)) - 2026/02/25 15:22:28
Table '26' 8-max Seat #5 is the button
Seat 1: aa26dc76 (61,161 in chips)
Seat 2: ac4e8100 (10,116 in chips)
Seat 3: 62ec4ce7 (52,691 in chips)
Seat 4: Hero (33,465 in chips)
Seat 5: a5f8cd2b (20,025 in chips)
Seat 7: 743a7662 (31,805 in chips)
Seat 8: 5ef504e3 (28,577 in chips)
ac4e8100: posts the ante 200
aa26dc76: posts the ante 200
62ec4ce7: posts the ante 200
Hero: posts the ante 200
a5f8cd2b: posts the ante 200
5ef504e3: posts the ante 200
743a7662: posts the ante 200
743a7662: posts small blind 750
5ef504e3: posts big blind 1,500
*** HOLE CARDS ***
Dealt to aa26dc76 
Dealt to ac4e8100 
Dealt to 62ec4ce7 
Dealt to Hero [Qh Ts]
Dealt to a5f8cd2b 
Dealt to 743a7662 
Dealt to 5ef504e3 
aa26dc76: raises 1,500 to 3,000
ac4e8100: folds
62ec4ce7: calls 3,000
Hero: folds
a5f8cd2b: folds
743a7662: folds
5ef504e3: folds
*** FLOP *** [4d 4h 8s]
aa26dc76: bets 2,606
62ec4ce7: raises 7,431 to 10,037
aa26dc76: raises 9,681 to 19,718
62ec4ce7: calls 9,681
*** TURN *** [4d 4h 8s] [Kh]
aa26dc76: bets 12,504
62ec4ce7: raises 17,269 to 29,773 and is all-in
aa26dc76: folds
Uncalled bet (17,269) returned to 62ec4ce7
*** SHOWDOWN ***
62ec4ce7 collected 74,094 from pot
*** SUMMARY ***
Total pot 74,094 | Rake 0 | Jackpot 0 | Bingo 0 | Fortune 0 | Tax 0
Board [4d 4h 8s Kh]
Seat 1: aa26dc76 folded on the Turn
Seat 2: ac4e8100 folded before Flop
Seat 3: 62ec4ce7 won (74,094)
Seat 4: Hero folded before Flop
Seat 5: a5f8cd2b (button) folded before Flop
Seat 7: 743a7662 (small blind) folded before Flop
Seat 8: 5ef504e3 (big blind) folded before Flop


Poker Hand #TM5631300745: Tournament #265894761, Bounty Hunters Turbo Special $21.60 Hold'em No Limit - Level14(750/1,500(200)) - 2026/02/25 15:21:40
Table '26' 8-max Seat #4 is the button
Seat 1: aa26dc76 (61,361 in chips)
Seat 2: ac4e8100 (10,316 in chips)
Seat 3: 62ec4ce7 (52,891 in chips)
Seat 4: Hero (33,665 in chips)
Seat 5: a5f8cd2b (20,975 in chips)
Seat 7: 743a7662 (35,005 in chips)
Seat 8: 5ef504e3 (23,627 in chips)
ac4e8100: posts the ante 200
aa26dc76: posts the ante 200
62ec4ce7: posts the ante 200
Hero: posts the ante 200
a5f8cd2b: posts the ante 200
5ef504e3: posts the ante 200
743a7662: posts the ante 200
a5f8cd2b: posts small blind 750
743a7662: posts big blind 1,500
*** HOLE CARDS ***
Dealt to aa26dc76 
Dealt to ac4e8100 
Dealt to 62ec4ce7 
Dealt to Hero [Kd 4s]
Dealt to a5f8cd2b 
Dealt to 743a7662 
Dealt to 5ef504e3 
5ef504e3: raises 1,500 to 3,000
aa26dc76: folds
ac4e8100: folds
62ec4ce7: folds
Hero: folds
a5f8cd2b: folds
743a7662: calls 1,500
*** FLOP *** [Tc 2d 5h]
743a7662: checks
5ef504e3: bets 3,000
743a7662: folds
Uncalled bet (3,000) returned to 5ef504e3
*** SHOWDOWN ***
5ef504e3 collected 8,150 from pot
*** SUMMARY ***
Total pot 8,150 | Rake 0 | Jackpot 0 | Bingo 0 | Fortune 0 | Tax 0
Board [Tc 2d 5h]
Seat 1: aa26dc76 folded before Flop
Seat 2: ac4e8100 folded before Flop
Seat 3: 62ec4ce7 folded before Flop
Seat 4: Hero (button) folded before Flop
Seat 5: a5f8cd2b (small blind) folded before Flop
Seat 7: 743a7662 (big blind) folded on the Flop
Seat 8: 5ef504e3 won (8,150)


Poker Hand #TM5631300742: Tournament #265894761, Bounty Hunters Turbo Special $21.60 Hold'em No Limit - Level14(750/1,500(200)) - 2026/02/25 15:21:03
Table '26' 8-max Seat #3 is the button
Seat 1: aa26dc76 (61,561 in chips)
Seat 2: ac4e8100 (10,516 in chips)
Seat 3: 62ec4ce7 (56,091 in chips)
Seat 4: Hero (34,615 in chips)
Seat 5: a5f8cd2b (22,675 in chips)
Seat 7: 743a7662 (28,555 in chips)
Seat 8: 5ef504e3 (23,827 in chips)
ac4e8100: posts the ante 200
aa26dc76: posts the ante 200
62ec4ce7: posts the ante 200
Hero: posts the ante 200
a5f8cd2b: posts the ante 200
5ef504e3: posts the ante 200
743a7662: posts the ante 200
Hero: posts small blind 750
a5f8cd2b: posts big blind 1,500
*** HOLE CARDS ***
Dealt to aa26dc76 
Dealt to ac4e8100 
Dealt to 62ec4ce7 
Dealt to Hero [Ah 7d]
Dealt to a5f8cd2b 
Dealt to 743a7662 
Dealt to 5ef504e3 
743a7662: raises 1,500 to 3,000
5ef504e3: folds
aa26dc76: folds
ac4e8100: folds
62ec4ce7: calls 3,000
Hero: folds
a5f8cd2b: folds
*** FLOP *** [Kd 8h 4d]
743a7662: bets 3,185
62ec4ce7: folds
Uncalled bet (3,185) returned to 743a7662
*** SHOWDOWN ***
743a7662 collected 9,650 from pot
*** SUMMARY ***
Total pot 9,650 | Rake 0 | Jackpot 0 | Bingo 0 | Fortune 0 | Tax 0
Board [Kd 8h 4d]
Seat 1: aa26dc76 folded before Flop
Seat 2: ac4e8100 folded before Flop
Seat 3: 62ec4ce7 (button) folded on the Flop
Seat 4: Hero (small blind) folded before Flop
Seat 5: a5f8cd2b (big blind) folded before Flop
Seat 7: 743a7662 won (9,650)
Seat 8: 5ef504e3 folded before Flop


Poker Hand #TM5631300739: Tournament #265894761, Bounty Hunters Turbo Special $21.60 Hold'em No Limit - Level14(750/1,500(200)) - 2026/02/25 15:20:38
Table '26' 8-max Seat #2 is the button
Seat 1: aa26dc76 (58,111 in chips)
Seat 2: ac4e8100 (10,716 in chips)
Seat 3: 62ec4ce7 (57,041 in chips)
Seat 4: Hero (36,315 in chips)
Seat 5: a5f8cd2b (22,875 in chips)
Seat 7: 743a7662 (28,755 in chips)
Seat 8: 5ef504e3 (24,027 in chips)
ac4e8100: posts the ante 200
aa26dc76: posts the ante 200
62ec4ce7: posts the ante 200
Hero: posts the ante 200
a5f8cd2b: posts the ante 200
5ef504e3: posts the ante 200
743a7662: posts the ante 200
62ec4ce7: posts small blind 750
Hero: posts big blind 1,500
*** HOLE CARDS ***
Dealt to aa26dc76 
Dealt to ac4e8100 
Dealt to 62ec4ce7 
Dealt to Hero [Kc 4d]
Dealt to a5f8cd2b 
Dealt to 743a7662 
Dealt to 5ef504e3 
a5f8cd2b: folds
743a7662: folds
5ef504e3: folds
aa26dc76: raises 1,500 to 3,000
ac4e8100: folds
62ec4ce7: folds
Hero: folds
Uncalled bet (1,500) returned to aa26dc76
*** SHOWDOWN ***
aa26dc76 collected 5,150 from pot
*** SUMMARY ***
Total pot 5,150 | Rake 0 | Jackpot 0 | Bingo 0 | Fortune 0 | Tax 0
Seat 1: aa26dc76 collected (5,150)
Seat 2: ac4e8100 (button) folded before Flop
Seat 3: 62ec4ce7 (small blind) folded before Flop
Seat 4: Hero (big blind) folded before Flop
Seat 5: a5f8cd2b folded before Flop
Seat 7: 743a7662 folded before Flop
Seat 8: 5ef504e3 folded before Flop


Poker Hand #TM5631300736: Tournament #265894761, Bounty Hunters Turbo Special $21.60 Hold'em No Limit - Level13(600/1,200(180)) - 2026/02/25 15:19:58
Table '26' 8-max Seat #1 is the button
Seat 1: aa26dc76 (58,291 in chips)
Seat 2: ac4e8100 (4,908 in chips)
Seat 3: 62ec4ce7 (61,949 in chips)
Seat 4: Hero (36,495 in chips)
Seat 5: a5f8cd2b (23,055 in chips)
Seat 7: 743a7662 (28,935 in chips)
Seat 8: 5ef504e3 (24,207 in chips)
aa26dc76: posts the ante 180
ac4e8100: posts the ante 180
62ec4ce7: posts the ante 180
Hero: posts the ante 180
a5f8cd2b: posts the ante 180
5ef504e3: posts the ante 180
743a7662: posts the ante 180
ac4e8100: posts small blind 600
62ec4ce7: posts big blind 1,200
*** HOLE CARDS ***
Dealt to aa26dc76 
Dealt to ac4e8100 
Dealt to 62ec4ce7 
Dealt to Hero [Tc 6d]
Dealt to a5f8cd2b 
Dealt to 743a7662 
Dealt to 5ef504e3 
Hero: folds
a5f8cd2b: folds
743a7662: folds
5ef504e3: folds
aa26dc76: folds
ac4e8100: raises 3,528 to 4,728 and is all-in
62ec4ce7: calls 3,528
ac4e8100: shows [As Qh]
62ec4ce7: shows [Jd 8s]
*** FLOP *** [6h 5c 3d]
*** TURN *** [6h 5c 3d] [7d]
*** RIVER *** [6h 5c 3d 7d] [2h]
*** SHOWDOWN ***
ac4e8100 collected 10,716 from pot
*** SUMMARY ***
Total pot 10,716 | Rake 0 | Jackpot 0 | Bingo 0 | Fortune 0 | Tax 0
Board [6h 5c 3d 7d 2h]
Seat 1: aa26dc76 (button) folded before Flop
Seat 2: ac4e8100 (small blind) showed [As Qh] and won (10,716) with Ace high
Seat 3: 62ec4ce7 (big blind) showed [Jd 8s] and lost with Jack high
Seat 4: Hero folded before Flop
Seat 5: a5f8cd2b folded before Flop
Seat 7: 743a7662 folded before Flop
Seat 8: 5ef504e3 folded before Flop


Poker Hand #TM5631300732: Tournament #265894761, Bounty Hunters Turbo Special $21.60 Hold'em No Limit - Level13(600/1,200(180)) - 2026/02/25 15:18:59
Table '26' 8-max Seat #8 is the button
Seat 1: aa26dc76 (59,071 in chips)
Seat 2: ac4e8100 (6,288 in chips)
Seat 3: 62ec4ce7 (66,494 in chips)
Seat 4: Hero (36,675 in chips)
Seat 5: a5f8cd2b (23,235 in chips)
Seat 6: 98e41c40 (134,495 in chips)
Seat 8: 5ef504e3 (24,387 in chips)
ac4e8100: posts the ante 180
aa26dc76: posts the ante 180
98e41c40: posts the ante 180
62ec4ce7: posts the ante 180
Hero: posts the ante 180
a5f8cd2b: posts the ante 180
5ef504e3: posts the ante 180
aa26dc76: posts small blind 600
ac4e8100: posts big blind 1,200
*** HOLE CARDS ***
Dealt to aa26dc76 
Dealt to ac4e8100 
Dealt to 62ec4ce7 
Dealt to Hero [4s Ks]
Dealt to a5f8cd2b 
Dealt to 98e41c40 
Dealt to 5ef504e3 
62ec4ce7: raises 1,200 to 2,400
Hero: folds
a5f8cd2b: folds
98e41c40: calls 2,400
5ef504e3: folds
aa26dc76: folds
ac4e8100: folds
*** FLOP *** [9d Ah 2c]
62ec4ce7: bets 1,965
98e41c40: raises 5,835 to 7,800
62ec4ce7: folds
Uncalled bet (5,835) returned to 98e41c40
*** SHOWDOWN ***
98e41c40 collected 11,790 from pot
*** SUMMARY ***
Total pot 11,790 | Rake 0 | Jackpot 0 | Bingo 0 | Fortune 0 | Tax 0
Board [9d Ah 2c]
Seat 1: aa26dc76 (small blind) folded before Flop
Seat 2: ac4e8100 (big blind) folded before Flop
Seat 3: 62ec4ce7 folded on the Flop
Seat 4: Hero folded before Flop
Seat 5: a5f8cd2b folded before Flop
Seat 6: 98e41c40 won (11,790)
Seat 8: 5ef504e3 (button) folded before Flop


Poker Hand #TM5631300728: Tournament #265894761, Bounty Hunters Turbo Special $21.60 Hold'em No Limit - Level13(600/1,200(180)) - 2026/02/25 15:17:53
Table '26' 8-max Seat #6 is the button
Seat 1: aa26dc76 (59,251 in chips)
Seat 2: ac4e8100 (6,468 in chips)
Seat 3: 62ec4ce7 (66,674 in chips)
Seat 4: Hero (36,855 in chips)
Seat 5: a5f8cd2b (23,415 in chips)
Seat 6: 98e41c40 (114,313 in chips)
Seat 7: f269516e (17,902 in chips)
Seat 8: 5ef504e3 (25,767 in chips)
ac4e8100: posts the ante 180
aa26dc76: posts the ante 180
98e41c40: posts the ante 180
62ec4ce7: posts the ante 180
Hero: posts the ante 180
a5f8cd2b: posts the ante 180
5ef504e3: posts the ante 180
f269516e: posts the ante 180
f269516e: posts small blind 600
5ef504e3: posts big blind 1,200
*** HOLE CARDS ***
Dealt to aa26dc76 
Dealt to ac4e8100 
Dealt to 62ec4ce7 
Dealt to Hero [Qd 7h]
Dealt to a5f8cd2b 
Dealt to 98e41c40 
Dealt to f269516e 
Dealt to 5ef504e3 
aa26dc76: folds
ac4e8100: folds
62ec4ce7: folds
Hero: folds
a5f8cd2b: folds
98e41c40: raises 1,200 to 2,400
f269516e: raises 15,322 to 17,722 and is all-in
5ef504e3: folds
98e41c40: calls 15,322
f269516e: shows [As 8c]
98e41c40: shows [9s Kc]
*** FLOP *** [Kh 3c Qc]
*** TURN *** [Kh 3c Qc] [4d]
*** RIVER *** [Kh 3c Qc 4d] [5d]
*** SHOWDOWN ***
98e41c40 collected 38,084 from pot
*** SUMMARY ***
Total pot 38,084 | Rake 0 | Jackpot 0 | Bingo 0 | Fortune 0 | Tax 0
Board [Kh 3c Qc 4d 5d]
Seat 1: aa26dc76 folded before Flop
Seat 2: ac4e8100 folded before Flop
Seat 3: 62ec4ce7 folded before Flop
Seat 4: Hero folded before Flop
Seat 5: a5f8cd2b folded before Flop
Seat 6: 98e41c40 (button) showed [9s Kc] and won (38,084) with a pair of Kings
Seat 7: f269516e (small blind) showed [As 8c] and lost with Ace high
Seat 8: 5ef504e3 (big blind) folded before Flop


Poker Hand #TM5631300722: Tournament #265894761, Bounty Hunters Turbo Special $21.60 Hold'em No Limit - Level13(600/1,200(180)) - 2026/02/25 15:16:48
Table '26' 8-max Seat #5 is the button
Seat 2: ac4e8100 (6,648 in chips)
Seat 3: 62ec4ce7 (66,854 in chips)
Seat 4: Hero (37,035 in chips)
Seat 5: a5f8cd2b (23,595 in chips)
Seat 6: 98e41c40 (109,633 in chips)
Seat 7: f269516e (21,682 in chips)
Seat 8: 5ef504e3 (25,947 in chips)
ac4e8100: posts the ante 180
62ec4ce7: posts the ante 180
98e41c40: posts the ante 180
Hero: posts the ante 180
a5f8cd2b: posts the ante 180
5ef504e3: posts the ante 180
f269516e: posts the ante 180
98e41c40: posts small blind 600
f269516e: posts big blind 1,200
*** HOLE CARDS ***
Dealt to ac4e8100 
Dealt to 62ec4ce7 
Dealt to Hero [4d Ah]
Dealt to a5f8cd2b 
Dealt to 98e41c40 
Dealt to f269516e 
Dealt to 5ef504e3 
5ef504e3: folds
ac4e8100: folds
62ec4ce7: folds
Hero: folds
a5f8cd2b: folds
98e41c40: raises 2,400 to 3,600
f269516e: calls 2,400
*** FLOP *** [3d Jd 7h]
98e41c40: bets 4,800
f269516e: folds
Uncalled bet (4,800) returned to 98e41c40
*** SHOWDOWN ***
98e41c40 collected 8,460 from pot
*** SUMMARY ***
Total pot 8,460 | Rake 0 | Jackpot 0 | Bingo 0 | Fortune 0 | Tax 0
Board [3d Jd 7h]
Seat 2: ac4e8100 folded before Flop
Seat 3: 62ec4ce7 folded before Flop
Seat 4: Hero folded before Flop
Seat 5: a5f8cd2b (button) folded before Flop
Seat 6: 98e41c40 (small blind) won (8,460)
Seat 7: f269516e (big blind) folded on the Flop
Seat 8: 5ef504e3 folded before Flop


Poker Hand #TM5631300719: Tournament #265894761, Bounty Hunters Turbo Special $21.60 Hold'em No Limit - Level13(600/1,200(180)) - 2026/02/25 15:16:00
Table '26' 8-max Seat #4 is the button
Seat 2: ac4e8100 (6,828 in chips)
Seat 4: Hero (39,615 in chips)
Seat 5: a5f8cd2b (32,175 in chips)
Seat 6: 98e41c40 (97,933 in chips)
Seat 7: f269516e (21,862 in chips)
Seat 8: 5ef504e3 (26,127 in chips)
ac4e8100: posts the ante 180
98e41c40: posts the ante 180
Hero: posts the ante 180
a5f8cd2b: posts the ante 180
5ef504e3: posts the ante 180
f269516e: posts the ante 180
a5f8cd2b: posts small blind 600
98e41c40: posts big blind 1,200
*** HOLE CARDS ***
Dealt to ac4e8100 
Dealt to Hero [Kd 3d]
Dealt to a5f8cd2b 
Dealt to 98e41c40 
Dealt to f269516e 
Dealt to 5ef504e3 
f269516e: folds
5ef504e3: folds
ac4e8100: folds
Hero: raises 1,200 to 2,400
a5f8cd2b: raises 6,000 to 8,400
98e41c40: raises 89,353 to 97,753 and is all-in
Hero: folds
a5f8cd2b: folds
Uncalled bet (89,353) returned to 98e41c40
*** SHOWDOWN ***
98e41c40 collected 20,280 from pot
*** SUMMARY ***
Total pot 20,280 | Rake 0 | Jackpot 0 | Bingo 0 | Fortune 0 | Tax 0
Seat 2: ac4e8100 folded before Flop
Seat 4: Hero (button) folded before Flop
Seat 5: a5f8cd2b (small blind) folded before Flop
Seat 6: 98e41c40 (big blind) collected (20,280)
Seat 7: f269516e folded before Flop
Seat 8: 5ef504e3 folded before Flop


Poker Hand #TM5631300714: Tournament #265894761, Bounty Hunters Turbo Special $21.60 Hold'em No Limit - Level12(500/1,000(150)) - 2026/02/25 15:14:33
Table '26' 8-max Seat #8 is the button
Seat 1: 28101537 (7,396 in chips)
Seat 3: 68ded4a2 (32,761 in chips)
Seat 4: Hero (39,765 in chips)
Seat 5: a5f8cd2b (32,325 in chips)
Seat 6: 98e41c40 (55,176 in chips)
Seat 7: f269516e (22,012 in chips)
Seat 8: 5ef504e3 (28,277 in chips)
68ded4a2: posts the ante 150
28101537: posts the ante 150
98e41c40: posts the ante 150
Hero: posts the ante 150
a5f8cd2b: posts the ante 150
5ef504e3: posts the ante 150
f269516e: posts the ante 150
28101537: posts small blind 500
68ded4a2: posts big blind 1,000
*** HOLE CARDS ***
Dealt to 28101537 
Dealt to 68ded4a2 
Dealt to Hero [As 3h]
Dealt to a5f8cd2b 
Dealt to 98e41c40 
Dealt to f269516e 
Dealt to 5ef504e3 
Hero: folds
a5f8cd2b: folds
98e41c40: raises 1,000 to 2,000
f269516e: folds
5ef504e3: calls 2,000
28101537: raises 5,246 to 7,246 and is all-in
68ded4a2: raises 25,365 to 32,611 and is all-in
98e41c40: calls 30,611
5ef504e3: folds
68ded4a2: shows [8d 8h]
98e41c40: shows [Ad Qh]
28101537: shows [9s Ks]
*** FLOP *** [2s 4h 6h]
*** TURN *** [2s 4h 6h] [7h]
*** RIVER *** [2s 4h 6h 7h] [Qs]
*** SHOWDOWN ***
98e41c40 collected 24,788 from pot
98e41c40 collected 50,730 from pot
*** SUMMARY ***
Total pot 75,518 | Rake 0 | Jackpot 0 | Bingo 0 | Fortune 0 | Tax 0
Board [2s 4h 6h 7h Qs]
Seat 1: 28101537 (small blind) showed [9s Ks] and lost with King high
Seat 3: 68ded4a2 (big blind) showed [8d 8h] and lost with a pair of Eights
Seat 4: Hero folded before Flop
Seat 5: a5f8cd2b folded before Flop
Seat 6: 98e41c40 showed [Ad Qh] and won (75,518) with a pair of Queens
Seat 7: f269516e folded before Flop
Seat 8: 5ef504e3 (button) folded before Flop


Poker Hand #TM5631300713: Tournament #265894761, Bounty Hunters Turbo Special $21.60 Hold'em No Limit - Level12(500/1,000(150)) - 2026/02/25 15:13:54
Table '26' 8-max Seat #7 is the button
Seat 1: 28101537 (8,546 in chips)
Seat 2: e3441aa5 (8,280 in chips)
Seat 3: 68ded4a2 (32,911 in chips)
Seat 4: Hero (39,915 in chips)
Seat 5: a5f8cd2b (21,645 in chips)
Seat 6: 98e41c40 (55,326 in chips)
Seat 7: f269516e (22,162 in chips)
Seat 8: 5ef504e3 (28,927 in chips)
68ded4a2: posts the ante 150
28101537: posts the ante 150
98e41c40: posts the ante 150
Hero: posts the ante 150
e3441aa5: posts the ante 150
a5f8cd2b: posts the ante 150
5ef504e3: posts the ante 150
f269516e: posts the ante 150
5ef504e3: posts small blind 500
28101537: posts big blind 1,000
*** HOLE CARDS ***
Dealt to 28101537 
Dealt to e3441aa5 
Dealt to 68ded4a2 
Dealt to Hero [Tc 3c]
Dealt to a5f8cd2b 
Dealt to 98e41c40 
Dealt to f269516e 
Dealt to 5ef504e3 
e3441aa5: raises 7,130 to 8,130 and is all-in
68ded4a2: folds
Hero: folds
a5f8cd2b: raises 13,365 to 21,495 and is all-in
98e41c40: folds
f269516e: folds
5ef504e3: folds
28101537: folds
Uncalled bet (13,365) returned to a5f8cd2b
a5f8cd2b: shows [Kh Ks]
e3441aa5: shows [Jd Qd]
*** FLOP *** [3d 4s 7h]
*** TURN *** [3d 4s 7h] [3h]
*** RIVER *** [3d 4s 7h 3h] [9c]
*** SHOWDOWN ***
a5f8cd2b collected 18,960 from pot
*** SUMMARY ***
Total pot 18,960 | Rake 0 | Jackpot 0 | Bingo 0 | Fortune 0 | Tax 0
Board [3d 4s 7h 3h 9c]
Seat 1: 28101537 (big blind) folded before Flop
Seat 2: e3441aa5 showed [Jd Qd] and lost with a pair of Threes
Seat 3: 68ded4a2 folded before Flop
Seat 4: Hero folded before Flop
Seat 5: a5f8cd2b showed [Kh Ks] and won (18,960) with two pair, Kings and Threes
Seat 6: 98e41c40 folded before Flop
Seat 7: f269516e (button) folded before Flop
Seat 8: 5ef504e3 (small blind) folded before Flop


Poker Hand #TM5631300709: Tournament #265894761, Bounty Hunters Turbo Special $21.60 Hold'em No Limit - Level12(500/1,000(150)) - 2026/02/25 15:12:06
Table '26' 8-max Seat #6 is the button
Seat 1: 28101537 (8,696 in chips)
Seat 2: e3441aa5 (8,430 in chips)
Seat 3: 68ded4a2 (33,061 in chips)
Seat 4: Hero (40,065 in chips)
Seat 5: a5f8cd2b (34,295 in chips)
Seat 6: 98e41c40 (39,276 in chips)
Seat 7: f269516e (22,812 in chips)
Seat 8: 5ef504e3 (31,077 in chips)
68ded4a2: posts the ante 150
28101537: posts the ante 150
98e41c40: posts the ante 150
Hero: posts the ante 150
e3441aa5: posts the ante 150
a5f8cd2b: posts the ante 150
5ef504e3: posts the ante 150
f269516e: posts the ante 150
f269516e: posts small blind 500
5ef504e3: posts big blind 1,000
*** HOLE CARDS ***
Dealt to 28101537 
Dealt to e3441aa5 
Dealt to 68ded4a2 
Dealt to Hero [3s 6d]
Dealt to a5f8cd2b 
Dealt to 98e41c40 
Dealt to f269516e 
Dealt to 5ef504e3 
28101537: folds
e3441aa5: folds
68ded4a2: folds
Hero: folds
a5f8cd2b: raises 1,000 to 2,000
98e41c40: calls 2,000
f269516e: folds
5ef504e3: calls 1,000
*** FLOP *** [Tc 8s As]
5ef504e3: checks
a5f8cd2b: checks
98e41c40: bets 2,500
5ef504e3: folds
a5f8cd2b: calls 2,500
*** TURN *** [Tc 8s As] [Ah]
a5f8cd2b: checks
98e41c40: bets 8,000
a5f8cd2b: calls 8,000
*** RIVER *** [Tc 8s As Ah] [5s]
a5f8cd2b: checks
98e41c40: bets 26,626 and is all-in
a5f8cd2b: folds
Uncalled bet (26,626) returned to 98e41c40
*** SHOWDOWN ***
98e41c40 collected 28,700 from pot
*** SUMMARY ***
Total pot 28,700 | Rake 0 | Jackpot 0 | Bingo 0 | Fortune 0 | Tax 0
Board [Tc 8s As Ah 5s]
Seat 1: 28101537 folded before Flop
Seat 2: e3441aa5 folded before Flop
Seat 3: 68ded4a2 folded before Flop
Seat 4: Hero folded before Flop
Seat 5: a5f8cd2b folded on the River
Seat 6: 98e41c40 (button) won (28,700)
Seat 7: f269516e (small blind) folded before Flop
Seat 8: 5ef504e3 (big blind) folded on the Flop


Poker Hand #TM5631300706: Tournament #265894761, Bounty Hunters Turbo Special $21.60 Hold'em No Limit - Level12(500/1,000(150)) - 2026/02/25 15:11:29
Table '26' 8-max Seat #5 is the button
Seat 1: 28101537 (8,846 in chips)
Seat 2: e3441aa5 (8,580 in chips)
Seat 3: 68ded4a2 (33,211 in chips)
Seat 4: Hero (40,215 in chips)
Seat 5: a5f8cd2b (36,445 in chips)
Seat 6: 98e41c40 (35,226 in chips)
Seat 7: f269516e (23,962 in chips)
Seat 8: 5ef504e3 (31,227 in chips)
68ded4a2: posts the ante 150
28101537: posts the ante 150
98e41c40: posts the ante 150
Hero: posts the ante 150
e3441aa5: posts the ante 150
a5f8cd2b: posts the ante 150
5ef504e3: posts the ante 150
f269516e: posts the ante 150
98e41c40: posts small blind 500
f269516e: posts big blind 1,000
*** HOLE CARDS ***
Dealt to 28101537 
Dealt to e3441aa5 
Dealt to 68ded4a2 
Dealt to Hero [8s 3h]
Dealt to a5f8cd2b 
Dealt to 98e41c40 
Dealt to f269516e 
Dealt to 5ef504e3 
5ef504e3: folds
28101537: folds
e3441aa5: folds
68ded4a2: folds
Hero: folds
a5f8cd2b: raises 1,000 to 2,000
98e41c40: raises 5,000 to 7,000
f269516e: folds
a5f8cd2b: folds
Uncalled bet (5,000) returned to 98e41c40
*** SHOWDOWN ***
98e41c40 collected 6,200 from pot
*** SUMMARY ***
Total pot 6,200 | Rake 0 | Jackpot 0 | Bingo 0 | Fortune 0 | Tax 0
Seat 1: 28101537 folded before Flop
Seat 2: e3441aa5 folded before Flop
Seat 3: 68ded4a2 folded before Flop
Seat 4: Hero folded before Flop
Seat 5: a5f8cd2b (button) folded before Flop
Seat 6: 98e41c40 (small blind) collected (6,200)
Seat 7: f269516e (big blind) folded before Flop
Seat 8: 5ef504e3 folded before Flop


Poker Hand #TM5631300703: Tournament #265894761, Bounty Hunters Turbo Special $21.60 Hold'em No Limit - Level12(500/1,000(150)) - 2026/02/25 15:10:47
Table '26' 8-max Seat #4 is the button
Seat 1: 28101537 (8,996 in chips)
Seat 2: e3441aa5 (8,730 in chips)
Seat 3: 68ded4a2 (29,661 in chips)
Seat 4: Hero (40,365 in chips)
Seat 5: a5f8cd2b (37,095 in chips)
Seat 6: 98e41c40 (37,376 in chips)
Seat 7: f269516e (24,112 in chips)
Seat 8: 5ef504e3 (31,377 in chips)
68ded4a2: posts the ante 150
28101537: posts the ante 150
98e41c40: posts the ante 150
Hero: posts the ante 150
e3441aa5: posts the ante 150
a5f8cd2b: posts the ante 150
5ef504e3: posts the ante 150
f269516e: posts the ante 150
a5f8cd2b: posts small blind 500
98e41c40: posts big blind 1,000
*** HOLE CARDS ***
Dealt to 28101537 
Dealt to e3441aa5 
Dealt to 68ded4a2 
Dealt to Hero [4h Ad]
Dealt to a5f8cd2b 
Dealt to 98e41c40 
Dealt to f269516e 
Dealt to 5ef504e3 
f269516e: folds
5ef504e3: folds
28101537: folds
e3441aa5: folds
68ded4a2: raises 1,000 to 2,000
Hero: folds
a5f8cd2b: folds
98e41c40: calls 1,000
*** FLOP *** [9h Jh Qc]
98e41c40: checks
68ded4a2: bets 2,850
98e41c40: folds
Uncalled bet (2,850) returned to 68ded4a2
*** SHOWDOWN ***
68ded4a2 collected 5,700 from pot
*** SUMMARY ***
Total pot 5,700 | Rake 0 | Jackpot 0 | Bingo 0 | Fortune 0 | Tax 0
Board [9h Jh Qc]
Seat 1: 28101537 folded before Flop
Seat 2: e3441aa5 folded before Flop
Seat 3: 68ded4a2 won (5,700)
Seat 4: Hero (button) folded before Flop
Seat 5: a5f8cd2b (small blind) folded before Flop
Seat 6: 98e41c40 (big blind) folded on the Flop
Seat 7: f269516e folded before Flop
Seat 8: 5ef504e3 folded before Flop


Poker Hand #TM5631300701: Tournament #265894761, Bounty Hunters Turbo Special $21.60 Hold'em No Limit - Level11(400/800(120)) - 2026/02/25 15:10:00
Table '26' 8-max Seat #3 is the button
Seat 1: 28101537 (9,116 in chips)
Seat 2: e3441aa5 (8,850 in chips)
Seat 3: 68ded4a2 (29,781 in chips)
Seat 4: Hero (42,085 in chips)
Seat 5: a5f8cd2b (34,655 in chips)
Seat 6: 98e41c40 (37,496 in chips)
Seat 7: f269516e (24,232 in chips)
Seat 8: 5ef504e3 (31,497 in chips)
68ded4a2: posts the ante 120
28101537: posts the ante 120
98e41c40: posts the ante 120
Hero: posts the ante 120
e3441aa5: posts the ante 120
a5f8cd2b: posts the ante 120
5ef504e3: posts the ante 120
f269516e: posts the ante 120
Hero: posts small blind 400
a5f8cd2b: posts big blind 800
*** HOLE CARDS ***
Dealt to 28101537 
Dealt to e3441aa5 
Dealt to 68ded4a2 
Dealt to Hero [Kh 2h]
Dealt to a5f8cd2b 
Dealt to 98e41c40 
Dealt to f269516e 
Dealt to 5ef504e3 
98e41c40: folds
f269516e: folds
5ef504e3: folds
28101537: folds
e3441aa5: folds
68ded4a2: folds
Hero: raises 800 to 1,600
a5f8cd2b: calls 800
*** FLOP *** [5d 2d Jd]
Hero: checks
a5f8cd2b: bets 1,373
Hero: folds
Uncalled bet (1,373) returned to a5f8cd2b
*** SHOWDOWN ***
a5f8cd2b collected 4,160 from pot
*** SUMMARY ***
Total pot 4,160 | Rake 0 | Jackpot 0 | Bingo 0 | Fortune 0 | Tax 0
Board [5d 2d Jd]
Seat 1: 28101537 folded before Flop
Seat 2: e3441aa5 folded before Flop
Seat 3: 68ded4a2 (button) folded before Flop
Seat 4: Hero (small blind) folded on the Flop
Seat 5: a5f8cd2b (big blind) won (4,160)
Seat 6: 98e41c40 folded before Flop
Seat 7: f269516e folded before Flop
Seat 8: 5ef504e3 folded before Flop


Poker Hand #TM5631300697: Tournament #265894761, Bounty Hunters Turbo Special $21.60 Hold'em No Limit - Level11(400/800(120)) - 2026/02/25 15:08:56
Table '26' 8-max Seat #2 is the button
Seat 1: 28101537 (9,236 in chips)
Seat 2: e3441aa5 (8,970 in chips)
Seat 3: 68ded4a2 (25,152 in chips)
Seat 4: Hero (43,005 in chips)
Seat 5: a5f8cd2b (34,775 in chips)
Seat 6: 98e41c40 (37,616 in chips)
Seat 7: f269516e (24,352 in chips)
Seat 8: 5ef504e3 (34,606 in chips)
68ded4a2: posts the ante 120
28101537: posts the ante 120
98e41c40: posts the ante 120
Hero: posts the ante 120
e3441aa5: posts the ante 120
a5f8cd2b: posts the ante 120
5ef504e3: posts the ante 120
f269516e: posts the ante 120
68ded4a2: posts small blind 400
Hero: posts big blind 800
*** HOLE CARDS ***
Dealt to 28101537 
Dealt to e3441aa5 
Dealt to 68ded4a2 
Dealt to Hero [2c Js]
Dealt to a5f8cd2b 
Dealt to 98e41c40 
Dealt to f269516e 
Dealt to 5ef504e3 
a5f8cd2b: folds
98e41c40: folds
f269516e: folds
5ef504e3: raises 800 to 1,600
28101537: folds
e3441aa5: folds
68ded4a2: calls 1,200
Hero: folds
*** FLOP *** [Qd Jd Ks]
68ded4a2: checks
5ef504e3: bets 1,389
68ded4a2: calls 1,389
*** TURN *** [Qd Jd Ks] [2s]
68ded4a2: checks
5ef504e3: checks
*** RIVER *** [Qd Jd Ks 2s] [2d]
68ded4a2: bets 3,869
5ef504e3: folds
Uncalled bet (3,869) returned to 68ded4a2
*** SHOWDOWN ***
68ded4a2 collected 7,738 from pot
*** SUMMARY ***
Total pot 7,738 | Rake 0 | Jackpot 0 | Bingo 0 | Fortune 0 | Tax 0
Board [Qd Jd Ks 2s 2d]
Seat 1: 28101537 folded before Flop
Seat 2: e3441aa5 (button) folded before Flop
Seat 3: 68ded4a2 (small blind) won (7,738)
Seat 4: Hero (big blind) folded before Flop
Seat 5: a5f8cd2b folded before Flop
Seat 6: 98e41c40 folded before Flop
Seat 7: f269516e folded before Flop
Seat 8: 5ef504e3 folded on the River


Poker Hand #TM5631300693: Tournament #265894761, Bounty Hunters Turbo Special $21.60 Hold'em No Limit - Level11(400/800(120)) - 2026/02/25 15:07:41
Table '26' 8-max Seat #1 is the button
Seat 1: 28101537 (9,356 in chips)
Seat 2: e3441aa5 (9,490 in chips)
Seat 3: 68ded4a2 (20,670 in chips)
Seat 4: Hero (43,125 in chips)
Seat 5: a5f8cd2b (34,895 in chips)
Seat 6: 98e41c40 (37,736 in chips)
Seat 7: f269516e (27,714 in chips)
Seat 8: 5ef504e3 (34,726 in chips)
68ded4a2: posts the ante 120
28101537: posts the ante 120
98e41c40: posts the ante 120
Hero: posts the ante 120
e3441aa5: posts the ante 120
a5f8cd2b: posts the ante 120
5ef504e3: posts the ante 120
f269516e: posts the ante 120
e3441aa5: posts small blind 400
68ded4a2: posts big blind 800
*** HOLE CARDS ***
Dealt to 28101537 
Dealt to e3441aa5 
Dealt to 68ded4a2 
Dealt to Hero [Js 2d]
Dealt to a5f8cd2b 
Dealt to 98e41c40 
Dealt to f269516e 
Dealt to 5ef504e3 
Hero: folds
a5f8cd2b: folds
98e41c40: folds
f269516e: raises 800 to 1,600
5ef504e3: folds
28101537: folds
e3441aa5: folds
68ded4a2: calls 800
*** FLOP *** [Ah 5s 2c]
68ded4a2: checks
f269516e: bets 1,642
68ded4a2: calls 1,642
*** TURN *** [Ah 5s 2c] [Ac]
68ded4a2: checks
f269516e: checks
*** RIVER *** [Ah 5s 2c Ac] [9c]
68ded4a2: checks
f269516e: checks
68ded4a2: shows [8d 8h] (two pair, Aces and Eights)
f269516e: shows [Qd Jh] (a pair of Aces)
*** SHOWDOWN ***
68ded4a2 collected 7,844 from pot
*** SUMMARY ***
Total pot 7,844 | Rake 0 | Jackpot 0 | Bingo 0 | Fortune 0 | Tax 0
Board [Ah 5s 2c Ac 9c]
Seat 1: 28101537 (button) folded before Flop
Seat 2: e3441aa5 (small blind) folded before Flop
Seat 3: 68ded4a2 (big blind) showed [8d 8h] and won (7,844) with two pair, Aces and Eights
Seat 4: Hero folded before Flop
Seat 5: a5f8cd2b folded before Flop
Seat 6: 98e41c40 folded before Flop
Seat 7: f269516e showed [Qd Jh] and lost with a pair of Aces
Seat 8: 5ef504e3 folded before Flop


Poker Hand #TM5631300690: Tournament #265894761, Bounty Hunters Turbo Special $21.60 Hold'em No Limit - Level11(400/800(120)) - 2026/02/25 15:06:57
Table '26' 8-max Seat #8 is the button
Seat 1: 28101537 (9,876 in chips)
Seat 2: e3441aa5 (11,210 in chips)
Seat 3: 68ded4a2 (20,790 in chips)
Seat 4: Hero (40,285 in chips)
Seat 5: a5f8cd2b (35,015 in chips)
Seat 6: 98e41c40 (37,856 in chips)
Seat 7: f269516e (27,834 in chips)
Seat 8: 5ef504e3 (34,846 in chips)
68ded4a2: posts the ante 120
28101537: posts the ante 120
98e41c40: posts the ante 120
Hero: posts the ante 120
e3441aa5: posts the ante 120
a5f8cd2b: posts the ante 120
5ef504e3: posts the ante 120
f269516e: posts the ante 120
28101537: posts small blind 400
e3441aa5: posts big blind 800
*** HOLE CARDS ***
Dealt to 28101537 
Dealt to e3441aa5 
Dealt to 68ded4a2 
Dealt to Hero [Ac Ah]
Dealt to a5f8cd2b 
Dealt to 98e41c40 
Dealt to f269516e 
Dealt to 5ef504e3 
68ded4a2: folds
Hero: raises 800 to 1,600
a5f8cd2b: folds
98e41c40: folds
f269516e: folds
5ef504e3: folds
28101537: folds
e3441aa5: calls 800
*** FLOP *** [5c Tc Js]
e3441aa5: checks
Hero: bets 2,280
e3441aa5: folds
Uncalled bet (2,280) returned to Hero
*** SHOWDOWN ***
Hero collected 4,560 from pot
*** SUMMARY ***
Total pot 4,560 | Rake 0 | Jackpot 0 | Bingo 0 | Fortune 0 | Tax 0
Board [5c Tc Js]
Seat 1: 28101537 (small blind) folded before Flop
Seat 2: e3441aa5 (big blind) folded on the Flop
Seat 3: 68ded4a2 folded before Flop
Seat 4: Hero won (4,560)
Seat 5: a5f8cd2b folded before Flop
Seat 6: 98e41c40 folded before Flop
Seat 7: f269516e folded before Flop
Seat 8: 5ef504e3 (button) folded before Flop


Poker Hand #TM5631300687: Tournament #265894761, Bounty Hunters Turbo Special $21.60 Hold'em No Limit - Level11(400/800(120)) - 2026/02/25 15:06:35
Table '26' 8-max Seat #7 is the button
Seat 1: 28101537 (10,796 in chips)
Seat 2: e3441aa5 (11,330 in chips)
Seat 3: 68ded4a2 (20,910 in chips)
Seat 4: Hero (40,405 in chips)
Seat 5: a5f8cd2b (35,135 in chips)
Seat 6: 98e41c40 (35,816 in chips)
Seat 7: f269516e (27,954 in chips)
Seat 8: 5ef504e3 (35,366 in chips)
68ded4a2: posts the ante 120
28101537: posts the ante 120
98e41c40: posts the ante 120
Hero: posts the ante 120
e3441aa5: posts the ante 120
a5f8cd2b: posts the ante 120
5ef504e3: posts the ante 120
f269516e: posts the ante 120
5ef504e3: posts small blind 400
28101537: posts big blind 800
*** HOLE CARDS ***
Dealt to 28101537 
Dealt to e3441aa5 
Dealt to 68ded4a2 
Dealt to Hero [7d 6h]
Dealt to a5f8cd2b 
Dealt to 98e41c40 
Dealt to f269516e 
Dealt to 5ef504e3 
e3441aa5: folds
68ded4a2: folds
Hero: folds
a5f8cd2b: folds
98e41c40: raises 800 to 1,600
f269516e: folds
5ef504e3: folds
28101537: folds
Uncalled bet (800) returned to 98e41c40
*** SHOWDOWN ***
98e41c40 collected 2,960 from pot
*** SUMMARY ***
Total pot 2,960 | Rake 0 | Jackpot 0 | Bingo 0 | Fortune 0 | Tax 0
Seat 1: 28101537 (big blind) folded before Flop
Seat 2: e3441aa5 folded before Flop
Seat 3: 68ded4a2 folded before Flop
Seat 4: Hero folded before Flop
Seat 5: a5f8cd2b folded before Flop
Seat 6: 98e41c40 collected (2,960)
Seat 7: f269516e (button) folded before Flop
Seat 8: 5ef504e3 (small blind) folded before Flop


Poker Hand #TM5631300685: Tournament #265894761, Bounty Hunters Turbo Special $21.60 Hold'em No Limit - Level11(400/800(120)) - 2026/02/25 15:05:56
Table '26' 8-max Seat #6 is the button
Seat 1: 28101537 (10,916 in chips)
Seat 2: e3441aa5 (11,450 in chips)
Seat 3: 68ded4a2 (21,030 in chips)
Seat 4: Hero (40,525 in chips)
Seat 5: a5f8cd2b (36,855 in chips)
Seat 6: 98e41c40 (32,176 in chips)
Seat 7: f269516e (28,474 in chips)
Seat 8: 5ef504e3 (36,286 in chips)
68ded4a2: posts the ante 120
28101537: posts the ante 120
98e41c40: posts the ante 120
Hero: posts the ante 120
e3441aa5: posts the ante 120
a5f8cd2b: posts the ante 120
5ef504e3: posts the ante 120
f269516e: posts the ante 120
f269516e: posts small blind 400
5ef504e3: posts big blind 800
*** HOLE CARDS ***
Dealt to 28101537 
Dealt to e3441aa5 
Dealt to 68ded4a2 
Dealt to Hero [Qh 4s]
Dealt to a5f8cd2b 
Dealt to 98e41c40 
Dealt to f269516e 
Dealt to 5ef504e3 
28101537: folds
e3441aa5: folds
68ded4a2: folds
Hero: folds
a5f8cd2b: raises 800 to 1,600
98e41c40: raises 3,600 to 5,200
f269516e: folds
5ef504e3: folds
a5f8cd2b: folds
Uncalled bet (3,600) returned to 98e41c40
*** SHOWDOWN ***
98e41c40 collected 5,360 from pot
*** SUMMARY ***
Total pot 5,360 | Rake 0 | Jackpot 0 | Bingo 0 | Fortune 0 | Tax 0
Seat 1: 28101537 folded before Flop
Seat 2: e3441aa5 folded before Flop
Seat 3: 68ded4a2 folded before Flop
Seat 4: Hero folded before Flop
Seat 5: a5f8cd2b folded before Flop
Seat 6: 98e41c40 (button) collected (5,360)
Seat 7: f269516e (small blind) folded before Flop
Seat 8: 5ef504e3 (big blind) folded before Flop


Poker Hand #TM5631300681: Tournament #265894761, Bounty Hunters Turbo Special $21.60 Hold'em No Limit - Level11(400/800(120)) - 2026/02/25 15:04:52
Table '26' 8-max Seat #5 is the button
Seat 1: 28101537 (11,036 in chips)
Seat 2: e3441aa5 (11,570 in chips)
Seat 3: 68ded4a2 (21,150 in chips)
Seat 4: Hero (40,645 in chips)
Seat 5: a5f8cd2b (52,183 in chips)
Seat 6: 98e41c40 (15,328 in chips)
Seat 7: f269516e (29,394 in chips)
Seat 8: 5ef504e3 (36,406 in chips)
68ded4a2: posts the ante 120
28101537: posts the ante 120
98e41c40: posts the ante 120
Hero: posts the ante 120
e3441aa5: posts the ante 120
a5f8cd2b: posts the ante 120
5ef504e3: posts the ante 120
f269516e: posts the ante 120
98e41c40: posts small blind 400
f269516e: posts big blind 800
*** HOLE CARDS ***
Dealt to 28101537 
Dealt to e3441aa5 
Dealt to 68ded4a2 
Dealt to Hero [Kh 6h]
Dealt to a5f8cd2b 
Dealt to 98e41c40 
Dealt to f269516e 
Dealt to 5ef504e3 
5ef504e3: folds
28101537: folds
e3441aa5: folds
68ded4a2: folds
Hero: folds
a5f8cd2b: raises 800 to 1,600
98e41c40: raises 13,608 to 15,208 and is all-in
f269516e: folds
a5f8cd2b: calls 13,608
98e41c40: shows [Ac 9c]
a5f8cd2b: shows [Ad Qd]
*** FLOP *** [4h 9h 5h]
*** TURN *** [4h 9h 5h] [3c]
*** RIVER *** [4h 9h 5h 3c] [Jh]
Hero: shows [Kh] (a flush King high)
*** SHOWDOWN ***
98e41c40 collected 32,176 from pot
*** SUMMARY ***
Total pot 32,176 | Rake 0 | Jackpot 0 | Bingo 0 | Fortune 0 | Tax 0
Board [4h 9h 5h 3c Jh]
Seat 1: 28101537 folded before Flop
Seat 2: e3441aa5 folded before Flop
Seat 3: 68ded4a2 folded before Flop
Seat 4: Hero folded before Flop
Seat 5: a5f8cd2b (button) showed [Ad Qd] and lost with Ace high
Seat 6: 98e41c40 (small blind) showed [Ac 9c] and won (32,176) with a pair of Nines
Seat 7: f269516e (big blind) folded before Flop
Seat 8: 5ef504e3 folded before Flop


Poker Hand #TM5631300678: Tournament #265894761, Bounty Hunters Turbo Special $21.60 Hold'em No Limit - Level11(400/800(120)) - 2026/02/25 15:03:41
Table '26' 8-max Seat #4 is the button
Seat 1: 28101537 (4,558 in chips)
Seat 2: e3441aa5 (11,690 in chips)
Seat 3: 68ded4a2 (21,270 in chips)
Seat 4: Hero (40,765 in chips)
Seat 5: a5f8cd2b (52,703 in chips)
Seat 6: 98e41c40 (16,248 in chips)
Seat 7: f269516e (29,514 in chips)
Seat 8: 5ef504e3 (40,964 in chips)
68ded4a2: posts the ante 120
28101537: posts the ante 120
98e41c40: posts the ante 120
Hero: posts the ante 120
e3441aa5: posts the ante 120
a5f8cd2b: posts the ante 120
5ef504e3: posts the ante 120
f269516e: posts the ante 120
a5f8cd2b: posts small blind 400
98e41c40: posts big blind 800
*** HOLE CARDS ***
Dealt to 28101537 
Dealt to e3441aa5 
Dealt to 68ded4a2 
Dealt to Hero [6h Qc]
Dealt to a5f8cd2b 
Dealt to 98e41c40 
Dealt to f269516e 
Dealt to 5ef504e3 
f269516e: folds
5ef504e3: raises 800 to 1,600
28101537: raises 2,838 to 4,438 and is all-in
e3441aa5: folds
68ded4a2: folds
Hero: folds
a5f8cd2b: folds
98e41c40: folds
5ef504e3: calls 2,838
28101537: shows [9c 9d]
5ef504e3: shows [Js Kc]
*** FLOP *** [8h 3c Ts]
*** TURN *** [8h 3c Ts] [Th]
*** RIVER *** [8h 3c Ts Th] [As]
68ded4a2: shows [Ks] (a pair of Tens)
*** SHOWDOWN ***
28101537 collected 11,036 from pot
*** SUMMARY ***
Total pot 11,036 | Rake 0 | Jackpot 0 | Bingo 0 | Fortune 0 | Tax 0
Board [8h 3c Ts Th As]
Seat 1: 28101537 showed [9c 9d] and won (11,036) with two pair, Tens and Nines
Seat 2: e3441aa5 folded before Flop
Seat 3: 68ded4a2 folded before Flop
Seat 4: Hero (button) folded before Flop
Seat 5: a5f8cd2b (small blind) folded before Flop
Seat 6: 98e41c40 (big blind) folded before Flop
Seat 7: f269516e folded before Flop
Seat 8: 5ef504e3 showed [Js Kc] and lost with a pair of Tens


Poker Hand #TM5631300676: Tournament #265894761, Bounty Hunters Turbo Special $21.60 Hold'em No Limit - Level11(400/800(120)) - 2026/02/25 15:03:06
Table '26' 8-max Seat #3 is the button
Seat 1: 28101537 (1,719 in chips)
Seat 2: e3441aa5 (11,810 in chips)
Seat 3: 68ded4a2 (21,390 in chips)
Seat 4: Hero (41,285 in chips)
Seat 5: a5f8cd2b (54,422 in chips)
Seat 6: 98e41c40 (16,368 in chips)
Seat 7: f269516e (29,634 in chips)
Seat 8: 5ef504e3 (41,084 in chips)
68ded4a2: posts the ante 120
28101537: posts the ante 120
98e41c40: posts the ante 120
Hero: posts the ante 120
e3441aa5: posts the ante 120
a5f8cd2b: posts the ante 120
5ef504e3: posts the ante 120
f269516e: posts the ante 120
Hero: posts small blind 400
a5f8cd2b: posts big blind 800
*** HOLE CARDS ***
Dealt to 28101537 
Dealt to e3441aa5 
Dealt to 68ded4a2 
Dealt to Hero [Ks 7c]
Dealt to a5f8cd2b 
Dealt to 98e41c40 
Dealt to f269516e 
Dealt to 5ef504e3 
98e41c40: folds
f269516e: folds
5ef504e3: folds
28101537: raises 799 to 1,599 and is all-in
e3441aa5: folds
68ded4a2: folds
Hero: folds
a5f8cd2b: calls 799
28101537: shows [Ad Jc]
a5f8cd2b: shows [Jd Jh]
*** FLOP *** [2s Qs Kc]
*** TURN *** [2s Qs Kc] [Qh]
*** RIVER *** [2s Qs Kc Qh] [Th]
*** SHOWDOWN ***
28101537 collected 4,558 from pot
*** SUMMARY ***
Total pot 4,558 | Rake 0 | Jackpot 0 | Bingo 0 | Fortune 0 | Tax 0
Board [2s Qs Kc Qh Th]
Seat 1: 28101537 showed [Ad Jc] and won (4,558) with a straight, Ace to Ten
Seat 2: e3441aa5 folded before Flop
Seat 3: 68ded4a2 (button) folded before Flop
Seat 4: Hero (small blind) folded before Flop
Seat 5: a5f8cd2b (big blind) showed [Jd Jh] and lost with two pair, Queens and Jacks
Seat 6: 98e41c40 folded before Flop
Seat 7: f269516e folded before Flop
Seat 8: 5ef504e3 folded before Flop


Poker Hand #TM5631300674: Tournament #265894761, Bounty Hunters Turbo Special $21.60 Hold'em No Limit - Level10(350/700(100)) - 2026/02/25 15:01:55
Table '26' 8-max Seat #2 is the button
Seat 1: 28101537 (1,819 in chips)
Seat 2: e3441aa5 (11,910 in chips)
Seat 3: 68ded4a2 (21,840 in chips)
Seat 4: Hero (44,089 in chips)
Seat 5: a5f8cd2b (50,668 in chips)
Seat 6: 98e41c40 (16,468 in chips)
Seat 7: f269516e (29,734 in chips)
Seat 8: 5ef504e3 (41,184 in chips)
68ded4a2: posts the ante 100
28101537: posts the ante 100
98e41c40: posts the ante 100
Hero: posts the ante 100
e3441aa5: posts the ante 100
a5f8cd2b: posts the ante 100
5ef504e3: posts the ante 100
f269516e: posts the ante 100
68ded4a2: posts small blind 350
Hero: posts big blind 700
*** HOLE CARDS ***
Dealt to 28101537 
Dealt to e3441aa5 
Dealt to 68ded4a2 
Dealt to Hero [3h 3c]
Dealt to a5f8cd2b 
Dealt to 98e41c40 
Dealt to f269516e 
Dealt to 5ef504e3 
a5f8cd2b: raises 700 to 1,400
98e41c40: folds
f269516e: folds
5ef504e3: folds
28101537: folds
e3441aa5: folds
68ded4a2: folds
Hero: calls 700
*** FLOP *** [4h 8s Jd]
Hero: checks
a5f8cd2b: bets 1,304
Hero: calls 1,304
*** TURN *** [4h 8s Jd] [6c]
Hero: checks
a5f8cd2b: bets 4,329
Hero: folds
Uncalled bet (4,329) returned to a5f8cd2b
*** SHOWDOWN ***
a5f8cd2b collected 6,558 from pot
*** SUMMARY ***
Total pot 6,558 | Rake 0 | Jackpot 0 | Bingo 0 | Fortune 0 | Tax 0
Board [4h 8s Jd 6c]
Seat 1: 28101537 folded before Flop
Seat 2: e3441aa5 (button) folded before Flop
Seat 3: 68ded4a2 (small blind) folded before Flop
Seat 4: Hero (big blind) folded on the Turn
Seat 5: a5f8cd2b won (6,558)
Seat 6: 98e41c40 folded before Flop
Seat 7: f269516e folded before Flop
Seat 8: 5ef504e3 folded before Flop


Poker Hand #TM5631300672: Tournament #265894761, Bounty Hunters Turbo Special $21.60 Hold'em No Limit - Level10(350/700(100)) - 2026/02/25 15:00:59
Table '26' 8-max Seat #1 is the button
Seat 1: 28101537 (1,919 in chips)
Seat 2: e3441aa5 (13,410 in chips)
Seat 3: 68ded4a2 (19,740 in chips)
Seat 4: Hero (44,189 in chips)
Seat 5: a5f8cd2b (50,768 in chips)
Seat 6: 98e41c40 (16,568 in chips)
Seat 7: f269516e (29,834 in chips)
Seat 8: 5ef504e3 (41,284 in chips)
68ded4a2: posts the ante 100
28101537: posts the ante 100
98e41c40: posts the ante 100
Hero: posts the ante 100
e3441aa5: posts the ante 100
a5f8cd2b: posts the ante 100
5ef504e3: posts the ante 100
f269516e: posts the ante 100
e3441aa5: posts small blind 350
68ded4a2: posts big blind 700
*** HOLE CARDS ***
Dealt to 28101537 
Dealt to e3441aa5 
Dealt to 68ded4a2 
Dealt to Hero [Jh 4d]
Dealt to a5f8cd2b 
Dealt to 98e41c40 
Dealt to f269516e 
Dealt to 5ef504e3 
Hero: folds
a5f8cd2b: folds
98e41c40: folds
f269516e: folds
5ef504e3: folds
28101537: folds
e3441aa5: calls 350
68ded4a2: checks
*** FLOP *** [5h 3h Tc]
e3441aa5: bets 700
68ded4a2: raises 1,188 to 1,888
e3441aa5: folds
Uncalled bet (1,188) returned to 68ded4a2
*** SHOWDOWN ***
68ded4a2 collected 3,600 from pot
*** SUMMARY ***
Total pot 3,600 | Rake 0 | Jackpot 0 | Bingo 0 | Fortune 0 | Tax 0
Board [5h 3h Tc]
Seat 1: 28101537 (button) folded before Flop
Seat 2: e3441aa5 (small blind) folded on the Flop
Seat 3: 68ded4a2 (big blind) showed [6d Js] and won (3,600)
Seat 4: Hero folded before Flop
Seat 5: a5f8cd2b folded before Flop
Seat 6: 98e41c40 folded before Flop
Seat 7: f269516e folded before Flop
Seat 8: 5ef504e3 folded before Flop


Poker Hand #TM5631300668: Tournament #265894761, Bounty Hunters Turbo Special $21.60 Hold'em No Limit - Level10(350/700(100)) - 2026/02/25 14:54:24
Table '26' 8-max Seat #8 is the button
Seat 1: 28101537 (21,911 in chips)
Seat 2: e3441aa5 (14,210 in chips)
Seat 3: 68ded4a2 (19,840 in chips)
Seat 4: Hero (44,289 in chips)
Seat 5: a5f8cd2b (50,868 in chips)
Seat 6: 98e41c40 (16,668 in chips)
Seat 7: f269516e (29,934 in chips)
Seat 8: 5ef504e3 (19,992 in chips)
68ded4a2: posts the ante 100
28101537: posts the ante 100
98e41c40: posts the ante 100
Hero: posts the ante 100
e3441aa5: posts the ante 100
a5f8cd2b: posts the ante 100
5ef504e3: posts the ante 100
f269516e: posts the ante 100
28101537: posts small blind 350
e3441aa5: posts big blind 700
*** HOLE CARDS ***
Dealt to 28101537 
Dealt to e3441aa5 
Dealt to 68ded4a2 
Dealt to Hero [4c Qh]
Dealt to a5f8cd2b 
Dealt to 98e41c40 
Dealt to f269516e 
Dealt to 5ef504e3 
68ded4a2: folds
Hero: folds
a5f8cd2b: folds
98e41c40: folds
f269516e: folds
5ef504e3: raises 700 to 1,400
28101537: raises 3,225 to 4,625
e3441aa5: folds
5ef504e3: raises 15,267 to 19,892 and is all-in
28101537: calls 15,267
5ef504e3: shows [Ac Qd]
28101537: shows [Ts Th]
*** FLOP *** [Tc 2d Jh]
*** TURN *** [Tc 2d Jh] [Kd]
*** RIVER *** [Tc 2d Jh Kd] [6c]
*** SHOWDOWN ***
5ef504e3 collected 41,284 from pot
*** SUMMARY ***
Total pot 41,284 | Rake 0 | Jackpot 0 | Bingo 0 | Fortune 0 | Tax 0
Board [Tc 2d Jh Kd 6c]
Seat 1: 28101537 (small blind) showed [Ts Th] and lost with three of a kind, Tens
Seat 2: e3441aa5 (big blind) folded before Flop
Seat 3: 68ded4a2 folded before Flop
Seat 4: Hero folded before Flop
Seat 5: a5f8cd2b folded before Flop
Seat 6: 98e41c40 folded before Flop
Seat 7: f269516e folded before Flop
Seat 8: 5ef504e3 (button) showed [Ac Qd] and won (41,284) with a straight, Ace to Ten


Poker Hand #TM5630537679: Tournament #265894761, Bounty Hunters Turbo Special $21.60 Hold'em No Limit - Level10(350/700(100)) - 2026/02/25 14:53:12
Table '21' 8-max Seat #4 is the button
Seat 1: Hero (44,389 in chips)
Seat 2: feb63b93 (20,876 in chips)
Seat 3: c7dc1e2c (37,032 in chips)
Seat 4: 3f044585 (52,627 in chips)
Seat 5: e3582aee (14,846 in chips)
Seat 6: 62b2203a (19,836 in chips)
Seat 7: 498343b2 (30,490 in chips)
Seat 8: d4c4b57a (7,288 in chips)
e3582aee: posts the ante 100
c7dc1e2c: posts the ante 100
62b2203a: posts the ante 100
feb63b93: posts the ante 100
Hero: posts the ante 100
3f044585: posts the ante 100
d4c4b57a: posts the ante 100
498343b2: posts the ante 100
e3582aee: posts small blind 350
62b2203a: posts big blind 700
*** HOLE CARDS ***
Dealt to Hero [4d 8d]
Dealt to feb63b93 
Dealt to c7dc1e2c 
Dealt to 3f044585 
Dealt to e3582aee 
Dealt to 62b2203a 
Dealt to 498343b2 
Dealt to d4c4b57a 
498343b2: folds
d4c4b57a: raises 6,488 to 7,188 and is all-in
Hero: folds
feb63b93: folds
c7dc1e2c: calls 7,188
3f044585: raises 45,339 to 52,527 and is all-in
e3582aee: folds
62b2203a: calls 19,036 and is all-in
c7dc1e2c: calls 29,744 and is all-in
Uncalled bet (15,595) returned to 3f044585
3f044585: shows [5d 5h]
62b2203a: shows [Ad As]
d4c4b57a: shows [Kd Qh]
c7dc1e2c: shows [Ah Qc]
*** FLOP *** [2d Jd 3s]
*** TURN *** [2d Jd 3s] [3d]
*** RIVER *** [2d Jd 3s 3d] [Ts]
498343b2: shows [3h Js] (a full house, Threes full of Jacks)
*** SHOWDOWN ***
62b2203a collected 29,902 from pot
62b2203a collected 37,644 from pot
3f044585 collected 34,392 from pot
*** SUMMARY ***
Total pot 101,938 | Rake 0 | Jackpot 0 | Bingo 0 | Fortune 0 | Tax 0
Board [2d Jd 3s 3d Ts]
Seat 1: Hero folded before Flop
Seat 2: feb63b93 folded before Flop
Seat 3: c7dc1e2c showed [Ah Qc] and lost with a pair of Threes
Seat 4: 3f044585 (button) showed [5d 5h] and won (34,392) with two pair, Fives and Threes
Seat 5: e3582aee (small blind) folded before Flop
Seat 6: 62b2203a (big blind) showed [Ad As] and won (67,546) with two pair, Aces and Threes
Seat 7: 498343b2 folded before Flop
Seat 8: d4c4b57a showed [Kd Qh] and lost with a pair of Threes


Poker Hand #TM5630537674: Tournament #265894761, Bounty Hunters Turbo Special $21.60 Hold'em No Limit - Level10(350/700(100)) - 2026/02/25 14:52:38
Table '21' 8-max Seat #3 is the button
Seat 1: Hero (40,635 in chips)
Seat 2: feb63b93 (20,976 in chips)
Seat 3: c7dc1e2c (37,132 in chips)
Seat 4: 3f044585 (53,077 in chips)
Seat 5: e3582aee (17,650 in chips)
Seat 6: 62b2203a (19,936 in chips)
Seat 7: 498343b2 (30,590 in chips)
Seat 8: d4c4b57a (7,388 in chips)
e3582aee: posts the ante 100
c7dc1e2c: posts the ante 100
62b2203a: posts the ante 100
feb63b93: posts the ante 100
Hero: posts the ante 100
3f044585: posts the ante 100
d4c4b57a: posts the ante 100
498343b2: posts the ante 100
3f044585: posts small blind 350
e3582aee: posts big blind 700
*** HOLE CARDS ***
Dealt to Hero [Ah Jd]
Dealt to feb63b93 
Dealt to c7dc1e2c 
Dealt to 3f044585 
Dealt to e3582aee 
Dealt to 62b2203a 
Dealt to 498343b2 
Dealt to d4c4b57a 
62b2203a: folds
498343b2: folds
d4c4b57a: folds
Hero: raises 700 to 1,400
feb63b93: folds
c7dc1e2c: folds
3f044585: folds
e3582aee: calls 700
*** FLOP *** [Jh Tc Ks]
e3582aee: checks
Hero: bets 1,304
e3582aee: calls 1,304
*** TURN *** [Jh Tc Ks] [3c]
e3582aee: checks
Hero: bets 3,279
e3582aee: folds
Uncalled bet (3,279) returned to Hero
*** SHOWDOWN ***
Hero collected 6,558 from pot
*** SUMMARY ***
Total pot 6,558 | Rake 0 | Jackpot 0 | Bingo 0 | Fortune 0 | Tax 0
Board [Jh Tc Ks 3c]
Seat 1: Hero won (6,558)
Seat 2: feb63b93 folded before Flop
Seat 3: c7dc1e2c (button) folded before Flop
Seat 4: 3f044585 (small blind) folded before Flop
Seat 5: e3582aee (big blind) folded on the Turn
Seat 6: 62b2203a folded before Flop
Seat 7: 498343b2 folded before Flop
Seat 8: d4c4b57a folded before Flop


Poker Hand #TM5630537667: Tournament #265894761, Bounty Hunters Turbo Special $21.60 Hold'em No Limit - Level10(350/700(100)) - 2026/02/25 14:51:25
Table '21' 8-max Seat #2 is the button
Seat 1: Hero (40,735 in chips)
Seat 2: feb63b93 (22,476 in chips)
Seat 3: c7dc1e2c (33,632 in chips)
Seat 4: 3f044585 (54,577 in chips)
Seat 5: e3582aee (17,750 in chips)
Seat 6: 62b2203a (20,036 in chips)
Seat 7: 498343b2 (30,690 in chips)
Seat 8: d4c4b57a (7,488 in chips)
e3582aee: posts the ante 100
62b2203a: posts the ante 100
c7dc1e2c: posts the ante 100
feb63b93: posts the ante 100
Hero: posts the ante 100
3f044585: posts the ante 100
d4c4b57a: posts the ante 100
498343b2: posts the ante 100
c7dc1e2c: posts small blind 350
3f044585: posts big blind 700
*** HOLE CARDS ***
Dealt to Hero [8h As]
Dealt to feb63b93 
Dealt to c7dc1e2c 
Dealt to 3f044585 
Dealt to e3582aee 
Dealt to 62b2203a 
Dealt to 498343b2 
Dealt to d4c4b57a 
e3582aee: folds
62b2203a: folds
498343b2: folds
d4c4b57a: folds
Hero: folds
feb63b93: raises 700 to 1,400
c7dc1e2c: calls 1,050
3f044585: calls 700
*** FLOP *** [7h Ts Qs]
c7dc1e2c: checks
3f044585: checks
feb63b93: checks
*** TURN *** [7h Ts Qs] [3h]
c7dc1e2c: bets 4,000
3f044585: folds
feb63b93: folds
Uncalled bet (4,000) returned to c7dc1e2c
*** SHOWDOWN ***
c7dc1e2c collected 5,000 from pot
*** SUMMARY ***
Total pot 5,000 | Rake 0 | Jackpot 0 | Bingo 0 | Fortune 0 | Tax 0
Board [7h Ts Qs 3h]
Seat 1: Hero folded before Flop
Seat 2: feb63b93 (button) folded on the Turn
Seat 3: c7dc1e2c (small blind) won (5,000)
Seat 4: 3f044585 (big blind) folded on the Turn
Seat 5: e3582aee folded before Flop
Seat 6: 62b2203a folded before Flop
Seat 7: 498343b2 folded before Flop
Seat 8: d4c4b57a folded before Flop


Poker Hand #TM5630537662: Tournament #265894761, Bounty Hunters Turbo Special $21.60 Hold'em No Limit - Level10(350/700(100)) - 2026/02/25 14:50:49
Table '21' 8-max Seat #1 is the button
Seat 1: Hero (40,835 in chips)
Seat 2: feb63b93 (22,926 in chips)
Seat 3: c7dc1e2c (42,032 in chips)
Seat 4: 3f044585 (54,677 in chips)
Seat 5: e3582aee (8,400 in chips)
Seat 6: 62b2203a (20,136 in chips)
Seat 7: 498343b2 (30,790 in chips)
Seat 8: d4c4b57a (7,588 in chips)
e3582aee: posts the ante 100
62b2203a: posts the ante 100
c7dc1e2c: posts the ante 100
Hero: posts the ante 100
feb63b93: posts the ante 100
3f044585: posts the ante 100
d4c4b57a: posts the ante 100
498343b2: posts the ante 100
feb63b93: posts small blind 350
c7dc1e2c: posts big blind 700
*** HOLE CARDS ***
Dealt to Hero [5d 3d]
Dealt to feb63b93 
Dealt to c7dc1e2c 
Dealt to 3f044585 
Dealt to e3582aee 
Dealt to 62b2203a 
Dealt to 498343b2 
Dealt to d4c4b57a 
3f044585: folds
e3582aee: raises 7,600 to 8,300 and is all-in
62b2203a: folds
498343b2: folds
d4c4b57a: folds
Hero: folds
feb63b93: folds
c7dc1e2c: calls 7,600
e3582aee: shows [7h Ah]
c7dc1e2c: shows [Jh Kh]
*** FLOP *** [Tc 8c 5s]
*** TURN *** [Tc 8c 5s] [4c]
*** RIVER *** [Tc 8c 5s 4c] [Qd]
*** SHOWDOWN ***
e3582aee collected 17,750 from pot
*** SUMMARY ***
Total pot 17,750 | Rake 0 | Jackpot 0 | Bingo 0 | Fortune 0 | Tax 0
Board [Tc 8c 5s 4c Qd]
Seat 1: Hero (button) folded before Flop
Seat 2: feb63b93 (small blind) folded before Flop
Seat 3: c7dc1e2c (big blind) showed [Jh Kh] and lost with King high
Seat 4: 3f044585 folded before Flop
Seat 5: e3582aee showed [7h Ah] and won (17,750) with Ace high
Seat 6: 62b2203a folded before Flop
Seat 7: 498343b2 folded before Flop
Seat 8: d4c4b57a folded before Flop


Poker Hand #TM5630537659: Tournament #265894761, Bounty Hunters Turbo Special $21.60 Hold'em No Limit - Level10(350/700(100)) - 2026/02/25 14:50:24
Table '21' 8-max Seat #8 is the button
Seat 1: Hero (38,035 in chips)
Seat 2: feb63b93 (23,726 in chips)
Seat 3: c7dc1e2c (42,132 in chips)
Seat 4: 3f044585 (54,777 in chips)
Seat 5: e3582aee (9,900 in chips)
Seat 6: 62b2203a (20,236 in chips)
Seat 7: 498343b2 (30,890 in chips)
Seat 8: d4c4b57a (7,688 in chips)
e3582aee: posts the ante 100
62b2203a: posts the ante 100
c7dc1e2c: posts the ante 100
feb63b93: posts the ante 100
Hero: posts the ante 100
3f044585: posts the ante 100
d4c4b57a: posts the ante 100
498343b2: posts the ante 100
Hero: posts small blind 350
feb63b93: posts big blind 700
*** HOLE CARDS ***
Dealt to Hero [Qc Ah]
Dealt to feb63b93 
Dealt to c7dc1e2c 
Dealt to 3f044585 
Dealt to e3582aee 
Dealt to 62b2203a 
Dealt to 498343b2 
Dealt to d4c4b57a 
c7dc1e2c: folds
3f044585: folds
e3582aee: raises 700 to 1,400
62b2203a: folds
498343b2: folds
d4c4b57a: folds
Hero: raises 36,535 to 37,935 and is all-in
feb63b93: folds
e3582aee: folds
Uncalled bet (36,535) returned to Hero
*** SHOWDOWN ***
Hero collected 4,300 from pot
*** SUMMARY ***
Total pot 4,300 | Rake 0 | Jackpot 0 | Bingo 0 | Fortune 0 | Tax 0
Seat 1: Hero (small blind) collected (4,300)
Seat 2: feb63b93 (big blind) folded before Flop
Seat 3: c7dc1e2c folded before Flop
Seat 4: 3f044585 folded before Flop
Seat 5: e3582aee folded before Flop
Seat 6: 62b2203a folded before Flop
Seat 7: 498343b2 folded before Flop
Seat 8: d4c4b57a (button) folded before Flop


Poker Hand #TM5630537652: Tournament #265894761, Bounty Hunters Turbo Special $21.60 Hold'em No Limit - Level10(350/700(100)) - 2026/02/25 14:49:39
Table '21' 8-max Seat #7 is the button
Seat 1: Hero (39,535 in chips)
Seat 2: feb63b93 (26,976 in chips)
Seat 3: c7dc1e2c (42,232 in chips)
Seat 4: 3f044585 (47,777 in chips)
Seat 5: e3582aee (10,000 in chips)
Seat 6: 62b2203a (20,336 in chips)
Seat 7: 498343b2 (32,390 in chips)
Seat 8: d4c4b57a (8,138 in chips)
e3582aee: posts the ante 100
62b2203a: posts the ante 100
c7dc1e2c: posts the ante 100
feb63b93: posts the ante 100
Hero: posts the ante 100
3f044585: posts the ante 100
d4c4b57a: posts the ante 100
498343b2: posts the ante 100
d4c4b57a: posts small blind 350
Hero: posts big blind 700
*** HOLE CARDS ***
Dealt to Hero [7h Ad]
Dealt to feb63b93 
Dealt to c7dc1e2c 
Dealt to 3f044585 
Dealt to e3582aee 
Dealt to 62b2203a 
Dealt to 498343b2 
Dealt to d4c4b57a 
feb63b93: raises 700 to 1,400
c7dc1e2c: folds
3f044585: calls 1,400
e3582aee: folds
62b2203a: folds
498343b2: calls 1,400
d4c4b57a: folds
Hero: calls 700
*** FLOP *** [Qh Kd 2h]
Hero: checks
feb63b93: bets 1,750
3f044585: raises 3,383 to 5,133
498343b2: folds
Hero: folds
feb63b93: folds
Uncalled bet (3,383) returned to 3f044585
*** SHOWDOWN ***
3f044585 collected 10,250 from pot
*** SUMMARY ***
Total pot 10,250 | Rake 0 | Jackpot 0 | Bingo 0 | Fortune 0 | Tax 0
Board [Qh Kd 2h]
Seat 1: Hero (big blind) folded on the Flop
Seat 2: feb63b93 folded on the Flop
Seat 3: c7dc1e2c folded before Flop
Seat 4: 3f044585 showed [Qc Ks] and won (10,250)
Seat 5: e3582aee folded before Flop
Seat 6: 62b2203a folded before Flop
Seat 7: 498343b2 (button) folded on the Flop
Seat 8: d4c4b57a (small blind) folded before Flop


Poker Hand #TM5630537645: Tournament #265894761, Bounty Hunters Turbo Special $21.60 Hold'em No Limit - Level10(350/700(100)) - 2026/02/25 14:48:42
Table '21' 8-max Seat #6 is the button
Seat 1: Hero (39,635 in chips)
Seat 2: feb63b93 (28,476 in chips)
Seat 3: c7dc1e2c (19,641 in chips)
Seat 4: 3f044585 (47,877 in chips)
Seat 6: 62b2203a (39,977 in chips)
Seat 7: 498343b2 (32,840 in chips)
Seat 8: d4c4b57a (8,938 in chips)
62b2203a: posts the ante 100
c7dc1e2c: posts the ante 100
feb63b93: posts the ante 100
Hero: posts the ante 100
3f044585: posts the ante 100
d4c4b57a: posts the ante 100
498343b2: posts the ante 100
498343b2: posts small blind 350
d4c4b57a: posts big blind 700
*** HOLE CARDS ***
Dealt to Hero [5h 8c]
Dealt to feb63b93 
Dealt to c7dc1e2c 
Dealt to 3f044585 
Dealt to 62b2203a 
Dealt to 498343b2 
Dealt to d4c4b57a 
Hero: folds
feb63b93: raises 700 to 1,400
c7dc1e2c: raises 2,450 to 3,850
3f044585: folds
62b2203a: raises 30,100 to 33,950
498343b2: folds
d4c4b57a: folds
feb63b93: folds
c7dc1e2c: calls 15,691 and is all-in
Uncalled bet (14,409) returned to 62b2203a
62b2203a: shows [Jh Jc]
c7dc1e2c: shows [Kd Ad]
*** FLOP *** [Ah 2h 5s]
*** TURN *** [Ah 2h 5s] [3c]
*** RIVER *** [Ah 2h 5s 3c] [6d]
498343b2: shows [4s 7c] (a straight, Seven to Three)
*** SHOWDOWN ***
c7dc1e2c collected 42,232 from pot
*** SUMMARY ***
Total pot 42,232 | Rake 0 | Jackpot 0 | Bingo 0 | Fortune 0 | Tax 0
Board [Ah 2h 5s 3c 6d]
Seat 1: Hero folded before Flop
Seat 2: feb63b93 folded before Flop
Seat 3: c7dc1e2c showed [Kd Ad] and won (42,232) with a pair of Aces
Seat 4: 3f044585 folded before Flop
Seat 6: 62b2203a (button) showed [Jh Jc] and lost with a pair of Jacks
Seat 7: 498343b2 (small blind) folded before Flop
Seat 8: d4c4b57a (big blind) folded before Flop


Poker Hand #TM5631260906: Tournament #265894761, Bounty Hunters Turbo Special $21.60 Hold'em No Limit - Level9(300/600(90)) - 2026/02/25 14:47:25
Table '6' 8-max Seat #7 is the button
Seat 1: 99267677 (14,998 in chips)
Seat 2: 9044d39d (16,185 in chips)
Seat 3: fbdf2e75 (36,210 in chips)
Seat 4: 89c9578b (21,624 in chips)
Seat 5: 3a57634b (49,689 in chips)
Seat 6: Hero (39,725 in chips)
Seat 7: 75f82f65 (18,860 in chips)
Seat 8: b4a48b9a (8,371 in chips)
fbdf2e75: posts the ante 90
Hero: posts the ante 90
75f82f65: posts the ante 90
89c9578b: posts the ante 90
99267677: posts the ante 90
3a57634b: posts the ante 90
b4a48b9a: posts the ante 90
9044d39d: posts the ante 90
b4a48b9a: posts small blind 300
99267677: posts big blind 600
*** HOLE CARDS ***
Dealt to 99267677 
Dealt to 9044d39d 
Dealt to fbdf2e75 
Dealt to 89c9578b 
Dealt to 3a57634b 
Dealt to Hero [7s Jd]
Dealt to 75f82f65 
Dealt to b4a48b9a 
9044d39d: folds
fbdf2e75: folds
89c9578b: folds
3a57634b: folds
Hero: folds
75f82f65: raises 600 to 1,200
b4a48b9a: raises 7,081 to 8,281 and is all-in
99267677: raises 6,627 to 14,908 and is all-in
75f82f65: calls 13,708
99267677: shows [8c 8h]
75f82f65: shows [Ks Kd]
b4a48b9a: shows [Qd Kc]
*** FLOP *** [5c Ad Qc]
*** TURN *** [5c Ad Qc] [As]
*** RIVER *** [5c Ad Qc As] [3s]
*** SHOWDOWN ***
75f82f65 collected 25,563 from pot
75f82f65 collected 13,254 from pot
*** SUMMARY ***
Total pot 38,817 | Rake 0 | Jackpot 0 | Bingo 0 | Fortune 0 | Tax 0
Board [5c Ad Qc As 3s]
Seat 1: 99267677 (big blind) showed [8c 8h] and lost with two pair, Aces and Eights
Seat 2: 9044d39d folded before Flop
Seat 3: fbdf2e75 folded before Flop
Seat 4: 89c9578b folded before Flop
Seat 5: 3a57634b folded before Flop
Seat 6: Hero folded before Flop
Seat 7: 75f82f65 (button) showed [Ks Kd] and won (38,817) with two pair, Aces and Kings
Seat 8: b4a48b9a (small blind) showed [Qd Kc] and lost with two pair, Aces and Queens


Poker Hand #TM5631260902: Tournament #265894761, Bounty Hunters Turbo Special $21.60 Hold'em No Limit - Level9(300/600(90)) - 2026/02/25 14:45:25
Table '6' 8-max Seat #6 is the button
Seat 1: 99267677 (15,088 in chips)
Seat 2: 9044d39d (16,275 in chips)
Seat 3: fbdf2e75 (32,100 in chips)
Seat 4: 89c9578b (22,914 in chips)
Seat 5: 3a57634b (49,779 in chips)
Seat 6: Hero (39,815 in chips)
Seat 7: 75f82f65 (19,250 in chips)
Seat 8: b4a48b9a (10,441 in chips)
fbdf2e75: posts the ante 90
Hero: posts the ante 90
75f82f65: posts the ante 90
89c9578b: posts the ante 90
99267677: posts the ante 90
3a57634b: posts the ante 90
b4a48b9a: posts the ante 90
9044d39d: posts the ante 90
75f82f65: posts small blind 300
b4a48b9a: posts big blind 600
*** HOLE CARDS ***
Dealt to 99267677 
Dealt to 9044d39d 
Dealt to fbdf2e75 
Dealt to 89c9578b 
Dealt to 3a57634b 
Dealt to Hero [6h 3s]
Dealt to 75f82f65 
Dealt to b4a48b9a 
99267677: folds
9044d39d: folds
fbdf2e75: raises 600 to 1,200
89c9578b: calls 1,200
3a57634b: folds
Hero: folds
75f82f65: folds
b4a48b9a: calls 600
*** FLOP *** [Jd Qc 9c]
b4a48b9a: checks
fbdf2e75: checks
89c9578b: checks
*** TURN *** [Jd Qc 9c] [Kc]
b4a48b9a: checks
fbdf2e75: checks
89c9578b: checks
*** RIVER *** [Jd Qc 9c Kc] [Kd]
b4a48b9a: bets 780
fbdf2e75: raises 3,420 to 4,200
89c9578b: folds
b4a48b9a: folds
Uncalled bet (3,420) returned to fbdf2e75
*** SHOWDOWN ***
fbdf2e75 collected 6,180 from pot
*** SUMMARY ***
Total pot 6,180 | Rake 0 | Jackpot 0 | Bingo 0 | Fortune 0 | Tax 0
Board [Jd Qc 9c Kc Kd]
Seat 1: 99267677 folded before Flop
Seat 2: 9044d39d folded before Flop
Seat 3: fbdf2e75 won (6,180)
Seat 4: 89c9578b folded on the River
Seat 5: 3a57634b folded before Flop
Seat 6: Hero (button) folded before Flop
Seat 7: 75f82f65 (small blind) folded before Flop
Seat 8: b4a48b9a (big blind) folded on the River


Poker Hand #TM5631260897: Tournament #265894761, Bounty Hunters Turbo Special $21.60 Hold'em No Limit - Level9(300/600(90)) - 2026/02/25 14:43:41
Table '6' 8-max Seat #5 is the button
Seat 1: 99267677 (15,178 in chips)
Seat 2: 9044d39d (16,365 in chips)
Seat 3: fbdf2e75 (32,190 in chips)
Seat 4: 89c9578b (27,264 in chips)
Seat 5: 3a57634b (49,869 in chips)
Seat 6: Hero (33,125 in chips)
Seat 7: 75f82f65 (19,940 in chips)
Seat 8: b4a48b9a (11,731 in chips)
fbdf2e75: posts the ante 90
Hero: posts the ante 90
75f82f65: posts the ante 90
89c9578b: posts the ante 90
99267677: posts the ante 90
3a57634b: posts the ante 90
b4a48b9a: posts the ante 90
9044d39d: posts the ante 90
Hero: posts small blind 300
75f82f65: posts big blind 600
*** HOLE CARDS ***
Dealt to 99267677 
Dealt to 9044d39d 
Dealt to fbdf2e75 
Dealt to 89c9578b 
Dealt to 3a57634b 
Dealt to Hero [Td Qd]
Dealt to 75f82f65 
Dealt to b4a48b9a 
b4a48b9a: raises 600 to 1,200
99267677: folds
9044d39d: folds
fbdf2e75: folds
89c9578b: calls 1,200
3a57634b: folds
Hero: calls 900
75f82f65: folds
*** FLOP *** [8c 2d Jd]
Hero: checks
b4a48b9a: checks
89c9578b: checks
*** TURN *** [8c 2d Jd] [3c]
Hero: bets 3,060
b4a48b9a: folds
89c9578b: calls 3,060
*** RIVER *** [8c 2d Jd 3c] [5s]
Hero: bets 7,080
89c9578b: folds
Uncalled bet (7,080) returned to Hero
*** SHOWDOWN ***
Hero collected 11,040 from pot
*** SUMMARY ***
Total pot 11,040 | Rake 0 | Jackpot 0 | Bingo 0 | Fortune 0 | Tax 0
Board [8c 2d Jd 3c 5s]
Seat 1: 99267677 folded before Flop
Seat 2: 9044d39d folded before Flop
Seat 3: fbdf2e75 folded before Flop
Seat 4: 89c9578b folded on the River
Seat 5: 3a57634b (button) folded before Flop
Seat 6: Hero (small blind) won (11,040)
Seat 7: 75f82f65 (big blind) folded before Flop
Seat 8: b4a48b9a folded on the Turn


Poker Hand #TM5631260895: Tournament #265894761, Bounty Hunters Turbo Special $21.60 Hold'em No Limit - Level9(300/600(90)) - 2026/02/25 14:43:06
Table '6' 8-max Seat #3 is the button
Seat 1: 99267677 (15,268 in chips)
Seat 2: 9044d39d (16,455 in chips)
Seat 3: fbdf2e75 (30,750 in chips)
Seat 5: 3a57634b (50,259 in chips)
Seat 6: Hero (33,815 in chips)
Seat 7: 75f82f65 (20,030 in chips)
Seat 8: b4a48b9a (11,821 in chips)
fbdf2e75: posts the ante 90
Hero: posts the ante 90
75f82f65: posts the ante 90
99267677: posts the ante 90
3a57634b: posts the ante 90
b4a48b9a: posts the ante 90
9044d39d: posts the ante 90
3a57634b: posts small blind 300
Hero: posts big blind 600
*** HOLE CARDS ***
Dealt to 99267677 
Dealt to 9044d39d 
Dealt to fbdf2e75 
Dealt to 3a57634b 
Dealt to Hero [2s Jd]
Dealt to 75f82f65 
Dealt to b4a48b9a 
75f82f65: folds
b4a48b9a: folds
99267677: folds
9044d39d: folds
fbdf2e75: raises 600 to 1,200
3a57634b: folds
Hero: folds
Uncalled bet (600) returned to fbdf2e75
*** SHOWDOWN ***
fbdf2e75 collected 2,130 from pot
*** SUMMARY ***
Total pot 2,130 | Rake 0 | Jackpot 0 | Bingo 0 | Fortune 0 | Tax 0
Seat 1: 99267677 folded before Flop
Seat 2: 9044d39d folded before Flop
Seat 3: fbdf2e75 (button) collected (2,130)
Seat 5: 3a57634b (small blind) folded before Flop
Seat 6: Hero (big blind) folded before Flop
Seat 7: 75f82f65 folded before Flop
Seat 8: b4a48b9a folded before Flop


Poker Hand #TM5631260892: Tournament #265894761, Bounty Hunters Turbo Special $21.60 Hold'em No Limit - Level9(300/600(90)) - 2026/02/25 14:42:27
Table '6' 8-max Seat #2 is the button
Seat 1: 99267677 (15,358 in chips)
Seat 2: 9044d39d (16,545 in chips)
Seat 3: fbdf2e75 (31,140 in chips)
Seat 5: 3a57634b (50,949 in chips)
Seat 6: Hero (32,375 in chips)
Seat 7: 75f82f65 (20,120 in chips)
Seat 8: b4a48b9a (11,911 in chips)
fbdf2e75: posts the ante 90
Hero: posts the ante 90
75f82f65: posts the ante 90
99267677: posts the ante 90
3a57634b: posts the ante 90
b4a48b9a: posts the ante 90
9044d39d: posts the ante 90
fbdf2e75: posts small blind 300
3a57634b: posts big blind 600
*** HOLE CARDS ***
Dealt to 99267677 
Dealt to 9044d39d 
Dealt to fbdf2e75 
Dealt to 3a57634b 
Dealt to Hero [Ad Th]
Dealt to 75f82f65 
Dealt to b4a48b9a 
Hero: raises 600 to 1,200
75f82f65: folds
b4a48b9a: folds
99267677: folds
9044d39d: folds
fbdf2e75: folds
3a57634b: folds
Uncalled bet (600) returned to Hero
*** SHOWDOWN ***
Hero collected 2,130 from pot
*** SUMMARY ***
Total pot 2,130 | Rake 0 | Jackpot 0 | Bingo 0 | Fortune 0 | Tax 0
Seat 1: 99267677 folded before Flop
Seat 2: 9044d39d (button) folded before Flop
Seat 3: fbdf2e75 (small blind) folded before Flop
Seat 5: 3a57634b (big blind) folded before Flop
Seat 6: Hero collected (2,130)
Seat 7: 75f82f65 folded before Flop
Seat 8: b4a48b9a folded before Flop


Poker Hand #TM5631260890: Tournament #265894761, Bounty Hunters Turbo Special $21.60 Hold'em No Limit - Level9(300/600(90)) - 2026/02/25 14:41:29
Table '6' 8-max Seat #1 is the button
Seat 1: 99267677 (15,448 in chips)
Seat 2: 9044d39d (16,935 in chips)
Seat 3: fbdf2e75 (31,830 in chips)
Seat 4: 31661947 (51,423 in chips)
Seat 5: 3a57634b (51,039 in chips)
Seat 6: Hero (32,465 in chips)
Seat 7: 75f82f65 (20,210 in chips)
Seat 8: b4a48b9a (12,001 in chips)
fbdf2e75: posts the ante 90
Hero: posts the ante 90
31661947: posts the ante 90
75f82f65: posts the ante 90
99267677: posts the ante 90
3a57634b: posts the ante 90
b4a48b9a: posts the ante 90
9044d39d: posts the ante 90
9044d39d: posts small blind 300
fbdf2e75: posts big blind 600
*** HOLE CARDS ***
Dealt to 99267677 
Dealt to 9044d39d 
Dealt to fbdf2e75 
Dealt to 31661947 
Dealt to 3a57634b 
Dealt to Hero [Ts 3c]
Dealt to 75f82f65 
Dealt to b4a48b9a 
31661947: raises 600 to 1,200
3a57634b: folds
Hero: folds
75f82f65: folds
b4a48b9a: folds
99267677: folds
9044d39d: folds
fbdf2e75: folds
Uncalled bet (600) returned to 31661947
*** SHOWDOWN ***
31661947 collected 2,220 from pot
*** SUMMARY ***
Total pot 2,220 | Rake 0 | Jackpot 0 | Bingo 0 | Fortune 0 | Tax 0
Seat 1: 99267677 (button) folded before Flop
Seat 2: 9044d39d (small blind) folded before Flop
Seat 3: fbdf2e75 (big blind) folded before Flop
Seat 4: 31661947 collected (2,220)
Seat 5: 3a57634b folded before Flop
Seat 6: Hero folded before Flop
Seat 7: 75f82f65 folded before Flop
Seat 8: b4a48b9a folded before Flop


Poker Hand #TM5631260886: Tournament #265894761, Bounty Hunters Turbo Special $21.60 Hold'em No Limit - Level9(300/600(90)) - 2026/02/25 14:40:52
Table '6' 8-max Seat #8 is the button
Seat 1: 99267677 (15,838 in chips)
Seat 2: 9044d39d (17,625 in chips)
Seat 4: 31661947 (51,513 in chips)
Seat 5: 3a57634b (51,129 in chips)
Seat 6: Hero (32,555 in chips)
Seat 7: 75f82f65 (20,300 in chips)
Seat 8: b4a48b9a (10,561 in chips)
Hero: posts the ante 90
31661947: posts the ante 90
75f82f65: posts the ante 90
99267677: posts the ante 90
3a57634b: posts the ante 90
b4a48b9a: posts the ante 90
9044d39d: posts the ante 90
99267677: posts small blind 300
9044d39d: posts big blind 600
*** HOLE CARDS ***
Dealt to 99267677 
Dealt to 9044d39d 
Dealt to 31661947 
Dealt to 3a57634b 
Dealt to Hero [6h 5d]
Dealt to 75f82f65 
Dealt to b4a48b9a 
31661947: folds
3a57634b: folds
Hero: folds
75f82f65: folds
b4a48b9a: raises 600 to 1,200
99267677: folds
9044d39d: folds
Uncalled bet (600) returned to b4a48b9a
*** SHOWDOWN ***
b4a48b9a collected 2,130 from pot
*** SUMMARY ***
Total pot 2,130 | Rake 0 | Jackpot 0 | Bingo 0 | Fortune 0 | Tax 0
Seat 1: 99267677 (small blind) folded before Flop
Seat 2: 9044d39d (big blind) folded before Flop
Seat 4: 31661947 folded before Flop
Seat 5: 3a57634b folded before Flop
Seat 6: Hero folded before Flop
Seat 7: 75f82f65 folded before Flop
Seat 8: b4a48b9a (button) collected (2,130)


Poker Hand #TM5631260883: Tournament #265894761, Bounty Hunters Turbo Special $21.60 Hold'em No Limit - Level8(250/500(75)) - 2026/02/25 14:39:54
Table '6' 8-max Seat #7 is the button
Seat 1: 99267677 (16,913 in chips)
Seat 2: 9044d39d (17,700 in chips)
Seat 3: 3d5ecb97 (8,943 in chips)
Seat 4: 31661947 (51,588 in chips)
Seat 5: 3a57634b (51,204 in chips)
Seat 6: Hero (30,780 in chips)
Seat 7: 75f82f65 (20,375 in chips)
Seat 8: b4a48b9a (10,886 in chips)
3d5ecb97: posts the ante 75
Hero: posts the ante 75
31661947: posts the ante 75
75f82f65: posts the ante 75
99267677: posts the ante 75
3a57634b: posts the ante 75
b4a48b9a: posts the ante 75
9044d39d: posts the ante 75
b4a48b9a: posts small blind 250
99267677: posts big blind 500
*** HOLE CARDS ***
Dealt to 99267677 
Dealt to 9044d39d 
Dealt to 3d5ecb97 
Dealt to 31661947 
Dealt to 3a57634b 
Dealt to Hero [6d 6c]
Dealt to 75f82f65 
Dealt to b4a48b9a 
9044d39d: folds
3d5ecb97: folds
31661947: folds
3a57634b: folds
Hero: raises 500 to 1,000
75f82f65: folds
b4a48b9a: folds
99267677: calls 500
*** FLOP *** [8h 9d Ad]
99267677: checks
Hero: bets 941
99267677: folds
Uncalled bet (941) returned to Hero
*** SHOWDOWN ***
Hero collected 2,850 from pot
*** SUMMARY ***
Total pot 2,850 | Rake 0 | Jackpot 0 | Bingo 0 | Fortune 0 | Tax 0
Board [8h 9d Ad]
Seat 1: 99267677 (big blind) folded on the Flop
Seat 2: 9044d39d folded before Flop
Seat 3: 3d5ecb97 folded before Flop
Seat 4: 31661947 folded before Flop
Seat 5: 3a57634b folded before Flop
Seat 6: Hero won (2,850)
Seat 7: 75f82f65 (button) folded before Flop
Seat 8: b4a48b9a (small blind) folded before Flop


Poker Hand #TM5631260879: Tournament #265894761, Bounty Hunters Turbo Special $21.60 Hold'em No Limit - Level8(250/500(75)) - 2026/02/25 14:38:45
Table '6' 8-max Seat #6 is the button
Seat 1: 99267677 (16,988 in chips)
Seat 2: 9044d39d (14,925 in chips)
Seat 3: 3d5ecb97 (9,018 in chips)
Seat 4: 31661947 (52,663 in chips)
Seat 5: 3a57634b (51,279 in chips)
Seat 6: Hero (30,855 in chips)
Seat 7: 75f82f65 (20,700 in chips)
Seat 8: b4a48b9a (11,961 in chips)
3d5ecb97: posts the ante 75
Hero: posts the ante 75
31661947: posts the ante 75
75f82f65: posts the ante 75
99267677: posts the ante 75
3a57634b: posts the ante 75
b4a48b9a: posts the ante 75
9044d39d: posts the ante 75
75f82f65: posts small blind 250
b4a48b9a: posts big blind 500
*** HOLE CARDS ***
Dealt to 99267677 
Dealt to 9044d39d 
Dealt to 3d5ecb97 
Dealt to 31661947 
Dealt to 3a57634b 
Dealt to Hero [2c 7d]
Dealt to 75f82f65 
Dealt to b4a48b9a 
99267677: folds
9044d39d: raises 500 to 1,000
3d5ecb97: folds
31661947: calls 1,000
3a57634b: folds
Hero: folds
75f82f65: folds
b4a48b9a: calls 500
*** FLOP *** [Th 4s Jc]
b4a48b9a: checks
9044d39d: bets 1,540
31661947: folds
b4a48b9a: folds
Uncalled bet (1,540) returned to 9044d39d
*** SHOWDOWN ***
9044d39d collected 3,850 from pot
*** SUMMARY ***
Total pot 3,850 | Rake 0 | Jackpot 0 | Bingo 0 | Fortune 0 | Tax 0
Board [Th 4s Jc]
Seat 1: 99267677 folded before Flop
Seat 2: 9044d39d won (3,850)
Seat 3: 3d5ecb97 folded before Flop
Seat 4: 31661947 folded on the Flop
Seat 5: 3a57634b folded before Flop
Seat 6: Hero (button) folded before Flop
Seat 7: 75f82f65 (small blind) folded before Flop
Seat 8: b4a48b9a (big blind) folded on the Flop


Poker Hand #TM5631260875: Tournament #265894761, Bounty Hunters Turbo Special $21.60 Hold'em No Limit - Level8(250/500(75)) - 2026/02/25 14:37:02
Table '6' 8-max Seat #5 is the button
Seat 1: 99267677 (12,942 in chips)
Seat 2: 9044d39d (15,000 in chips)
Seat 3: 3d5ecb97 (11,364 in chips)
Seat 4: 31661947 (52,738 in chips)
Seat 5: 3a57634b (51,354 in chips)
Seat 6: Hero (31,180 in chips)
Seat 7: 75f82f65 (21,775 in chips)
Seat 8: b4a48b9a (12,036 in chips)
3d5ecb97: posts the ante 75
31661947: posts the ante 75
Hero: posts the ante 75
75f82f65: posts the ante 75
99267677: posts the ante 75
3a57634b: posts the ante 75
b4a48b9a: posts the ante 75
9044d39d: posts the ante 75
Hero: posts small blind 250
75f82f65: posts big blind 500
*** HOLE CARDS ***
Dealt to 99267677 
Dealt to 9044d39d 
Dealt to 3d5ecb97 
Dealt to 31661947 
Dealt to 3a57634b 
Dealt to Hero [6c 9h]
Dealt to 75f82f65 
Dealt to b4a48b9a 
b4a48b9a: folds
99267677: raises 500 to 1,000
9044d39d: folds
3d5ecb97: calls 1,000
31661947: folds
3a57634b: folds
Hero: folds
75f82f65: calls 500
*** FLOP *** [8d Ts 7d]
75f82f65: checks
99267677: bets 1,271
3d5ecb97: calls 1,271
75f82f65: folds
*** TURN *** [8d Ts 7d] [7c]
99267677: bets 2,110
3d5ecb97: folds
Uncalled bet (2,110) returned to 99267677
*** SHOWDOWN ***
99267677 collected 6,392 from pot
*** SUMMARY ***
Total pot 6,392 | Rake 0 | Jackpot 0 | Bingo 0 | Fortune 0 | Tax 0
Board [8d Ts 7d 7c]
Seat 1: 99267677 won (6,392)
Seat 2: 9044d39d folded before Flop
Seat 3: 3d5ecb97 folded on the Turn
Seat 4: 31661947 folded before Flop
Seat 5: 3a57634b (button) folded before Flop
Seat 6: Hero (small blind) folded before Flop
Seat 7: 75f82f65 (big blind) folded on the Flop
Seat 8: b4a48b9a folded before Flop


Poker Hand #TM5631260871: Tournament #265894761, Bounty Hunters Turbo Special $21.60 Hold'em No Limit - Level8(250/500(75)) - 2026/02/25 14:35:44
Table '6' 8-max Seat #4 is the button
Seat 1: 99267677 (13,017 in chips)
Seat 2: 9044d39d (15,075 in chips)
Seat 3: 3d5ecb97 (11,439 in chips)
Seat 4: 31661947 (53,813 in chips)
Seat 5: 3a57634b (49,329 in chips)
Seat 6: Hero (31,755 in chips)
Seat 7: 75f82f65 (21,850 in chips)
Seat 8: b4a48b9a (12,111 in chips)
3d5ecb97: posts the ante 75
31661947: posts the ante 75
Hero: posts the ante 75
75f82f65: posts the ante 75
99267677: posts the ante 75
3a57634b: posts the ante 75
b4a48b9a: posts the ante 75
9044d39d: posts the ante 75
3a57634b: posts small blind 250
Hero: posts big blind 500
*** HOLE CARDS ***
Dealt to 99267677 
Dealt to 9044d39d 
Dealt to 3d5ecb97 
Dealt to 31661947 
Dealt to 3a57634b 
Dealt to Hero [Tc 5s]
Dealt to 75f82f65 
Dealt to b4a48b9a 
75f82f65: folds
b4a48b9a: folds
99267677: folds
9044d39d: folds
3d5ecb97: folds
31661947: raises 500 to 1,000
3a57634b: calls 750
Hero: folds
*** FLOP *** [Td 6h 4d]
3a57634b: checks
31661947: checks
*** TURN *** [Td 6h 4d] [5h]
3a57634b: bets 3,750
31661947: folds
Uncalled bet (3,750) returned to 3a57634b
*** SHOWDOWN ***
3a57634b collected 3,100 from pot
*** SUMMARY ***
Total pot 3,100 | Rake 0 | Jackpot 0 | Bingo 0 | Fortune 0 | Tax 0
Board [Td 6h 4d 5h]
Seat 1: 99267677 folded before Flop
Seat 2: 9044d39d folded before Flop
Seat 3: 3d5ecb97 folded before Flop
Seat 4: 31661947 (button) folded on the Turn
Seat 5: 3a57634b (small blind) won (3,100)
Seat 6: Hero (big blind) folded before Flop
Seat 7: 75f82f65 folded before Flop
Seat 8: b4a48b9a folded before Flop


Poker Hand #TM5631260870: Tournament #265894761, Bounty Hunters Turbo Special $21.60 Hold'em No Limit - Level8(250/500(75)) - 2026/02/25 14:35:13
Table '6' 8-max Seat #3 is the button
Seat 2: 9044d39d (15,150 in chips)
Seat 3: 3d5ecb97 (11,514 in chips)
Seat 4: 31661947 (54,138 in chips)
Seat 5: 3a57634b (49,904 in chips)
Seat 6: Hero (31,830 in chips)
Seat 7: 75f82f65 (20,650 in chips)
Seat 8: b4a48b9a (12,186 in chips)
3d5ecb97: posts the ante 75
Hero: posts the ante 75
31661947: posts the ante 75
75f82f65: posts the ante 75
3a57634b: posts the ante 75
b4a48b9a: posts the ante 75
9044d39d: posts the ante 75
31661947: posts small blind 250
3a57634b: posts big blind 500
*** HOLE CARDS ***
Dealt to 9044d39d 
Dealt to 3d5ecb97 
Dealt to 31661947 
Dealt to 3a57634b 
Dealt to Hero [8s Qd]
Dealt to 75f82f65 
Dealt to b4a48b9a 
Hero: folds
75f82f65: raises 500 to 1,000
b4a48b9a: folds
9044d39d: folds
3d5ecb97: folds
31661947: folds
3a57634b: folds
Uncalled bet (500) returned to 75f82f65
*** SHOWDOWN ***
75f82f65 collected 1,775 from pot
*** SUMMARY ***
Total pot 1,775 | Rake 0 | Jackpot 0 | Bingo 0 | Fortune 0 | Tax 0
Seat 2: 9044d39d folded before Flop
Seat 3: 3d5ecb97 (button) folded before Flop
Seat 4: 31661947 (small blind) folded before Flop
Seat 5: 3a57634b (big blind) folded before Flop
Seat 6: Hero folded before Flop
Seat 7: 75f82f65 collected (1,775)
Seat 8: b4a48b9a folded before Flop


Poker Hand #TM5631260867: Tournament #265894761, Bounty Hunters Turbo Special $21.60 Hold'em No Limit - Level8(250/500(75)) - 2026/02/25 14:34:32
Table '6' 8-max Seat #2 is the button
Seat 2: 9044d39d (15,225 in chips)
Seat 3: 3d5ecb97 (11,839 in chips)
Seat 4: 31661947 (54,713 in chips)
Seat 5: 3a57634b (49,979 in chips)
Seat 6: Hero (32,905 in chips)
Seat 7: 75f82f65 (18,450 in chips)
Seat 8: b4a48b9a (12,261 in chips)
3d5ecb97: posts the ante 75
Hero: posts the ante 75
31661947: posts the ante 75
75f82f65: posts the ante 75
3a57634b: posts the ante 75
b4a48b9a: posts the ante 75
9044d39d: posts the ante 75
3d5ecb97: posts small blind 250
31661947: posts big blind 500
*** HOLE CARDS ***
Dealt to 9044d39d 
Dealt to 3d5ecb97 
Dealt to 31661947 
Dealt to 3a57634b 
Dealt to Hero [Jd Qs]
Dealt to 75f82f65 
Dealt to b4a48b9a 
3a57634b: folds
Hero: raises 500 to 1,000
75f82f65: raises 3,000 to 4,000
b4a48b9a: folds
9044d39d: folds
3d5ecb97: folds
31661947: folds
Hero: folds
Uncalled bet (3,000) returned to 75f82f65
*** SHOWDOWN ***
75f82f65 collected 3,275 from pot
*** SUMMARY ***
Total pot 3,275 | Rake 0 | Jackpot 0 | Bingo 0 | Fortune 0 | Tax 0
Seat 2: 9044d39d (button) folded before Flop
Seat 3: 3d5ecb97 (small blind) folded before Flop
Seat 4: 31661947 (big blind) folded before Flop
Seat 5: 3a57634b folded before Flop
Seat 6: Hero folded before Flop
Seat 7: 75f82f65 collected (3,275)
Seat 8: b4a48b9a folded before Flop


Poker Hand #TM5630367857: Tournament #265894761, Bounty Hunters Turbo Special $21.60 Hold'em No Limit - Level8(250/500(75)) - 2026/02/25 14:34:00
Table '27' 8-max Seat #8 is the button
Seat 1: d2184590 (4,838 in chips)
Seat 2: a73bdcbc (16,665 in chips)
Seat 3: Hero (32,980 in chips)
Seat 4: 85163d76 (9,925 in chips)
Seat 5: dfebac83 (23,351 in chips)
Seat 6: f57cc9f9 (9,925 in chips)
Seat 7: a045023c (16,092 in chips)
Seat 8: ae43323b (9,746 in chips)
a045023c: posts the ante 75
ae43323b: posts the ante 75
85163d76: posts the ante 75
Hero: posts the ante 75
f57cc9f9: posts the ante 75
dfebac83: posts the ante 75
d2184590: posts the ante 75
a73bdcbc: posts the ante 75
d2184590: posts small blind 250
a73bdcbc: posts big blind 500
*** HOLE CARDS ***
Dealt to d2184590 
Dealt to a73bdcbc 
Dealt to Hero [9d 8c]
Dealt to 85163d76 
Dealt to dfebac83 
Dealt to f57cc9f9 
Dealt to a045023c 
Dealt to ae43323b 
Hero: folds
85163d76: folds
dfebac83: folds
f57cc9f9: folds
a045023c: raises 500 to 1,000
ae43323b: folds
d2184590: folds
a73bdcbc: raises 15,500 to 16,500
a045023c: folds
Uncalled bet (15,500) returned to a73bdcbc
*** SHOWDOWN ***
a73bdcbc collected 2,850 from pot
*** SUMMARY ***
Total pot 2,850 | Rake 0 | Jackpot 0 | Bingo 0 | Fortune 0 | Tax 0
Seat 1: d2184590 (small blind) folded before Flop
Seat 2: a73bdcbc (big blind) collected (2,850)
Seat 3: Hero folded before Flop
Seat 4: 85163d76 folded before Flop
Seat 5: dfebac83 folded before Flop
Seat 6: f57cc9f9 folded before Flop
Seat 7: a045023c folded before Flop
Seat 8: ae43323b (button) folded before Flop


Poker Hand #TM5630367853: Tournament #265894761, Bounty Hunters Turbo Special $21.60 Hold'em No Limit - Level8(250/500(75)) - 2026/02/25 14:33:35
Table '27' 8-max Seat #7 is the button
Seat 1: d2184590 (5,413 in chips)
Seat 2: a73bdcbc (16,740 in chips)
Seat 3: Hero (31,705 in chips)
Seat 4: 85163d76 (10,000 in chips)
Seat 5: dfebac83 (23,426 in chips)
Seat 6: f57cc9f9 (10,000 in chips)
Seat 7: a045023c (16,167 in chips)
Seat 8: ae43323b (10,071 in chips)
a045023c: posts the ante 75
85163d76: posts the ante 75
Hero: posts the ante 75
ae43323b: posts the ante 75
f57cc9f9: posts the ante 75
dfebac83: posts the ante 75
d2184590: posts the ante 75
a73bdcbc: posts the ante 75
ae43323b: posts small blind 250
d2184590: posts big blind 500
*** HOLE CARDS ***
Dealt to d2184590 
Dealt to a73bdcbc 
Dealt to Hero [Js Ks]
Dealt to 85163d76 
Dealt to dfebac83 
Dealt to f57cc9f9 
Dealt to a045023c 
Dealt to ae43323b 
a73bdcbc: folds
Hero: raises 500 to 1,000
85163d76: folds
dfebac83: folds
f57cc9f9: folds
a045023c: folds
ae43323b: folds
d2184590: folds
Uncalled bet (500) returned to Hero
*** SHOWDOWN ***
Hero collected 1,850 from pot
*** SUMMARY ***
Total pot 1,850 | Rake 0 | Jackpot 0 | Bingo 0 | Fortune 0 | Tax 0
Seat 1: d2184590 (big blind) folded before Flop
Seat 2: a73bdcbc folded before Flop
Seat 3: Hero collected (1,850)
Seat 4: 85163d76 folded before Flop
Seat 5: dfebac83 folded before Flop
Seat 6: f57cc9f9 folded before Flop
Seat 7: a045023c (button) folded before Flop
Seat 8: ae43323b (small blind) folded before Flop


Poker Hand #TM5630367848: Tournament #265894761, Bounty Hunters Turbo Special $21.60 Hold'em No Limit - Level8(250/500(75)) - 2026/02/25 14:32:40
Table '27' 8-max Seat #5 is the button
Seat 1: d2184590 (5,488 in chips)
Seat 2: a73bdcbc (16,815 in chips)
Seat 3: Hero (31,780 in chips)
Seat 5: dfebac83 (23,501 in chips)
Seat 7: a045023c (17,592 in chips)
Seat 8: ae43323b (8,346 in chips)
a045023c: posts the ante 75
Hero: posts the ante 75
ae43323b: posts the ante 75
dfebac83: posts the ante 75
d2184590: posts the ante 75
a73bdcbc: posts the ante 75
a045023c: posts small blind 250
ae43323b: posts big blind 500
*** HOLE CARDS ***
Dealt to d2184590 
Dealt to a73bdcbc 
Dealt to Hero [4d 8h]
Dealt to dfebac83 
Dealt to a045023c 
Dealt to ae43323b 
d2184590: folds
a73bdcbc: folds
Hero: folds
dfebac83: folds
a045023c: raises 850 to 1,350
ae43323b: calls 850
*** FLOP *** [5d 9s 4s]
a045023c: checks
ae43323b: bets 630
a045023c: folds
Uncalled bet (630) returned to ae43323b
*** SHOWDOWN ***
ae43323b collected 3,150 from pot
*** SUMMARY ***
Total pot 3,150 | Rake 0 | Jackpot 0 | Bingo 0 | Fortune 0 | Tax 0
Board [5d 9s 4s]
Seat 1: d2184590 folded before Flop
Seat 2: a73bdcbc folded before Flop
Seat 3: Hero folded before Flop
Seat 5: dfebac83 (button) folded before Flop
Seat 7: a045023c (small blind) folded on the Flop
Seat 8: ae43323b (big blind) won (3,150)


Poker Hand #TM5630367844: Tournament #265894761, Bounty Hunters Turbo Special $21.60 Hold'em No Limit - Level7(200/400(60)) - 2026/02/25 14:31:40
Table '27' 8-max Seat #4 is the button
Seat 1: d2184590 (5,548 in chips)
Seat 2: a73bdcbc (16,875 in chips)
Seat 3: Hero (31,840 in chips)
Seat 4: fa7451eb (8,300 in chips)
Seat 5: dfebac83 (23,761 in chips)
Seat 7: a045023c (8,792 in chips)
Seat 8: ae43323b (8,406 in chips)
a045023c: posts the ante 60
Hero: posts the ante 60
ae43323b: posts the ante 60
d2184590: posts the ante 60
dfebac83: posts the ante 60
fa7451eb: posts the ante 60
a73bdcbc: posts the ante 60
dfebac83: posts small blind 200
a045023c: posts big blind 400
*** HOLE CARDS ***
Dealt to d2184590 
Dealt to a73bdcbc 
Dealt to Hero [Tc 3h]
Dealt to fa7451eb 
Dealt to dfebac83 
Dealt to a045023c 
Dealt to ae43323b 
ae43323b: folds
d2184590: folds
a73bdcbc: folds
Hero: folds
fa7451eb: raises 400 to 800
dfebac83: folds
a045023c: raises 7,932 to 8,732 and is all-in
fa7451eb: calls 7,440 and is all-in
Uncalled bet (492) returned to a045023c
a045023c: shows [5s Ad]
fa7451eb: shows [Ah 8h]
*** FLOP *** [Jd 5d 2d]
*** TURN *** [Jd 5d 2d] [2h]
*** RIVER *** [Jd 5d 2d 2h] [Qc]
*** SHOWDOWN ***
a045023c collected 17,100 from pot
*** SUMMARY ***
Total pot 17,100 | Rake 0 | Jackpot 0 | Bingo 0 | Fortune 0 | Tax 0
Board [Jd 5d 2d 2h Qc]
Seat 1: d2184590 folded before Flop
Seat 2: a73bdcbc folded before Flop
Seat 3: Hero folded before Flop
Seat 4: fa7451eb (button) showed [Ah 8h] and lost with a pair of Twos
Seat 5: dfebac83 (small blind) folded before Flop
Seat 7: a045023c (big blind) showed [5s Ad] and won (17,100) with two pair, Fives and Twos
Seat 8: ae43323b folded before Flop


Poker Hand #TM5630367843: Tournament #265894761, Bounty Hunters Turbo Special $21.60 Hold'em No Limit - Level7(200/400(60)) - 2026/02/25 14:31:04
Table '27' 8-max Seat #3 is the button
Seat 1: d2184590 (5,608 in chips)
Seat 2: a73bdcbc (16,935 in chips)
Seat 3: Hero (31,900 in chips)
Seat 4: fa7451eb (8,760 in chips)
Seat 5: dfebac83 (23,001 in chips)
Seat 7: a045023c (8,852 in chips)
Seat 8: ae43323b (8,466 in chips)
a045023c: posts the ante 60
Hero: posts the ante 60
ae43323b: posts the ante 60
d2184590: posts the ante 60
dfebac83: posts the ante 60
fa7451eb: posts the ante 60
a73bdcbc: posts the ante 60
fa7451eb: posts small blind 200
dfebac83: posts big blind 400
*** HOLE CARDS ***
Dealt to d2184590 
Dealt to a73bdcbc 
Dealt to Hero [3s 7c]
Dealt to fa7451eb 
Dealt to dfebac83 
Dealt to a045023c 
Dealt to ae43323b 
a045023c: folds
ae43323b: folds
d2184590: folds
a73bdcbc: folds
Hero: folds
fa7451eb: calls 200
dfebac83: checks
*** FLOP *** [Qh 4d 3h]
fa7451eb: checks
dfebac83: checks
*** TURN *** [Qh 4d 3h] [2c]
fa7451eb: checks
dfebac83: checks
*** RIVER *** [Qh 4d 3h 2c] [9h]
fa7451eb: checks
dfebac83: checks
fa7451eb: shows [Kc 6d] (King high)
dfebac83: shows [8h As] (Ace high)
*** SHOWDOWN ***
dfebac83 collected 1,220 from pot
*** SUMMARY ***
Total pot 1,220 | Rake 0 | Jackpot 0 | Bingo 0 | Fortune 0 | Tax 0
Board [Qh 4d 3h 2c 9h]
Seat 1: d2184590 folded before Flop
Seat 2: a73bdcbc folded before Flop
Seat 3: Hero (button) folded before Flop
Seat 4: fa7451eb (small blind) showed [Kc 6d] and lost with King high
Seat 5: dfebac83 (big blind) showed [8h As] and won (1,220) with Ace high
Seat 7: a045023c folded before Flop
Seat 8: ae43323b folded before Flop


Poker Hand #TM5630367840: Tournament #265894761, Bounty Hunters Turbo Special $21.60 Hold'em No Limit - Level7(200/400(60)) - 2026/02/25 14:30:28
Table '27' 8-max Seat #2 is the button
Seat 1: d2184590 (5,668 in chips)
Seat 2: a73bdcbc (16,995 in chips)
Seat 3: Hero (30,340 in chips)
Seat 4: fa7451eb (9,220 in chips)
Seat 5: dfebac83 (23,061 in chips)
Seat 7: a045023c (8,912 in chips)
Seat 8: ae43323b (9,326 in chips)
a045023c: posts the ante 60
ae43323b: posts the ante 60
Hero: posts the ante 60
d2184590: posts the ante 60
dfebac83: posts the ante 60
fa7451eb: posts the ante 60
a73bdcbc: posts the ante 60
Hero: posts small blind 200
fa7451eb: posts big blind 400
*** HOLE CARDS ***
Dealt to d2184590 
Dealt to a73bdcbc 
Dealt to Hero [Qd As]
Dealt to fa7451eb 
Dealt to dfebac83 
Dealt to a045023c 
Dealt to ae43323b 
dfebac83: folds
a045023c: folds
ae43323b: raises 400 to 800
d2184590: folds
a73bdcbc: folds
Hero: raises 13,200 to 14,000
fa7451eb: folds
ae43323b: folds
Uncalled bet (13,200) returned to Hero
*** SHOWDOWN ***
Hero collected 2,420 from pot
*** SUMMARY ***
Total pot 2,420 | Rake 0 | Jackpot 0 | Bingo 0 | Fortune 0 | Tax 0
Seat 1: d2184590 folded before Flop
Seat 2: a73bdcbc (button) folded before Flop
Seat 3: Hero (small blind) collected (2,420)
Seat 4: fa7451eb (big blind) folded before Flop
Seat 5: dfebac83 folded before Flop
Seat 7: a045023c folded before Flop
Seat 8: ae43323b folded before Flop


Poker Hand #TM5630367837: Tournament #265894761, Bounty Hunters Turbo Special $21.60 Hold'em No Limit - Level7(200/400(60)) - 2026/02/25 14:29:39
Table '27' 8-max Seat #1 is the button
Seat 1: d2184590 (5,728 in chips)
Seat 2: a73bdcbc (15,395 in chips)
Seat 3: Hero (31,640 in chips)
Seat 4: fa7451eb (9,280 in chips)
Seat 5: dfebac83 (23,121 in chips)
Seat 7: a045023c (8,972 in chips)
Seat 8: ae43323b (9,386 in chips)
a045023c: posts the ante 60
ae43323b: posts the ante 60
Hero: posts the ante 60
d2184590: posts the ante 60
dfebac83: posts the ante 60
fa7451eb: posts the ante 60
a73bdcbc: posts the ante 60
a73bdcbc: posts small blind 200
Hero: posts big blind 400
*** HOLE CARDS ***
Dealt to d2184590 
Dealt to a73bdcbc 
Dealt to Hero [7c Ks]
Dealt to fa7451eb 
Dealt to dfebac83 
Dealt to a045023c 
Dealt to ae43323b 
fa7451eb: folds
dfebac83: folds
a045023c: folds
ae43323b: folds
d2184590: folds
a73bdcbc: raises 840 to 1,240
Hero: calls 840
*** FLOP *** [5s Ts 6c]
a73bdcbc: bets 1,357
Hero: folds
Uncalled bet (1,357) returned to a73bdcbc
*** SHOWDOWN ***
a73bdcbc collected 2,900 from pot
*** SUMMARY ***
Total pot 2,900 | Rake 0 | Jackpot 0 | Bingo 0 | Fortune 0 | Tax 0
Board [5s Ts 6c]
Seat 1: d2184590 (button) folded before Flop
Seat 2: a73bdcbc (small blind) won (2,900)
Seat 3: Hero (big blind) folded on the Flop
Seat 4: fa7451eb folded before Flop
Seat 5: dfebac83 folded before Flop
Seat 7: a045023c folded before Flop
Seat 8: ae43323b folded before Flop


Poker Hand #TM5630367833: Tournament #265894761, Bounty Hunters Turbo Special $21.60 Hold'em No Limit - Level7(200/400(60)) - 2026/02/25 14:28:52
Table '27' 8-max Seat #8 is the button
Seat 1: d2184590 (5,988 in chips)
Seat 2: a73bdcbc (15,855 in chips)
Seat 3: Hero (27,951 in chips)
Seat 4: fa7451eb (9,340 in chips)
Seat 5: dfebac83 (23,981 in chips)
Seat 7: a045023c (10,961 in chips)
Seat 8: ae43323b (9,446 in chips)
a045023c: posts the ante 60
ae43323b: posts the ante 60
Hero: posts the ante 60
dfebac83: posts the ante 60
d2184590: posts the ante 60
fa7451eb: posts the ante 60
a73bdcbc: posts the ante 60
d2184590: posts small blind 200
a73bdcbc: posts big blind 400
*** HOLE CARDS ***
Dealt to d2184590 
Dealt to a73bdcbc 
Dealt to Hero [Js Kh]
Dealt to fa7451eb 
Dealt to dfebac83 
Dealt to a045023c 
Dealt to ae43323b 
Hero: raises 400 to 800
fa7451eb: folds
dfebac83: calls 800
a045023c: calls 800
ae43323b: folds
d2184590: folds
a73bdcbc: folds
*** FLOP *** [6h Qc Jd]
Hero: bets 1,129
dfebac83: folds
a045023c: calls 1,129
*** TURN *** [6h Qc Jd] [3c]
Hero: bets 3,239
a045023c: folds
Uncalled bet (3,239) returned to Hero
*** SHOWDOWN ***
Hero collected 5,678 from pot
*** SUMMARY ***
Total pot 5,678 | Rake 0 | Jackpot 0 | Bingo 0 | Fortune 0 | Tax 0
Board [6h Qc Jd 3c]
Seat 1: d2184590 (small blind) folded before Flop
Seat 2: a73bdcbc (big blind) folded before Flop
Seat 3: Hero won (5,678)
Seat 4: fa7451eb folded before Flop
Seat 5: dfebac83 folded on the Flop
Seat 7: a045023c folded on the Turn
Seat 8: ae43323b (button) folded before Flop


Poker Hand #TM5630367829: Tournament #265894761, Bounty Hunters Turbo Special $21.60 Hold'em No Limit - Level7(200/400(60)) - 2026/02/25 14:28:00
Table '27' 8-max Seat #7 is the button
Seat 1: d2184590 (6,448 in chips)
Seat 2: a73bdcbc (9,180 in chips)
Seat 3: Hero (28,011 in chips)
Seat 4: fa7451eb (10,200 in chips)
Seat 5: dfebac83 (24,041 in chips)
Seat 6: a2950932 (4,915 in chips)
Seat 7: a045023c (11,021 in chips)
Seat 8: ae43323b (9,706 in chips)
a045023c: posts the ante 60
a2950932: posts the ante 60
Hero: posts the ante 60
ae43323b: posts the ante 60
dfebac83: posts the ante 60
d2184590: posts the ante 60
fa7451eb: posts the ante 60
a73bdcbc: posts the ante 60
ae43323b: posts small blind 200
d2184590: posts big blind 400
*** HOLE CARDS ***
Dealt to d2184590 
Dealt to a73bdcbc 
Dealt to Hero [Ts Qs]
Dealt to fa7451eb 
Dealt to dfebac83 
Dealt to a2950932 
Dealt to a045023c 
Dealt to ae43323b 
a73bdcbc: raises 400 to 800
Hero: folds
fa7451eb: calls 800
dfebac83: folds
a2950932: raises 4,055 to 4,855 and is all-in
a045023c: folds
ae43323b: folds
d2184590: folds
a73bdcbc: raises 4,055 to 8,910
fa7451eb: folds
Uncalled bet (4,055) returned to a73bdcbc
a73bdcbc: shows [Kd Ks]
a2950932: shows [Qh As]
*** FLOP *** [7d 8s 6s]
*** TURN *** [7d 8s 6s] [9s]
*** RIVER *** [7d 8s 6s 9s] [4c]
*** SHOWDOWN ***
a73bdcbc collected 11,590 from pot
*** SUMMARY ***
Total pot 11,590 | Rake 0 | Jackpot 0 | Bingo 0 | Fortune 0 | Tax 0
Board [7d 8s 6s 9s 4c]
Seat 1: d2184590 (big blind) folded before Flop
Seat 2: a73bdcbc showed [Kd Ks] and won (11,590) with a pair of Kings
Seat 3: Hero folded before Flop
Seat 4: fa7451eb folded before Flop
Seat 5: dfebac83 folded before Flop
Seat 6: a2950932 showed [Qh As] and lost with Ace high
Seat 7: a045023c (button) folded before Flop
Seat 8: ae43323b (small blind) folded before Flop


Poker Hand #TM5630367828: Tournament #265894761, Bounty Hunters Turbo Special $21.60 Hold'em No Limit - Level7(200/400(60)) - 2026/02/25 14:27:38
Table '27' 8-max Seat #6 is the button
Seat 1: d2184590 (6,508 in chips)
Seat 2: a73bdcbc (9,240 in chips)
Seat 3: Hero (26,991 in chips)
Seat 4: fa7451eb (10,260 in chips)
Seat 5: dfebac83 (24,101 in chips)
Seat 6: a2950932 (4,975 in chips)
Seat 7: a045023c (11,281 in chips)
Seat 8: ae43323b (10,166 in chips)
a045023c: posts the ante 60
a2950932: posts the ante 60
Hero: posts the ante 60
ae43323b: posts the ante 60
dfebac83: posts the ante 60
d2184590: posts the ante 60
fa7451eb: posts the ante 60
a73bdcbc: posts the ante 60
a045023c: posts small blind 200
ae43323b: posts big blind 400
*** HOLE CARDS ***
Dealt to d2184590 
Dealt to a73bdcbc 
Dealt to Hero [Th Ac]
Dealt to fa7451eb 
Dealt to dfebac83 
Dealt to a2950932 
Dealt to a045023c 
Dealt to ae43323b 
d2184590: folds
a73bdcbc: folds
Hero: raises 400 to 800
fa7451eb: folds
dfebac83: folds
a2950932: folds
a045023c: folds
ae43323b: folds
Uncalled bet (400) returned to Hero
*** SHOWDOWN ***
Hero collected 1,480 from pot
*** SUMMARY ***
Total pot 1,480 | Rake 0 | Jackpot 0 | Bingo 0 | Fortune 0 | Tax 0
Seat 1: d2184590 folded before Flop
Seat 2: a73bdcbc folded before Flop
Seat 3: Hero collected (1,480)
Seat 4: fa7451eb folded before Flop
Seat 5: dfebac83 folded before Flop
Seat 6: a2950932 (button) folded before Flop
Seat 7: a045023c (small blind) folded before Flop
Seat 8: ae43323b (big blind) folded before Flop


Poker Hand #TM5630367824: Tournament #265894761, Bounty Hunters Turbo Special $21.60 Hold'em No Limit - Level7(200/400(60)) - 2026/02/25 14:26:40
Table '27' 8-max Seat #5 is the button
Seat 1: d2184590 (6,568 in chips)
Seat 2: a73bdcbc (9,300 in chips)
Seat 3: Hero (27,051 in chips)
Seat 4: fa7451eb (8,440 in chips)
Seat 5: dfebac83 (24,161 in chips)
Seat 6: a2950932 (5,235 in chips)
Seat 7: a045023c (12,541 in chips)
Seat 8: ae43323b (10,226 in chips)
a045023c: posts the ante 60
a2950932: posts the ante 60
Hero: posts the ante 60
ae43323b: posts the ante 60
dfebac83: posts the ante 60
d2184590: posts the ante 60
fa7451eb: posts the ante 60
a73bdcbc: posts the ante 60
a2950932: posts small blind 200
a045023c: posts big blind 400
*** HOLE CARDS ***
Dealt to d2184590 
Dealt to a73bdcbc 
Dealt to Hero [6s 8s]
Dealt to fa7451eb 
Dealt to dfebac83 
Dealt to a2950932 
Dealt to a045023c 
Dealt to ae43323b 
ae43323b: folds
d2184590: folds
a73bdcbc: folds
Hero: folds
fa7451eb: raises 400 to 800
dfebac83: folds
a2950932: folds
a045023c: calls 400
*** FLOP *** [3c Qd Qh]
a045023c: checks
fa7451eb: bets 400
a045023c: calls 400
*** TURN *** [3c Qd Qh] [6d]
a045023c: checks
fa7451eb: bets 1,786
a045023c: folds
Uncalled bet (1,786) returned to fa7451eb
*** SHOWDOWN ***
fa7451eb collected 3,080 from pot
*** SUMMARY ***
Total pot 3,080 | Rake 0 | Jackpot 0 | Bingo 0 | Fortune 0 | Tax 0
Board [3c Qd Qh 6d]
Seat 1: d2184590 folded before Flop
Seat 2: a73bdcbc folded before Flop
Seat 3: Hero folded before Flop
Seat 4: fa7451eb won (3,080)
Seat 5: dfebac83 (button) folded before Flop
Seat 6: a2950932 (small blind) folded before Flop
Seat 7: a045023c (big blind) folded on the Turn
Seat 8: ae43323b folded before Flop


Poker Hand #TM5630367820: Tournament #265894761, Bounty Hunters Turbo Special $21.60 Hold'em No Limit - Level7(200/400(60)) - 2026/02/25 14:26:17
Table '27' 8-max Seat #3 is the button
Seat 1: d2184590 (6,628 in chips)
Seat 2: a73bdcbc (9,360 in chips)
Seat 3: Hero (27,111 in chips)
Seat 5: dfebac83 (22,601 in chips)
Seat 6: a2950932 (5,695 in chips)
Seat 7: a045023c (13,401 in chips)
Seat 8: ae43323b (10,286 in chips)
a045023c: posts the ante 60
a2950932: posts the ante 60
Hero: posts the ante 60
ae43323b: posts the ante 60
d2184590: posts the ante 60
dfebac83: posts the ante 60
a73bdcbc: posts the ante 60
dfebac83: posts small blind 200
a2950932: posts big blind 400
*** HOLE CARDS ***
Dealt to d2184590 
Dealt to a73bdcbc 
Dealt to Hero [Qc 3s]
Dealt to dfebac83 
Dealt to a2950932 
Dealt to a045023c 
Dealt to ae43323b 
a045023c: raises 400 to 800
ae43323b: folds
d2184590: folds
a73bdcbc: folds
Hero: folds
dfebac83: raises 21,741 to 22,541 and is all-in
a2950932: folds
a045023c: folds
Uncalled bet (21,741) returned to dfebac83
*** SHOWDOWN ***
dfebac83 collected 2,420 from pot
*** SUMMARY ***
Total pot 2,420 | Rake 0 | Jackpot 0 | Bingo 0 | Fortune 0 | Tax 0
Seat 1: d2184590 folded before Flop
Seat 2: a73bdcbc folded before Flop
Seat 3: Hero (button) folded before Flop
Seat 5: dfebac83 (small blind) collected (2,420)
Seat 6: a2950932 (big blind) folded before Flop
Seat 7: a045023c folded before Flop
Seat 8: ae43323b folded before Flop


Poker Hand #TM5630367817: Tournament #265894761, Bounty Hunters Turbo Special $21.60 Hold'em No Limit - Level7(200/400(60)) - 2026/02/25 14:25:49
Table '27' 8-max Seat #2 is the button
Seat 1: d2184590 (6,688 in chips)
Seat 2: a73bdcbc (9,420 in chips)
Seat 3: Hero (27,371 in chips)
Seat 5: dfebac83 (23,461 in chips)
Seat 6: a2950932 (5,755 in chips)
Seat 7: a045023c (12,041 in chips)
Seat 8: ae43323b (10,346 in chips)
a045023c: posts the ante 60
a2950932: posts the ante 60
ae43323b: posts the ante 60
Hero: posts the ante 60
d2184590: posts the ante 60
dfebac83: posts the ante 60
a73bdcbc: posts the ante 60
Hero: posts small blind 200
dfebac83: posts big blind 400
*** HOLE CARDS ***
Dealt to d2184590 
Dealt to a73bdcbc 
Dealt to Hero [8s 5s]
Dealt to dfebac83 
Dealt to a2950932 
Dealt to a045023c 
Dealt to ae43323b 
a2950932: folds
a045023c: raises 400 to 800
ae43323b: folds
d2184590: folds
a73bdcbc: folds
Hero: folds
dfebac83: calls 400
*** FLOP *** [Qs 8d Kc]
dfebac83: checks
a045023c: bets 733
dfebac83: folds
Uncalled bet (733) returned to a045023c
*** SHOWDOWN ***
a045023c collected 2,220 from pot
*** SUMMARY ***
Total pot 2,220 | Rake 0 | Jackpot 0 | Bingo 0 | Fortune 0 | Tax 0
Board [Qs 8d Kc]
Seat 1: d2184590 folded before Flop
Seat 2: a73bdcbc (button) folded before Flop
Seat 3: Hero (small blind) folded before Flop
Seat 5: dfebac83 (big blind) folded on the Flop
Seat 6: a2950932 folded before Flop
Seat 7: a045023c won (2,220)
Seat 8: ae43323b folded before Flop


Poker Hand #TM5630367812: Tournament #265894761, Bounty Hunters Turbo Special $21.60 Hold'em No Limit - Level7(200/400(60)) - 2026/02/25 14:24:51
Table '27' 8-max Seat #1 is the button
Seat 1: d2184590 (6,748 in chips)
Seat 2: a73bdcbc (9,680 in chips)
Seat 3: Hero (25,278 in chips)
Seat 5: dfebac83 (23,521 in chips)
Seat 6: a2950932 (5,815 in chips)
Seat 7: a045023c (13,634 in chips)
Seat 8: ae43323b (10,406 in chips)
a045023c: posts the ante 60
a2950932: posts the ante 60
ae43323b: posts the ante 60
Hero: posts the ante 60
d2184590: posts the ante 60
dfebac83: posts the ante 60
a73bdcbc: posts the ante 60
a73bdcbc: posts small blind 200
Hero: posts big blind 400
*** HOLE CARDS ***
Dealt to d2184590 
Dealt to a73bdcbc 
Dealt to Hero [Kh 2c]
Dealt to dfebac83 
Dealt to a2950932 
Dealt to a045023c 
Dealt to ae43323b 
dfebac83: folds
a2950932: folds
a045023c: raises 400 to 800
ae43323b: folds
d2184590: folds
a73bdcbc: folds
Hero: calls 400
*** FLOP *** [6c Ac 2s]
Hero: checks
a045023c: bets 733
Hero: calls 733
*** TURN *** [6c Ac 2s] [Ks]
Hero: checks
a045023c: checks
*** RIVER *** [6c Ac 2s Ks] [6h]
Hero: checks
a045023c: checks
Hero: shows [Kh 2c] (two pair, Kings and Sixes)
a045023c: shows [8h Qh] (a pair of Sixes)
*** SHOWDOWN ***
Hero collected 3,686 from pot
*** SUMMARY ***
Total pot 3,686 | Rake 0 | Jackpot 0 | Bingo 0 | Fortune 0 | Tax 0
Board [6c Ac 2s Ks 6h]
Seat 1: d2184590 (button) folded before Flop
Seat 2: a73bdcbc (small blind) folded before Flop
Seat 3: Hero (big blind) showed [Kh 2c] and won (3,686) with two pair, Kings and Sixes
Seat 5: dfebac83 folded before Flop
Seat 6: a2950932 folded before Flop
Seat 7: a045023c showed [8h Qh] and lost with a pair of Sixes
Seat 8: ae43323b folded before Flop


Poker Hand #TM5630367809: Tournament #265894761, Bounty Hunters Turbo Special $21.60 Hold'em No Limit - Level7(200/400(60)) - 2026/02/25 14:24:29
Table '27' 8-max Seat #8 is the button
Seat 1: d2184590 (5,988 in chips)
Seat 2: a73bdcbc (10,140 in chips)
Seat 3: Hero (25,338 in chips)
Seat 5: dfebac83 (23,581 in chips)
Seat 6: a2950932 (5,875 in chips)
Seat 7: a045023c (13,694 in chips)
Seat 8: ae43323b (10,466 in chips)
a045023c: posts the ante 60
a2950932: posts the ante 60
ae43323b: posts the ante 60
Hero: posts the ante 60
dfebac83: posts the ante 60
d2184590: posts the ante 60
a73bdcbc: posts the ante 60
d2184590: posts small blind 200
a73bdcbc: posts big blind 400
*** HOLE CARDS ***
Dealt to d2184590 
Dealt to a73bdcbc 
Dealt to Hero [9h Js]
Dealt to dfebac83 
Dealt to a2950932 
Dealt to a045023c 
Dealt to ae43323b 
Hero: folds
dfebac83: folds
a2950932: folds
a045023c: folds
ae43323b: folds
d2184590: raises 5,528 to 5,928 and is all-in
a73bdcbc: folds
Uncalled bet (5,528) returned to d2184590
*** SHOWDOWN ***
d2184590 collected 1,220 from pot
*** SUMMARY ***
Total pot 1,220 | Rake 0 | Jackpot 0 | Bingo 0 | Fortune 0 | Tax 0
Seat 1: d2184590 (small blind) collected (1,220)
Seat 2: a73bdcbc (big blind) folded before Flop
Seat 3: Hero folded before Flop
Seat 5: dfebac83 folded before Flop
Seat 6: a2950932 folded before Flop
Seat 7: a045023c folded before Flop
Seat 8: ae43323b (button) folded before Flop


Poker Hand #TM5630367806: Tournament #265894761, Bounty Hunters Turbo Special $21.60 Hold'em No Limit - Level6(150/300(45)) - 2026/02/25 14:23:51
Table '27' 8-max Seat #7 is the button
Seat 1: d2184590 (6,333 in chips)
Seat 2: a73bdcbc (10,185 in chips)
Seat 3: Hero (25,383 in chips)
Seat 5: dfebac83 (22,861 in chips)
Seat 6: a2950932 (5,920 in chips)
Seat 7: a045023c (13,739 in chips)
Seat 8: ae43323b (10,661 in chips)
a045023c: posts the ante 45
a2950932: posts the ante 45
Hero: posts the ante 45
ae43323b: posts the ante 45
dfebac83: posts the ante 45
d2184590: posts the ante 45
a73bdcbc: posts the ante 45
ae43323b: posts small blind 150
d2184590: posts big blind 300
*** HOLE CARDS ***
Dealt to d2184590 
Dealt to a73bdcbc 
Dealt to Hero [9d 6d]
Dealt to dfebac83 
Dealt to a2950932 
Dealt to a045023c 
Dealt to ae43323b 
a73bdcbc: folds
Hero: folds
dfebac83: raises 300 to 600
a2950932: folds
a045023c: folds
ae43323b: folds
d2184590: folds
Uncalled bet (300) returned to dfebac83
*** SHOWDOWN ***
dfebac83 collected 1,065 from pot
*** SUMMARY ***
Total pot 1,065 | Rake 0 | Jackpot 0 | Bingo 0 | Fortune 0 | Tax 0
Seat 1: d2184590 (big blind) folded before Flop
Seat 2: a73bdcbc folded before Flop
Seat 3: Hero folded before Flop
Seat 5: dfebac83 collected (1,065)
Seat 6: a2950932 folded before Flop
Seat 7: a045023c (button) folded before Flop
Seat 8: ae43323b (small blind) folded before Flop


Poker Hand #TM5630367803: Tournament #265894761, Bounty Hunters Turbo Special $21.60 Hold'em No Limit - Level6(150/300(45)) - 2026/02/25 14:23:18
Table '27' 8-max Seat #6 is the button
Seat 1: d2184590 (6,378 in chips)
Seat 2: a73bdcbc (10,230 in chips)
Seat 3: Hero (25,428 in chips)
Seat 5: dfebac83 (22,906 in chips)
Seat 6: a2950932 (5,965 in chips)
Seat 7: a045023c (13,169 in chips)
Seat 8: ae43323b (11,006 in chips)
a045023c: posts the ante 45
a2950932: posts the ante 45
Hero: posts the ante 45
ae43323b: posts the ante 45
dfebac83: posts the ante 45
d2184590: posts the ante 45
a73bdcbc: posts the ante 45
a045023c: posts small blind 150
ae43323b: posts big blind 300
*** HOLE CARDS ***
Dealt to d2184590 
Dealt to a73bdcbc 
Dealt to Hero [Js 5s]
Dealt to dfebac83 
Dealt to a2950932 
Dealt to a045023c 
Dealt to ae43323b 
d2184590: folds
a73bdcbc: folds
Hero: folds
dfebac83: folds
a2950932: folds
a045023c: raises 750 to 1,050
ae43323b: folds
Uncalled bet (750) returned to a045023c
*** SHOWDOWN ***
a045023c collected 915 from pot
*** SUMMARY ***
Total pot 915 | Rake 0 | Jackpot 0 | Bingo 0 | Fortune 0 | Tax 0
Seat 1: d2184590 folded before Flop
Seat 2: a73bdcbc folded before Flop
Seat 3: Hero folded before Flop
Seat 5: dfebac83 folded before Flop
Seat 6: a2950932 (button) folded before Flop
Seat 7: a045023c (small blind) collected (915)
Seat 8: ae43323b (big blind) folded before Flop


Poker Hand #TM5630367799: Tournament #265894761, Bounty Hunters Turbo Special $21.60 Hold'em No Limit - Level6(150/300(45)) - 2026/02/25 14:21:54
Table '27' 8-max Seat #5 is the button
Seat 1: d2184590 (6,423 in chips)
Seat 2: a73bdcbc (10,275 in chips)
Seat 3: Hero (25,473 in chips)
Seat 4: d1d79c9c (6,451 in chips)
Seat 5: dfebac83 (15,735 in chips)
Seat 6: a2950932 (6,160 in chips)
Seat 7: a045023c (13,514 in chips)
Seat 8: ae43323b (11,051 in chips)
a045023c: posts the ante 45
d1d79c9c: posts the ante 45
a2950932: posts the ante 45
Hero: posts the ante 45
ae43323b: posts the ante 45
dfebac83: posts the ante 45
d2184590: posts the ante 45
a73bdcbc: posts the ante 45
a2950932: posts small blind 150
a045023c: posts big blind 300
*** HOLE CARDS ***
Dealt to d2184590 
Dealt to a73bdcbc 
Dealt to Hero [6h 9c]
Dealt to d1d79c9c 
Dealt to dfebac83 
Dealt to a2950932 
Dealt to a045023c 
Dealt to ae43323b 
ae43323b: folds
d2184590: folds
a73bdcbc: folds
Hero: folds
d1d79c9c: raises 300 to 600
dfebac83: raises 900 to 1,500
a2950932: folds
a045023c: folds
d1d79c9c: calls 900
*** FLOP *** [4s 5s Ac]
d1d79c9c: checks
dfebac83: bets 953
d1d79c9c: raises 1,297 to 2,250
dfebac83: raises 6,648 to 8,898
d1d79c9c: calls 2,656 and is all-in
Uncalled bet (3,992) returned to dfebac83
dfebac83: shows [Jh Ad] (a pair of Aces)
d1d79c9c: shows [7d 6d] (Ace high)
*** TURN *** [4s 5s Ac] [Ts]
*** RIVER *** [4s 5s Ac Ts] [Qh]
*** SHOWDOWN ***
dfebac83 collected 13,622 from pot
*** SUMMARY ***
Total pot 13,622 | Rake 0 | Jackpot 0 | Bingo 0 | Fortune 0 | Tax 0
Board [4s 5s Ac Ts Qh]
Seat 1: d2184590 folded before Flop
Seat 2: a73bdcbc folded before Flop
Seat 3: Hero folded before Flop
Seat 4: d1d79c9c showed [7d 6d] and lost with Ace high
Seat 5: dfebac83 (button) showed [Jh Ad] and won (13,622) with a pair of Aces
Seat 6: a2950932 (small blind) folded before Flop
Seat 7: a045023c (big blind) folded before Flop
Seat 8: ae43323b folded before Flop


Poker Hand #TM5630367794: Tournament #265894761, Bounty Hunters Turbo Special $21.60 Hold'em No Limit - Level6(150/300(45)) - 2026/02/25 14:20:55
Table '27' 8-max Seat #4 is the button
Seat 1: d2184590 (6,468 in chips)
Seat 2: a73bdcbc (6,795 in chips)
Seat 3: Hero (25,518 in chips)
Seat 4: d1d79c9c (6,496 in chips)
Seat 5: dfebac83 (15,930 in chips)
Seat 6: a2950932 (9,220 in chips)
Seat 7: a045023c (13,559 in chips)
Seat 8: ae43323b (11,096 in chips)
a045023c: posts the ante 45
d1d79c9c: posts the ante 45
a2950932: posts the ante 45
Hero: posts the ante 45
ae43323b: posts the ante 45
d2184590: posts the ante 45
dfebac83: posts the ante 45
a73bdcbc: posts the ante 45
dfebac83: posts small blind 150
a2950932: posts big blind 300
*** HOLE CARDS ***
Dealt to d2184590 
Dealt to a73bdcbc 
Dealt to Hero [9h Jc]
Dealt to d1d79c9c 
Dealt to dfebac83 
Dealt to a2950932 
Dealt to a045023c 
Dealt to ae43323b 
a045023c: folds
ae43323b: folds
d2184590: folds
a73bdcbc: raises 300 to 600
Hero: folds
d1d79c9c: folds
dfebac83: folds
a2950932: calls 300
*** FLOP *** [4c Ks 9d]
a2950932: checks
a73bdcbc: bets 565
a2950932: calls 565
*** TURN *** [4c Ks 9d] [6h]
a2950932: checks
a73bdcbc: checks
*** RIVER *** [4c Ks 9d 6h] [8d]
a2950932: checks
a73bdcbc: bets 1,850
a2950932: calls 1,850
a73bdcbc: shows [Ac Ah] (a pair of Aces)
a2950932: shows [9c Ad] (a pair of Nines)
*** SHOWDOWN ***
a73bdcbc collected 6,540 from pot
*** SUMMARY ***
Total pot 6,540 | Rake 0 | Jackpot 0 | Bingo 0 | Fortune 0 | Tax 0
Board [4c Ks 9d 6h 8d]
Seat 1: d2184590 folded before Flop
Seat 2: a73bdcbc showed [Ac Ah] and won (6,540) with a pair of Aces
Seat 3: Hero folded before Flop
Seat 4: d1d79c9c (button) folded before Flop
Seat 5: dfebac83 (small blind) folded before Flop
Seat 6: a2950932 (big blind) showed [9c Ad] and lost with a pair of Nines
Seat 7: a045023c folded before Flop
Seat 8: ae43323b folded before Flop


Poker Hand #TM5630367792: Tournament #265894761, Bounty Hunters Turbo Special $21.60 Hold'em No Limit - Level6(150/300(45)) - 2026/02/25 14:20:28
Table '27' 8-max Seat #3 is the button
Seat 1: d2184590 (6,513 in chips)
Seat 2: a73bdcbc (7,440 in chips)
Seat 3: Hero (25,563 in chips)
Seat 4: d1d79c9c (5,281 in chips)
Seat 5: dfebac83 (16,275 in chips)
Seat 6: a2950932 (9,265 in chips)
Seat 7: a045023c (13,604 in chips)
Seat 8: ae43323b (11,141 in chips)
a045023c: posts the ante 45
a2950932: posts the ante 45
d1d79c9c: posts the ante 45
Hero: posts the ante 45
ae43323b: posts the ante 45
d2184590: posts the ante 45
dfebac83: posts the ante 45
a73bdcbc: posts the ante 45
d1d79c9c: posts small blind 150
dfebac83: posts big blind 300
*** HOLE CARDS ***
Dealt to d2184590 
Dealt to a73bdcbc 
Dealt to Hero [9c 3c]
Dealt to d1d79c9c 
Dealt to dfebac83 
Dealt to a2950932 
Dealt to a045023c 
Dealt to ae43323b 
a2950932: folds
a045023c: folds
ae43323b: folds
d2184590: folds
a73bdcbc: raises 300 to 600
Hero: folds
d1d79c9c: raises 4,636 to 5,236 and is all-in
dfebac83: folds
a73bdcbc: folds
Uncalled bet (4,636) returned to d1d79c9c
*** SHOWDOWN ***
d1d79c9c collected 1,860 from pot
*** SUMMARY ***
Total pot 1,860 | Rake 0 | Jackpot 0 | Bingo 0 | Fortune 0 | Tax 0
Seat 1: d2184590 folded before Flop
Seat 2: a73bdcbc folded before Flop
Seat 3: Hero (button) folded before Flop
Seat 4: d1d79c9c (small blind) collected (1,860)
Seat 5: dfebac83 (big blind) folded before Flop
Seat 6: a2950932 folded before Flop
Seat 7: a045023c folded before Flop
Seat 8: ae43323b folded before Flop


Poker Hand #TM5630367786: Tournament #265894761, Bounty Hunters Turbo Special $21.60 Hold'em No Limit - Level6(150/300(45)) - 2026/02/25 14:18:50
Table '27' 8-max Seat #2 is the button
Seat 1: d2184590 (9,187 in chips)
Seat 2: a73bdcbc (7,485 in chips)
Seat 3: Hero (25,758 in chips)
Seat 4: d1d79c9c (5,926 in chips)
Seat 5: dfebac83 (16,320 in chips)
Seat 6: a2950932 (9,310 in chips)
Seat 7: a045023c (9,910 in chips)
Seat 8: ae43323b (11,186 in chips)
a045023c: posts the ante 45
a2950932: posts the ante 45
d1d79c9c: posts the ante 45
ae43323b: posts the ante 45
Hero: posts the ante 45
d2184590: posts the ante 45
dfebac83: posts the ante 45
a73bdcbc: posts the ante 45
Hero: posts small blind 150
d1d79c9c: posts big blind 300
*** HOLE CARDS ***
Dealt to d2184590 
Dealt to a73bdcbc 
Dealt to Hero [Th 5c]
Dealt to d1d79c9c 
Dealt to dfebac83 
Dealt to a2950932 
Dealt to a045023c 
Dealt to ae43323b 
dfebac83: folds
a2950932: folds
a045023c: raises 300 to 600
ae43323b: folds
d2184590: calls 600
a73bdcbc: folds
Hero: folds
d1d79c9c: calls 300
*** FLOP *** [Kh 2c Tc]
d1d79c9c: checks
a045023c: bets 763
d2184590: calls 763
d1d79c9c: folds
*** TURN *** [Kh 2c Tc] [Jc]
a045023c: bets 1,266
d2184590: calls 1,266
*** RIVER *** [Kh 2c Tc Jc] [7c]
a045023c: bets 1,592
d2184590: folds
Uncalled bet (1,592) returned to a045023c
*** SHOWDOWN ***
a045023c collected 6,368 from pot
*** SUMMARY ***
Total pot 6,368 | Rake 0 | Jackpot 0 | Bingo 0 | Fortune 0 | Tax 0
Board [Kh 2c Tc Jc 7c]
Seat 1: d2184590 folded on the River
Seat 2: a73bdcbc (button) folded before Flop
Seat 3: Hero (small blind) folded before Flop
Seat 4: d1d79c9c (big blind) folded on the Flop
Seat 5: dfebac83 folded before Flop
Seat 6: a2950932 folded before Flop
Seat 7: a045023c won (6,368)
Seat 8: ae43323b folded before Flop


Poker Hand #TM5630367781: Tournament #265894761, Bounty Hunters Turbo Special $21.60 Hold'em No Limit - Level6(150/300(45)) - 2026/02/25 14:17:25
Table '27' 8-max Seat #1 is the button
Seat 1: d2184590 (9,232 in chips)
Seat 2: a73bdcbc (7,680 in chips)
Seat 3: Hero (22,115 in chips)
Seat 4: d1d79c9c (9,194 in chips)
Seat 5: dfebac83 (16,365 in chips)
Seat 7: a045023c (9,955 in chips)
Seat 8: ae43323b (11,231 in chips)
a045023c: posts the ante 45
d1d79c9c: posts the ante 45
ae43323b: posts the ante 45
Hero: posts the ante 45
d2184590: posts the ante 45
dfebac83: posts the ante 45
a73bdcbc: posts the ante 45
a73bdcbc: posts small blind 150
Hero: posts big blind 300
*** HOLE CARDS ***
Dealt to d2184590 
Dealt to a73bdcbc 
Dealt to Hero [Ah Js]
Dealt to d1d79c9c 
Dealt to dfebac83 
Dealt to a045023c 
Dealt to ae43323b 
d1d79c9c: raises 300 to 600
dfebac83: folds
a045023c: folds
ae43323b: folds
d2184590: folds
a73bdcbc: folds
Hero: raises 1,249 to 1,849
d1d79c9c: calls 1,249
*** FLOP *** [2h 4c 9s]
Hero: bets 1,374
d1d79c9c: calls 1,374
*** TURN *** [2h 4c 9s] [2c]
Hero: bets 6,911
d1d79c9c: folds
Uncalled bet (6,911) returned to Hero
*** SHOWDOWN ***
Hero collected 6,911 from pot
*** SUMMARY ***
Total pot 6,911 | Rake 0 | Jackpot 0 | Bingo 0 | Fortune 0 | Tax 0
Board [2h 4c 9s 2c]
Seat 1: d2184590 (button) folded before Flop
Seat 2: a73bdcbc (small blind) folded before Flop
Seat 3: Hero (big blind) won (6,911)
Seat 4: d1d79c9c folded on the Turn
Seat 5: dfebac83 folded before Flop
Seat 7: a045023c folded before Flop
Seat 8: ae43323b folded before Flop


Poker Hand #TM5630367777: Tournament #265894761, Bounty Hunters Turbo Special $21.60 Hold'em No Limit - Level6(150/300(45)) - 2026/02/25 14:16:35
Table '27' 8-max Seat #8 is the button
Seat 1: d2184590 (9,427 in chips)
Seat 2: a73bdcbc (8,025 in chips)
Seat 3: Hero (22,160 in chips)
Seat 4: d1d79c9c (9,839 in chips)
Seat 5: dfebac83 (15,045 in chips)
Seat 7: a045023c (10,000 in chips)
Seat 8: ae43323b (11,276 in chips)
a045023c: posts the ante 45
d1d79c9c: posts the ante 45
ae43323b: posts the ante 45
Hero: posts the ante 45
dfebac83: posts the ante 45
d2184590: posts the ante 45
a73bdcbc: posts the ante 45
d2184590: posts small blind 150
a73bdcbc: posts big blind 300
*** HOLE CARDS ***
Dealt to d2184590 
Dealt to a73bdcbc 
Dealt to Hero [Ks 7c]
Dealt to d1d79c9c 
Dealt to dfebac83 
Dealt to a045023c 
Dealt to ae43323b 
Hero: folds
d1d79c9c: raises 300 to 600
dfebac83: raises 1,200 to 1,800
a045023c: folds
ae43323b: folds
d2184590: folds
a73bdcbc: folds
d1d79c9c: folds
Uncalled bet (1,200) returned to dfebac83
*** SHOWDOWN ***
dfebac83 collected 1,965 from pot
*** SUMMARY ***
Total pot 1,965 | Rake 0 | Jackpot 0 | Bingo 0 | Fortune 0 | Tax 0
Seat 1: d2184590 (small blind) folded before Flop
Seat 2: a73bdcbc (big blind) folded before Flop
Seat 3: Hero folded before Flop
Seat 4: d1d79c9c folded before Flop
Seat 5: dfebac83 collected (1,965)
Seat 7: a045023c folded before Flop
Seat 8: ae43323b (button) folded before Flop


Poker Hand #TM5630367772: Tournament #265894761, Bounty Hunters Turbo Special $21.60 Hold'em No Limit - Level5(125/250(35)) - 2026/02/25 14:15:39
Table '27' 8-max Seat #5 is the button
Seat 1: d2184590 (9,462 in chips)
Seat 2: a73bdcbc (8,060 in chips)
Seat 3: Hero (13,197 in chips)
Seat 4: d1d79c9c (9,874 in chips)
Seat 5: dfebac83 (15,080 in chips)
Seat 6: 4e7832fc (8,538 in chips)
Seat 8: ae43323b (11,561 in chips)
d1d79c9c: posts the ante 35
Hero: posts the ante 35
ae43323b: posts the ante 35
dfebac83: posts the ante 35
d2184590: posts the ante 35
4e7832fc: posts the ante 35
a73bdcbc: posts the ante 35
4e7832fc: posts small blind 125
ae43323b: posts big blind 250
*** HOLE CARDS ***
Dealt to d2184590 
Dealt to a73bdcbc 
Dealt to Hero [Td Ad]
Dealt to d1d79c9c 
Dealt to dfebac83 
Dealt to 4e7832fc 
Dealt to ae43323b 
d2184590: folds
a73bdcbc: folds
Hero: raises 250 to 500
d1d79c9c: folds
dfebac83: folds
4e7832fc: raises 1,122 to 1,622
ae43323b: folds
Hero: raises 11,540 to 13,162 and is all-in
4e7832fc: calls 6,881 and is all-in
Uncalled bet (4,659) returned to Hero
Hero: shows [Td Ad]
4e7832fc: shows [Jd Kd]
*** FLOP *** [Th 7h Qs]
*** TURN *** [Th 7h Qs] [3s]
*** RIVER *** [Th 7h Qs 3s] [Qc]
*** SHOWDOWN ***
Hero collected 17,501 from pot
*** SUMMARY ***
Total pot 17,501 | Rake 0 | Jackpot 0 | Bingo 0 | Fortune 0 | Tax 0
Board [Th 7h Qs 3s Qc]
Seat 1: d2184590 folded before Flop
Seat 2: a73bdcbc folded before Flop
Seat 3: Hero showed [Td Ad] and won (17,501) with two pair, Queens and Tens
Seat 4: d1d79c9c folded before Flop
Seat 5: dfebac83 (button) folded before Flop
Seat 6: 4e7832fc (small blind) showed [Jd Kd] and lost with a pair of Queens
Seat 8: ae43323b (big blind) folded before Flop


Poker Hand #TM5630367768: Tournament #265894761, Bounty Hunters Turbo Special $21.60 Hold'em No Limit - Level5(125/250(35)) - 2026/02/25 14:14:38
Table '27' 8-max Seat #4 is the button
Seat 1: d2184590 (9,497 in chips)
Seat 2: a73bdcbc (8,095 in chips)
Seat 3: Hero (13,732 in chips)
Seat 4: d1d79c9c (9,909 in chips)
Seat 5: dfebac83 (9,108 in chips)
Seat 6: 4e7832fc (8,823 in chips)
Seat 7: 4f6eb10a (5,012 in chips)
Seat 8: ae43323b (11,596 in chips)
d1d79c9c: posts the ante 35
4f6eb10a: posts the ante 35
Hero: posts the ante 35
ae43323b: posts the ante 35
d2184590: posts the ante 35
dfebac83: posts the ante 35
4e7832fc: posts the ante 35
a73bdcbc: posts the ante 35
dfebac83: posts small blind 125
4e7832fc: posts big blind 250
*** HOLE CARDS ***
Dealt to d2184590 
Dealt to a73bdcbc 
Dealt to Hero [6d 7d]
Dealt to d1d79c9c 
Dealt to dfebac83 
Dealt to 4e7832fc 
Dealt to 4f6eb10a 
Dealt to ae43323b 
4f6eb10a: raises 250 to 500
ae43323b: folds
d2184590: folds
a73bdcbc: folds
Hero: calls 500
d1d79c9c: folds
dfebac83: raises 8,573 to 9,073 and is all-in
4e7832fc: folds
4f6eb10a: calls 4,477 and is all-in
Hero: folds
Uncalled bet (4,096) returned to dfebac83
dfebac83: shows [Th Td]
4f6eb10a: shows [Qs Kc]
*** FLOP *** [3c Js 8h]
*** TURN *** [3c Js 8h] [Qh]
*** RIVER *** [3c Js 8h Qh] [9h]
*** SHOWDOWN ***
dfebac83 collected 10,984 from pot
*** SUMMARY ***
Total pot 10,984 | Rake 0 | Jackpot 0 | Bingo 0 | Fortune 0 | Tax 0
Board [3c Js 8h Qh 9h]
Seat 1: d2184590 folded before Flop
Seat 2: a73bdcbc folded before Flop
Seat 3: Hero folded before Flop
Seat 4: d1d79c9c (button) folded before Flop
Seat 5: dfebac83 (small blind) showed [Th Td] and won (10,984) with a straight, Queen to Eight
Seat 6: 4e7832fc (big blind) folded before Flop
Seat 7: 4f6eb10a showed [Qs Kc] and lost with a pair of Queens
Seat 8: ae43323b folded before Flop


Poker Hand #TM5630367765: Tournament #265894761, Bounty Hunters Turbo Special $21.60 Hold'em No Limit - Level5(125/250(35)) - 2026/02/25 14:13:57
Table '27' 8-max Seat #3 is the button
Seat 1: d2184590 (9,532 in chips)
Seat 2: a73bdcbc (8,130 in chips)
Seat 3: Hero (13,767 in chips)
Seat 4: d1d79c9c (10,069 in chips)
Seat 5: dfebac83 (9,393 in chips)
Seat 6: 4e7832fc (4,119 in chips)
Seat 7: 4f6eb10a (9,131 in chips)
Seat 8: ae43323b (11,631 in chips)
4f6eb10a: posts the ante 35
d1d79c9c: posts the ante 35
Hero: posts the ante 35
ae43323b: posts the ante 35
d2184590: posts the ante 35
dfebac83: posts the ante 35
4e7832fc: posts the ante 35
a73bdcbc: posts the ante 35
d1d79c9c: posts small blind 125
dfebac83: posts big blind 250
*** HOLE CARDS ***
Dealt to d2184590 
Dealt to a73bdcbc 
Dealt to Hero [8h 3h]
Dealt to d1d79c9c 
Dealt to dfebac83 
Dealt to 4e7832fc 
Dealt to 4f6eb10a 
Dealt to ae43323b 
4e7832fc: raises 250 to 500
4f6eb10a: raises 8,596 to 9,096 and is all-in
ae43323b: folds
d2184590: folds
a73bdcbc: folds
Hero: folds
d1d79c9c: folds
dfebac83: folds
4e7832fc: calls 3,584 and is all-in
Uncalled bet (5,012) returned to 4f6eb10a
4f6eb10a: shows [8d 8c]
4e7832fc: shows [Jh Qd]
*** FLOP *** [2c Kh 5h]
*** TURN *** [2c Kh 5h] [Qs]
*** RIVER *** [2c Kh 5h Qs] [6d]
*** SHOWDOWN ***
4e7832fc collected 8,823 from pot
*** SUMMARY ***
Total pot 8,823 | Rake 0 | Jackpot 0 | Bingo 0 | Fortune 0 | Tax 0
Board [2c Kh 5h Qs 6d]
Seat 1: d2184590 folded before Flop
Seat 2: a73bdcbc folded before Flop
Seat 3: Hero (button) folded before Flop
Seat 4: d1d79c9c (small blind) folded before Flop
Seat 5: dfebac83 (big blind) folded before Flop
Seat 6: 4e7832fc showed [Jh Qd] and won (8,823) with a pair of Queens
Seat 7: 4f6eb10a showed [8d 8c] and lost with a pair of Eights
Seat 8: ae43323b folded before Flop


Poker Hand #TM5630367762: Tournament #265894761, Bounty Hunters Turbo Special $21.60 Hold'em No Limit - Level5(125/250(35)) - 2026/02/25 14:13:21
Table '27' 8-max Seat #2 is the button
Seat 1: d2184590 (9,567 in chips)
Seat 2: a73bdcbc (7,510 in chips)
Seat 3: Hero (13,927 in chips)
Seat 4: d1d79c9c (10,354 in chips)
Seat 5: dfebac83 (9,428 in chips)
Seat 6: 4e7832fc (4,154 in chips)
Seat 7: 4f6eb10a (9,166 in chips)
Seat 8: ae43323b (11,666 in chips)
4f6eb10a: posts the ante 35
d1d79c9c: posts the ante 35
ae43323b: posts the ante 35
Hero: posts the ante 35
d2184590: posts the ante 35
dfebac83: posts the ante 35
4e7832fc: posts the ante 35
a73bdcbc: posts the ante 35
Hero: posts small blind 125
d1d79c9c: posts big blind 250
*** HOLE CARDS ***
Dealt to d2184590 
Dealt to a73bdcbc 
Dealt to Hero [8s 3s]
Dealt to d1d79c9c 
Dealt to dfebac83 
Dealt to 4e7832fc 
Dealt to 4f6eb10a 
Dealt to ae43323b 
dfebac83: folds
4e7832fc: folds
4f6eb10a: folds
ae43323b: folds
d2184590: folds
a73bdcbc: raises 250 to 500
Hero: folds
d1d79c9c: folds
Uncalled bet (250) returned to a73bdcbc
*** SHOWDOWN ***
a73bdcbc collected 905 from pot
*** SUMMARY ***
Total pot 905 | Rake 0 | Jackpot 0 | Bingo 0 | Fortune 0 | Tax 0
Seat 1: d2184590 folded before Flop
Seat 2: a73bdcbc (button) collected (905)
Seat 3: Hero (small blind) folded before Flop
Seat 4: d1d79c9c (big blind) folded before Flop
Seat 5: dfebac83 folded before Flop
Seat 6: 4e7832fc folded before Flop
Seat 7: 4f6eb10a folded before Flop
Seat 8: ae43323b folded before Flop


Poker Hand #TM5630367757: Tournament #265894761, Bounty Hunters Turbo Special $21.60 Hold'em No Limit - Level5(125/250(35)) - 2026/02/25 14:11:49
Table '27' 8-max Seat #1 is the button
Seat 1: d2184590 (9,602 in chips)
Seat 2: a73bdcbc (7,670 in chips)
Seat 3: Hero (14,212 in chips)
Seat 4: d1d79c9c (10,389 in chips)
Seat 5: dfebac83 (9,463 in chips)
Seat 6: 4e7832fc (6,611 in chips)
Seat 7: 4f6eb10a (9,201 in chips)
Seat 8: ae43323b (8,624 in chips)
4f6eb10a: posts the ante 35
d1d79c9c: posts the ante 35
ae43323b: posts the ante 35
Hero: posts the ante 35
d2184590: posts the ante 35
dfebac83: posts the ante 35
4e7832fc: posts the ante 35
a73bdcbc: posts the ante 35
a73bdcbc: posts small blind 125
Hero: posts big blind 250
*** HOLE CARDS ***
Dealt to d2184590 
Dealt to a73bdcbc 
Dealt to Hero [2c 3h]
Dealt to d1d79c9c 
Dealt to dfebac83 
Dealt to 4e7832fc 
Dealt to 4f6eb10a 
Dealt to ae43323b 
d1d79c9c: folds
dfebac83: folds
4e7832fc: raises 250 to 500
4f6eb10a: folds
ae43323b: calls 500
d2184590: folds
a73bdcbc: folds
Hero: folds
*** FLOP *** [Js Jd Qs]
4e7832fc: checks
ae43323b: bets 547
4e7832fc: calls 547
*** TURN *** [Js Jd Qs] [9c]
4e7832fc: checks
ae43323b: bets 1,375
4e7832fc: calls 1,375
*** RIVER *** [Js Jd Qs 9c] [6c]
4e7832fc: checks
ae43323b: bets 6,167 and is all-in
4e7832fc: folds
Uncalled bet (6,167) returned to ae43323b
*** SHOWDOWN ***
ae43323b collected 5,499 from pot
*** SUMMARY ***
Total pot 5,499 | Rake 0 | Jackpot 0 | Bingo 0 | Fortune 0 | Tax 0
Board [Js Jd Qs 9c 6c]
Seat 1: d2184590 (button) folded before Flop
Seat 2: a73bdcbc (small blind) folded before Flop
Seat 3: Hero (big blind) folded before Flop
Seat 4: d1d79c9c folded before Flop
Seat 5: dfebac83 folded before Flop
Seat 6: 4e7832fc folded on the River
Seat 7: 4f6eb10a folded before Flop
Seat 8: ae43323b won (5,499)


Poker Hand #TM5630367755: Tournament #265894761, Bounty Hunters Turbo Special $21.60 Hold'em No Limit - Level5(125/250(35)) - 2026/02/25 14:11:13
Table '27' 8-max Seat #8 is the button
Seat 1: d2184590 (10,137 in chips)
Seat 2: a73bdcbc (6,925 in chips)
Seat 3: Hero (14,247 in chips)
Seat 4: d1d79c9c (10,424 in chips)
Seat 5: dfebac83 (9,498 in chips)
Seat 6: 4e7832fc (6,646 in chips)
Seat 7: 4f6eb10a (9,236 in chips)
Seat 8: ae43323b (8,659 in chips)
4f6eb10a: posts the ante 35
d1d79c9c: posts the ante 35
ae43323b: posts the ante 35
Hero: posts the ante 35
dfebac83: posts the ante 35
d2184590: posts the ante 35
4e7832fc: posts the ante 35
a73bdcbc: posts the ante 35
d2184590: posts small blind 125
a73bdcbc: posts big blind 250
*** HOLE CARDS ***
Dealt to d2184590 
Dealt to a73bdcbc 
Dealt to Hero [5c 4s]
Dealt to d1d79c9c 
Dealt to dfebac83 
Dealt to 4e7832fc 
Dealt to 4f6eb10a 
Dealt to ae43323b 
Hero: folds
d1d79c9c: folds
dfebac83: folds
4e7832fc: folds
4f6eb10a: folds
ae43323b: folds
d2184590: calls 125
a73bdcbc: checks
*** FLOP *** [6c Jc 2h]
d2184590: bets 250
a73bdcbc: raises 564 to 814
d2184590: folds
Uncalled bet (564) returned to a73bdcbc
*** SHOWDOWN ***
a73bdcbc collected 1,280 from pot
*** SUMMARY ***
Total pot 1,280 | Rake 0 | Jackpot 0 | Bingo 0 | Fortune 0 | Tax 0
Board [6c Jc 2h]
Seat 1: d2184590 (small blind) folded on the Flop
Seat 2: a73bdcbc (big blind) won (1,280)
Seat 3: Hero folded before Flop
Seat 4: d1d79c9c folded before Flop
Seat 5: dfebac83 folded before Flop
Seat 6: 4e7832fc folded before Flop
Seat 7: 4f6eb10a folded before Flop
Seat 8: ae43323b (button) folded before Flop


Poker Hand #TM5630367753: Tournament #265894761, Bounty Hunters Turbo Special $21.60 Hold'em No Limit - Level5(125/250(35)) - 2026/02/25 14:10:23
Table '27' 8-max Seat #7 is the button
Seat 1: d2184590 (10,672 in chips)
Seat 2: a73bdcbc (6,960 in chips)
Seat 3: Hero (12,248 in chips)
Seat 4: d1d79c9c (10,459 in chips)
Seat 5: dfebac83 (9,533 in chips)
Seat 6: 4e7832fc (6,681 in chips)
Seat 7: 4f6eb10a (10,400 in chips)
Seat 8: ae43323b (8,819 in chips)
4f6eb10a: posts the ante 35
d1d79c9c: posts the ante 35
Hero: posts the ante 35
ae43323b: posts the ante 35
dfebac83: posts the ante 35
d2184590: posts the ante 35
4e7832fc: posts the ante 35
a73bdcbc: posts the ante 35
ae43323b: posts small blind 125
d2184590: posts big blind 250
*** HOLE CARDS ***
Dealt to d2184590 
Dealt to a73bdcbc 
Dealt to Hero [9c Ac]
Dealt to d1d79c9c 
Dealt to dfebac83 
Dealt to 4e7832fc 
Dealt to 4f6eb10a 
Dealt to ae43323b 
a73bdcbc: folds
Hero: raises 250 to 500
d1d79c9c: folds
dfebac83: folds
4e7832fc: folds
4f6eb10a: calls 500
ae43323b: folds
d2184590: calls 250
*** FLOP *** [4d Kc 5d]
d2184590: checks
Hero: bets 629
4f6eb10a: calls 629
d2184590: folds
*** TURN *** [4d Kc 5d] [4s]
Hero: bets 1,832
4f6eb10a: folds
Uncalled bet (1,832) returned to Hero
*** SHOWDOWN ***
Hero collected 3,163 from pot
*** SUMMARY ***
Total pot 3,163 | Rake 0 | Jackpot 0 | Bingo 0 | Fortune 0 | Tax 0
Board [4d Kc 5d 4s]
Seat 1: d2184590 (big blind) folded on the Flop
Seat 2: a73bdcbc folded before Flop
Seat 3: Hero won (3,163)
Seat 4: d1d79c9c folded before Flop
Seat 5: dfebac83 folded before Flop
Seat 6: 4e7832fc folded before Flop
Seat 7: 4f6eb10a (button) folded on the Turn
Seat 8: ae43323b (small blind) folded before Flop


Poker Hand #TM5630367750: Tournament #265894761, Bounty Hunters Turbo Special $21.60 Hold'em No Limit - Level5(125/250(35)) - 2026/02/25 14:09:47
Table '27' 8-max Seat #6 is the button
Seat 1: d2184590 (10,707 in chips)
Seat 2: a73bdcbc (6,995 in chips)
Seat 3: Hero (12,283 in chips)
Seat 4: d1d79c9c (10,494 in chips)
Seat 5: dfebac83 (9,568 in chips)
Seat 6: 4e7832fc (7,216 in chips)
Seat 7: 4f6eb10a (9,405 in chips)
Seat 8: ae43323b (9,104 in chips)
d1d79c9c: posts the ante 35
4f6eb10a: posts the ante 35
Hero: posts the ante 35
ae43323b: posts the ante 35
dfebac83: posts the ante 35
d2184590: posts the ante 35
4e7832fc: posts the ante 35
a73bdcbc: posts the ante 35
4f6eb10a: posts small blind 125
ae43323b: posts big blind 250
*** HOLE CARDS ***
Dealt to d2184590 
Dealt to a73bdcbc 
Dealt to Hero [8c Ah]
Dealt to d1d79c9c 
Dealt to dfebac83 
Dealt to 4e7832fc 
Dealt to 4f6eb10a 
Dealt to ae43323b 
d2184590: folds
a73bdcbc: folds
Hero: folds
d1d79c9c: folds
dfebac83: folds
4e7832fc: raises 250 to 500
4f6eb10a: raises 8,870 to 9,370 and is all-in
ae43323b: folds
4e7832fc: folds
Uncalled bet (8,870) returned to 4f6eb10a
*** SHOWDOWN ***
4f6eb10a collected 1,530 from pot
*** SUMMARY ***
Total pot 1,530 | Rake 0 | Jackpot 0 | Bingo 0 | Fortune 0 | Tax 0
Seat 1: d2184590 folded before Flop
Seat 2: a73bdcbc folded before Flop
Seat 3: Hero folded before Flop
Seat 4: d1d79c9c folded before Flop
Seat 5: dfebac83 folded before Flop
Seat 6: 4e7832fc (button) folded before Flop
Seat 7: 4f6eb10a (small blind) collected (1,530)
Seat 8: ae43323b (big blind) folded before Flop


Poker Hand #TM5630367747: Tournament #265894761, Bounty Hunters Turbo Special $21.60 Hold'em No Limit - Level5(125/250(35)) - 2026/02/25 14:08:59
Table '27' 8-max Seat #5 is the button
Seat 1: d2184590 (10,742 in chips)
Seat 2: a73bdcbc (7,030 in chips)
Seat 3: Hero (12,318 in chips)
Seat 4: d1d79c9c (10,529 in chips)
Seat 5: dfebac83 (8,323 in chips)
Seat 6: 4e7832fc (7,751 in chips)
Seat 7: 4f6eb10a (9,940 in chips)
Seat 8: ae43323b (9,139 in chips)
d1d79c9c: posts the ante 35
4f6eb10a: posts the ante 35
Hero: posts the ante 35
ae43323b: posts the ante 35
dfebac83: posts the ante 35
d2184590: posts the ante 35
4e7832fc: posts the ante 35
a73bdcbc: posts the ante 35
4e7832fc: posts small blind 125
4f6eb10a: posts big blind 250
*** HOLE CARDS ***
Dealt to d2184590 
Dealt to a73bdcbc 
Dealt to Hero [Th Jd]
Dealt to d1d79c9c 
Dealt to dfebac83 
Dealt to 4e7832fc 
Dealt to 4f6eb10a 
Dealt to ae43323b 
ae43323b: folds
d2184590: folds
a73bdcbc: folds
Hero: folds
d1d79c9c: folds
dfebac83: raises 250 to 500
4e7832fc: calls 375
4f6eb10a: calls 250
*** FLOP *** [Td Qh 3s]
4e7832fc: checks
4f6eb10a: checks
dfebac83: bets 445
4e7832fc: folds
4f6eb10a: folds
Uncalled bet (445) returned to dfebac83
*** SHOWDOWN ***
dfebac83 collected 1,780 from pot
*** SUMMARY ***
Total pot 1,780 | Rake 0 | Jackpot 0 | Bingo 0 | Fortune 0 | Tax 0
Board [Td Qh 3s]
Seat 1: d2184590 folded before Flop
Seat 2: a73bdcbc folded before Flop
Seat 3: Hero folded before Flop
Seat 4: d1d79c9c folded before Flop
Seat 5: dfebac83 (button) won (1,780)
Seat 6: 4e7832fc (small blind) folded on the Flop
Seat 7: 4f6eb10a (big blind) folded on the Flop
Seat 8: ae43323b folded before Flop


Poker Hand #TM5630367741: Tournament #265894761, Bounty Hunters Turbo Special $21.60 Hold'em No Limit - Level4(100/200(30)) - 2026/02/25 14:07:28
Table '27' 8-max Seat #4 is the button
Seat 1: d2184590 (9,655 in chips)
Seat 2: a73bdcbc (7,060 in chips)
Seat 3: Hero (12,348 in chips)
Seat 4: d1d79c9c (10,559 in chips)
Seat 5: dfebac83 (8,453 in chips)
Seat 6: 4e7832fc (8,558 in chips)
Seat 7: 4f6eb10a (9,970 in chips)
Seat 8: ae43323b (9,169 in chips)
d1d79c9c: posts the ante 30
4f6eb10a: posts the ante 30
Hero: posts the ante 30
ae43323b: posts the ante 30
d2184590: posts the ante 30
dfebac83: posts the ante 30
4e7832fc: posts the ante 30
a73bdcbc: posts the ante 30
dfebac83: posts small blind 100
4e7832fc: posts big blind 200
*** HOLE CARDS ***
Dealt to d2184590 
Dealt to a73bdcbc 
Dealt to Hero [Ts 9d]
Dealt to d1d79c9c 
Dealt to dfebac83 
Dealt to 4e7832fc 
Dealt to 4f6eb10a 
Dealt to ae43323b 
4f6eb10a: folds
ae43323b: folds
d2184590: calls 200
a73bdcbc: folds
Hero: folds
d1d79c9c: folds
dfebac83: folds
4e7832fc: checks
*** FLOP *** [As 3c Qc]
4e7832fc: checks
d2184590: bets 200
4e7832fc: calls 200
*** TURN *** [As 3c Qc] [9h]
4e7832fc: checks
d2184590: bets 377
4e7832fc: calls 377
*** RIVER *** [As 3c Qc 9h] [9s]
4e7832fc: checks
d2184590: checks
4e7832fc: shows [8d 3h] (two pair, Nines and Threes)
d2184590: shows [Th Qh] (two pair, Queens and Nines)
*** SHOWDOWN ***
d2184590 collected 1,894 from pot
*** SUMMARY ***
Total pot 1,894 | Rake 0 | Jackpot 0 | Bingo 0 | Fortune 0 | Tax 0
Board [As 3c Qc 9h 9s]
Seat 1: d2184590 showed [Th Qh] and won (1,894) with two pair, Queens and Nines
Seat 2: a73bdcbc folded before Flop
Seat 3: Hero folded before Flop
Seat 4: d1d79c9c (button) folded before Flop
Seat 5: dfebac83 (small blind) folded before Flop
Seat 6: 4e7832fc (big blind) showed [8d 3h] and lost with two pair, Nines and Threes
Seat 7: 4f6eb10a folded before Flop
Seat 8: ae43323b folded before Flop


Poker Hand #TM5630367737: Tournament #265894761, Bounty Hunters Turbo Special $21.60 Hold'em No Limit - Level4(100/200(30)) - 2026/02/25 14:06:49
Table '27' 8-max Seat #3 is the button
Seat 1: d2184590 (9,145 in chips)
Seat 2: a73bdcbc (7,090 in chips)
Seat 3: Hero (12,378 in chips)
Seat 4: d1d79c9c (10,689 in chips)
Seat 5: dfebac83 (8,683 in chips)
Seat 6: 4e7832fc (8,588 in chips)
Seat 7: 4f6eb10a (10,000 in chips)
Seat 8: ae43323b (9,199 in chips)
4f6eb10a: posts the ante 30
d1d79c9c: posts the ante 30
Hero: posts the ante 30
ae43323b: posts the ante 30
d2184590: posts the ante 30
dfebac83: posts the ante 30
4e7832fc: posts the ante 30
a73bdcbc: posts the ante 30
d1d79c9c: posts small blind 100
dfebac83: posts big blind 200
*** HOLE CARDS ***
Dealt to d2184590 
Dealt to a73bdcbc 
Dealt to Hero [5c Js]
Dealt to d1d79c9c 
Dealt to dfebac83 
Dealt to 4e7832fc 
Dealt to 4f6eb10a 
Dealt to ae43323b 
4e7832fc: folds
4f6eb10a: folds
ae43323b: folds
d2184590: raises 200 to 400
a73bdcbc: folds
Hero: folds
d1d79c9c: folds
dfebac83: folds
Uncalled bet (200) returned to d2184590
*** SHOWDOWN ***
d2184590 collected 740 from pot
*** SUMMARY ***
Total pot 740 | Rake 0 | Jackpot 0 | Bingo 0 | Fortune 0 | Tax 0
Seat 1: d2184590 collected (740)
Seat 2: a73bdcbc folded before Flop
Seat 3: Hero (button) folded before Flop
Seat 4: d1d79c9c (small blind) folded before Flop
Seat 5: dfebac83 (big blind) folded before Flop
Seat 6: 4e7832fc folded before Flop
Seat 7: 4f6eb10a folded before Flop
Seat 8: ae43323b folded before Flop


Poker Hand #TM5630367735: Tournament #265894761, Bounty Hunters Turbo Special $21.60 Hold'em No Limit - Level4(100/200(30)) - 2026/02/25 14:06:04
Table '27' 8-max Seat #2 is the button
Seat 1: d2184590 (9,175 in chips)
Seat 2: a73bdcbc (7,120 in chips)
Seat 3: Hero (12,508 in chips)
Seat 4: d1d79c9c (10,919 in chips)
Seat 5: dfebac83 (9,113 in chips)
Seat 6: 4e7832fc (7,678 in chips)
Seat 7: 4f6eb10a (10,030 in chips)
Seat 8: ae43323b (9,229 in chips)
4f6eb10a: posts the ante 30
d1d79c9c: posts the ante 30
ae43323b: posts the ante 30
Hero: posts the ante 30
d2184590: posts the ante 30
dfebac83: posts the ante 30
4e7832fc: posts the ante 30
a73bdcbc: posts the ante 30
Hero: posts small blind 100
d1d79c9c: posts big blind 200
*** HOLE CARDS ***
Dealt to d2184590 
Dealt to a73bdcbc 
Dealt to Hero [6d 7s]
Dealt to d1d79c9c 
Dealt to dfebac83 
Dealt to 4e7832fc 
Dealt to 4f6eb10a 
Dealt to ae43323b 
dfebac83: raises 200 to 400
4e7832fc: raises 1,700 to 2,100
4f6eb10a: folds
ae43323b: folds
d2184590: folds
a73bdcbc: folds
Hero: folds
d1d79c9c: folds
dfebac83: folds
Uncalled bet (1,700) returned to 4e7832fc
*** SHOWDOWN ***
4e7832fc collected 1,340 from pot
*** SUMMARY ***
Total pot 1,340 | Rake 0 | Jackpot 0 | Bingo 0 | Fortune 0 | Tax 0
Seat 1: d2184590 folded before Flop
Seat 2: a73bdcbc (button) folded before Flop
Seat 3: Hero (small blind) folded before Flop
Seat 4: d1d79c9c (big blind) folded before Flop
Seat 5: dfebac83 folded before Flop
Seat 6: 4e7832fc collected (1,340)
Seat 7: 4f6eb10a folded before Flop
Seat 8: ae43323b folded before Flop


Poker Hand #TM5630367729: Tournament #265894761, Bounty Hunters Turbo Special $21.60 Hold'em No Limit - Level4(100/200(30)) - 2026/02/25 14:05:08
Table '27' 8-max Seat #1 is the button
Seat 1: d2184590 (9,205 in chips)
Seat 2: a73bdcbc (7,250 in chips)
Seat 3: Hero (10,000 in chips)
Seat 4: d1d79c9c (10,949 in chips)
Seat 5: dfebac83 (9,143 in chips)
Seat 6: 4e7832fc (7,708 in chips)
Seat 7: 4f6eb10a (10,060 in chips)
Seat 8: ae43323b (11,457 in chips)
4f6eb10a: posts the ante 30
d1d79c9c: posts the ante 30
ae43323b: posts the ante 30
Hero: posts the ante 30
d2184590: posts the ante 30
dfebac83: posts the ante 30
4e7832fc: posts the ante 30
a73bdcbc: posts the ante 30
a73bdcbc: posts small blind 100
Hero: posts big blind 200
*** HOLE CARDS ***
Dealt to d2184590 
Dealt to a73bdcbc 
Dealt to Hero [7s 6s]
Dealt to d1d79c9c 
Dealt to dfebac83 
Dealt to 4e7832fc 
Dealt to 4f6eb10a 
Dealt to ae43323b 
d1d79c9c: folds
dfebac83: folds
4e7832fc: folds
4f6eb10a: folds
ae43323b: raises 200 to 400
d2184590: folds
a73bdcbc: folds
Hero: calls 200
*** FLOP *** [6h 5h 8d]
Hero: checks
ae43323b: bets 377
Hero: calls 377
*** TURN *** [6h 5h 8d] [2d]
Hero: checks
ae43323b: bets 1,421
Hero: calls 1,421
*** RIVER *** [6h 5h 8d 2d] [9h]
Hero: bets 3,552
ae43323b: folds
Uncalled bet (3,552) returned to Hero
*** SHOWDOWN ***
Hero collected 4,736 from pot
*** SUMMARY ***
Total pot 4,736 | Rake 0 | Jackpot 0 | Bingo 0 | Fortune 0 | Tax 0
Board [6h 5h 8d 2d 9h]
Seat 1: d2184590 (button) folded before Flop
Seat 2: a73bdcbc (small blind) folded before Flop
Seat 3: Hero (big blind) won (4,736)
Seat 4: d1d79c9c folded before Flop
Seat 5: dfebac83 folded before Flop
Seat 6: 4e7832fc folded before Flop
Seat 7: 4f6eb10a folded before Flop
Seat 8: ae43323b folded on the River


