Poker Hand #TM5642567341: Tournament #266375414, APL Series: ¥88 Zodiac Lucky Eights Bounty + Rabbit Hold'em No Limit - Level13(400/800(100)) - 2026/02/28 20:49:43
Table '33' 8-max Seat #1 is the button
Seat 1: 53d78f06 (49,770 in chips)
Seat 2: 4cfe9444 (76,360 in chips)
Seat 3: Hero (31,265 in chips)
Seat 4: 3c2fd4b5 (43,667 in chips)
Seat 6: 4e7bc2ed (41,960 in chips)
Seat 7: ccf65cc1 (23,265 in chips)
Seat 8: ba7abbaf (25,522 in chips)
Hero: posts the ante 100
ccf65cc1: posts the ante 100
4e7bc2ed: posts the ante 100
3c2fd4b5: posts the ante 100
4cfe9444: posts the ante 100
ba7abbaf: posts the ante 100
53d78f06: posts the ante 100
4cfe9444: posts small blind 400
Hero: posts big blind 800
*** HOLE CARDS ***
Dealt to 53d78f06 
Dealt to 4cfe9444 
Dealt to Hero [Js Ts]
Dealt to 3c2fd4b5 
Dealt to 4e7bc2ed 
Dealt to ccf65cc1 
Dealt to ba7abbaf 
3c2fd4b5: folds
4e7bc2ed: folds
ccf65cc1: folds
ba7abbaf: folds
53d78f06: folds
4cfe9444: raises 75,460 to 76,260 and is all-in
Hero: calls 30,365 and is all-in
Uncalled bet (45,095) returned to 4cfe9444
4cfe9444: shows [Ks Ad]
Hero: shows [Js Ts]
*** FLOP *** [6h 5c Kc]
*** TURN *** [6h 5c Kc] [2h]
*** RIVER *** [6h 5c Kc 2h] [8d]
*** SHOWDOWN ***
4cfe9444 collected 63,030 from pot
*** SUMMARY ***
Total pot 63,030 | Rake 0 | Jackpot 0 | Bingo 0 | Fortune 0 | Tax 0
Board [6h 5c Kc 2h 8d]
Seat 1: 53d78f06 (button) folded before Flop
Seat 2: 4cfe9444 (small blind) showed [Ks Ad] and won (63,030) with a pair of Kings
Seat 3: Hero (big blind) showed [Js Ts] and lost with King high
Seat 4: 3c2fd4b5 folded before Flop
Seat 6: 4e7bc2ed folded before Flop
Seat 7: ccf65cc1 folded before Flop
Seat 8: ba7abbaf folded before Flop


Poker Hand #TM5642567329: Tournament #266375414, APL Series: ¥88 Zodiac Lucky Eights Bounty + Rabbit Hold'em No Limit - Level13(400/800(100)) - 2026/02/28 20:48:59
Table '33' 8-max Seat #8 is the button
Seat 1: 53d78f06 (50,270 in chips)
Seat 2: 4cfe9444 (77,260 in chips)
Seat 3: Hero (37,365 in chips)
Seat 4: 3c2fd4b5 (43,767 in chips)
Seat 5: a606caae (25,355 in chips)
Seat 6: 4e7bc2ed (34,060 in chips)
Seat 7: ccf65cc1 (23,365 in chips)
Seat 8: ba7abbaf (25,622 in chips)
Hero: posts the ante 100
ccf65cc1: posts the ante 100
4e7bc2ed: posts the ante 100
a606caae: posts the ante 100
3c2fd4b5: posts the ante 100
4cfe9444: posts the ante 100
ba7abbaf: posts the ante 100
53d78f06: posts the ante 100
53d78f06: posts small blind 400
4cfe9444: posts big blind 800
*** HOLE CARDS ***
Dealt to 53d78f06 
Dealt to 4cfe9444 
Dealt to Hero [5h Ah]
Dealt to 3c2fd4b5 
Dealt to a606caae 
Dealt to 4e7bc2ed 
Dealt to ccf65cc1 
Dealt to ba7abbaf 
Hero: raises 800 to 1,600
3c2fd4b5: folds
a606caae: folds
4e7bc2ed: raises 4,400 to 6,000
ccf65cc1: folds
ba7abbaf: folds
53d78f06: folds
4cfe9444: folds
Hero: calls 4,400
*** FLOP *** [Ts 7d 3h]
Hero: checks
4e7bc2ed: bets 5,880
Hero: folds
Uncalled bet (5,880) returned to 4e7bc2ed
*** SHOWDOWN ***
4e7bc2ed collected 14,000 from pot
*** SUMMARY ***
Total pot 14,000 | Rake 0 | Jackpot 0 | Bingo 0 | Fortune 0 | Tax 0
Board [Ts 7d 3h]
Seat 1: 53d78f06 (small blind) folded before Flop
Seat 2: 4cfe9444 (big blind) folded before Flop
Seat 3: Hero folded on the Flop
Seat 4: 3c2fd4b5 folded before Flop
Seat 5: a606caae folded before Flop
Seat 6: 4e7bc2ed won (14,000)
Seat 7: ccf65cc1 folded before Flop
Seat 8: ba7abbaf (button) folded before Flop


Poker Hand #TM5642567313: Tournament #266375414, APL Series: ¥88 Zodiac Lucky Eights Bounty + Rabbit Hold'em No Limit - Level13(400/800(100)) - 2026/02/28 20:48:23
Table '33' 8-max Seat #7 is the button
Seat 1: 53d78f06 (51,170 in chips)
Seat 2: 4cfe9444 (77,360 in chips)
Seat 3: Hero (37,465 in chips)
Seat 4: 3c2fd4b5 (43,867 in chips)
Seat 5: a606caae (27,055 in chips)
Seat 6: 4e7bc2ed (34,160 in chips)
Seat 7: ccf65cc1 (23,465 in chips)
Seat 8: ba7abbaf (22,522 in chips)
Hero: posts the ante 100
ccf65cc1: posts the ante 100
4e7bc2ed: posts the ante 100
a606caae: posts the ante 100
3c2fd4b5: posts the ante 100
4cfe9444: posts the ante 100
ba7abbaf: posts the ante 100
53d78f06: posts the ante 100
ba7abbaf: posts small blind 400
53d78f06: posts big blind 800
*** HOLE CARDS ***
Dealt to 53d78f06 
Dealt to 4cfe9444 
Dealt to Hero [9h 5d]
Dealt to 3c2fd4b5 
Dealt to a606caae 
Dealt to 4e7bc2ed 
Dealt to ccf65cc1 
Dealt to ba7abbaf 
4cfe9444: folds
Hero: folds
3c2fd4b5: folds
a606caae: raises 800 to 1,600
4e7bc2ed: folds
ccf65cc1: folds
ba7abbaf: raises 20,822 to 22,422 and is all-in
53d78f06: folds
a606caae: folds
Uncalled bet (20,822) returned to ba7abbaf
*** SHOWDOWN ***
ba7abbaf collected 4,800 from pot
*** SUMMARY ***
Total pot 4,800 | Rake 0 | Jackpot 0 | Bingo 0 | Fortune 0 | Tax 0
Seat 1: 53d78f06 (big blind) folded before Flop
Seat 2: 4cfe9444 folded before Flop
Seat 3: Hero folded before Flop
Seat 4: 3c2fd4b5 folded before Flop
Seat 5: a606caae folded before Flop
Seat 6: 4e7bc2ed folded before Flop
Seat 7: ccf65cc1 (button) folded before Flop
Seat 8: ba7abbaf (small blind) collected (4,800)


Poker Hand #TM5642567298: Tournament #266375414, APL Series: ¥88 Zodiac Lucky Eights Bounty + Rabbit Hold'em No Limit - Level13(400/800(100)) - 2026/02/28 20:47:25
Table '33' 8-max Seat #6 is the button
Seat 1: 53d78f06 (51,270 in chips)
Seat 2: 4cfe9444 (77,460 in chips)
Seat 3: Hero (37,565 in chips)
Seat 4: 3c2fd4b5 (47,151 in chips)
Seat 5: a606caae (27,155 in chips)
Seat 6: 4e7bc2ed (34,260 in chips)
Seat 7: ccf65cc1 (18,781 in chips)
Seat 8: ba7abbaf (23,422 in chips)
Hero: posts the ante 100
4e7bc2ed: posts the ante 100
a606caae: posts the ante 100
ccf65cc1: posts the ante 100
3c2fd4b5: posts the ante 100
4cfe9444: posts the ante 100
ba7abbaf: posts the ante 100
53d78f06: posts the ante 100
ccf65cc1: posts small blind 400
ba7abbaf: posts big blind 800
*** HOLE CARDS ***
Dealt to 53d78f06 
Dealt to 4cfe9444 
Dealt to Hero [9c Js]
Dealt to 3c2fd4b5 
Dealt to a606caae 
Dealt to 4e7bc2ed 
Dealt to ccf65cc1 
Dealt to ba7abbaf 
53d78f06: folds
4cfe9444: folds
Hero: folds
3c2fd4b5: raises 800 to 1,600
a606caae: folds
4e7bc2ed: folds
ccf65cc1: calls 1,200
ba7abbaf: folds
*** FLOP *** [7s Ad Qc]
ccf65cc1: bets 1,584
3c2fd4b5: calls 1,584
*** TURN *** [7s Ad Qc] [7d]
ccf65cc1: bets 2,630
3c2fd4b5: folds
Uncalled bet (2,630) returned to ccf65cc1
*** SHOWDOWN ***
ccf65cc1 collected 7,968 from pot
*** SUMMARY ***
Total pot 7,968 | Rake 0 | Jackpot 0 | Bingo 0 | Fortune 0 | Tax 0
Board [7s Ad Qc 7d]
Seat 1: 53d78f06 folded before Flop
Seat 2: 4cfe9444 folded before Flop
Seat 3: Hero folded before Flop
Seat 4: 3c2fd4b5 folded on the Turn
Seat 5: a606caae folded before Flop
Seat 6: 4e7bc2ed (button) folded before Flop
Seat 7: ccf65cc1 (small blind) won (7,968)
Seat 8: ba7abbaf (big blind) folded before Flop


Poker Hand #TM5642567292: Tournament #266375414, APL Series: ¥88 Zodiac Lucky Eights Bounty + Rabbit Hold'em No Limit - Level13(400/800(100)) - 2026/02/28 20:46:56
Table '33' 8-max Seat #5 is the button
Seat 1: 53d78f06 (48,570 in chips)
Seat 2: 4cfe9444 (77,560 in chips)
Seat 3: Hero (37,665 in chips)
Seat 4: 3c2fd4b5 (47,251 in chips)
Seat 5: a606caae (27,255 in chips)
Seat 6: 4e7bc2ed (34,760 in chips)
Seat 7: ccf65cc1 (20,481 in chips)
Seat 8: ba7abbaf (23,522 in chips)
Hero: posts the ante 100
a606caae: posts the ante 100
ccf65cc1: posts the ante 100
4e7bc2ed: posts the ante 100
3c2fd4b5: posts the ante 100
4cfe9444: posts the ante 100
ba7abbaf: posts the ante 100
53d78f06: posts the ante 100
4e7bc2ed: posts small blind 400
ccf65cc1: posts big blind 800
*** HOLE CARDS ***
Dealt to 53d78f06 
Dealt to 4cfe9444 
Dealt to Hero [3d 4s]
Dealt to 3c2fd4b5 
Dealt to a606caae 
Dealt to 4e7bc2ed 
Dealt to ccf65cc1 
Dealt to ba7abbaf 
ba7abbaf: folds
53d78f06: raises 800 to 1,600
4cfe9444: folds
Hero: folds
3c2fd4b5: folds
a606caae: folds
4e7bc2ed: folds
ccf65cc1: calls 800
*** FLOP *** [Js Jh 8c]
ccf65cc1: checks
53d78f06: bets 1,452
ccf65cc1: folds
Uncalled bet (1,452) returned to 53d78f06
*** SHOWDOWN ***
53d78f06 collected 4,400 from pot
*** SUMMARY ***
Total pot 4,400 | Rake 0 | Jackpot 0 | Bingo 0 | Fortune 0 | Tax 0
Board [Js Jh 8c]
Seat 1: 53d78f06 won (4,400)
Seat 2: 4cfe9444 folded before Flop
Seat 3: Hero folded before Flop
Seat 4: 3c2fd4b5 folded before Flop
Seat 5: a606caae (button) folded before Flop
Seat 6: 4e7bc2ed (small blind) folded before Flop
Seat 7: ccf65cc1 (big blind) folded on the Flop
Seat 8: ba7abbaf folded before Flop


Poker Hand #TM5642567280: Tournament #266375414, APL Series: ¥88 Zodiac Lucky Eights Bounty + Rabbit Hold'em No Limit - Level13(400/800(100)) - 2026/02/28 20:46:18
Table '33' 8-max Seat #4 is the button
Seat 1: 53d78f06 (48,670 in chips)
Seat 2: 4cfe9444 (74,460 in chips)
Seat 3: Hero (37,765 in chips)
Seat 4: 3c2fd4b5 (47,351 in chips)
Seat 5: a606caae (28,955 in chips)
Seat 6: 4e7bc2ed (35,660 in chips)
Seat 7: ccf65cc1 (20,581 in chips)
Seat 8: ba7abbaf (23,622 in chips)
Hero: posts the ante 100
ccf65cc1: posts the ante 100
4e7bc2ed: posts the ante 100
a606caae: posts the ante 100
3c2fd4b5: posts the ante 100
4cfe9444: posts the ante 100
ba7abbaf: posts the ante 100
53d78f06: posts the ante 100
a606caae: posts small blind 400
4e7bc2ed: posts big blind 800
*** HOLE CARDS ***
Dealt to 53d78f06 
Dealt to 4cfe9444 
Dealt to Hero [5c Ad]
Dealt to 3c2fd4b5 
Dealt to a606caae 
Dealt to 4e7bc2ed 
Dealt to ccf65cc1 
Dealt to ba7abbaf 
ccf65cc1: folds
ba7abbaf: folds
53d78f06: folds
4cfe9444: raises 800 to 1,600
Hero: folds
3c2fd4b5: folds
a606caae: calls 1,200
4e7bc2ed: folds
*** FLOP *** [8c 3s Tc]
a606caae: checks
4cfe9444: bets 2,400
a606caae: folds
Uncalled bet (2,400) returned to 4cfe9444
*** SHOWDOWN ***
4cfe9444 collected 4,800 from pot
*** SUMMARY ***
Total pot 4,800 | Rake 0 | Jackpot 0 | Bingo 0 | Fortune 0 | Tax 0
Board [8c 3s Tc]
Seat 1: 53d78f06 folded before Flop
Seat 2: 4cfe9444 won (4,800)
Seat 3: Hero folded before Flop
Seat 4: 3c2fd4b5 (button) folded before Flop
Seat 5: a606caae (small blind) folded on the Flop
Seat 6: 4e7bc2ed (big blind) folded before Flop
Seat 7: ccf65cc1 folded before Flop
Seat 8: ba7abbaf folded before Flop


Poker Hand #TM5642567270: Tournament #266375414, APL Series: ¥88 Zodiac Lucky Eights Bounty + Rabbit Hold'em No Limit - Level13(400/800(100)) - 2026/02/28 20:45:43
Table '33' 8-max Seat #3 is the button
Seat 1: 53d78f06 (48,770 in chips)
Seat 2: 4cfe9444 (79,510 in chips)
Seat 3: Hero (31,015 in chips)
Seat 4: 3c2fd4b5 (47,851 in chips)
Seat 5: a606caae (29,855 in chips)
Seat 6: 4e7bc2ed (35,760 in chips)
Seat 7: ccf65cc1 (20,681 in chips)
Hero: posts the ante 100
ccf65cc1: posts the ante 100
4e7bc2ed: posts the ante 100
a606caae: posts the ante 100
4cfe9444: posts the ante 100
3c2fd4b5: posts the ante 100
53d78f06: posts the ante 100
3c2fd4b5: posts small blind 400
a606caae: posts big blind 800
*** HOLE CARDS ***
Dealt to 53d78f06 
Dealt to 4cfe9444 
Dealt to Hero [Jd Kh]
Dealt to 3c2fd4b5 
Dealt to a606caae 
Dealt to 4e7bc2ed 
Dealt to ccf65cc1 
4e7bc2ed: folds
ccf65cc1: folds
53d78f06: folds
4cfe9444: raises 800 to 1,600
Hero: raises 3,350 to 4,950
3c2fd4b5: folds
a606caae: folds
4cfe9444: calls 3,350
*** FLOP *** [8c 7d Kd]
4cfe9444: checks
Hero: bets 3,894
4cfe9444: folds
Uncalled bet (3,894) returned to Hero
*** SHOWDOWN ***
Hero collected 11,800 from pot
*** SUMMARY ***
Total pot 11,800 | Rake 0 | Jackpot 0 | Bingo 0 | Fortune 0 | Tax 0
Board [8c 7d Kd]
Seat 1: 53d78f06 folded before Flop
Seat 2: 4cfe9444 folded on the Flop
Seat 3: Hero (button) won (11,800)
Seat 4: 3c2fd4b5 (small blind) folded before Flop
Seat 5: a606caae (big blind) folded before Flop
Seat 6: 4e7bc2ed folded before Flop
Seat 7: ccf65cc1 folded before Flop


Poker Hand #TM5642567244: Tournament #266375414, APL Series: ¥88 Zodiac Lucky Eights Bounty + Rabbit Hold'em No Limit - Level13(400/800(100)) - 2026/02/28 20:44:27
Table '33' 8-max Seat #2 is the button
Seat 1: 53d78f06 (23,935 in chips)
Seat 2: 4cfe9444 (79,610 in chips)
Seat 3: Hero (31,515 in chips)
Seat 4: 3c2fd4b5 (71,786 in chips)
Seat 5: a606caae (29,955 in chips)
Seat 6: 4e7bc2ed (35,860 in chips)
Seat 7: ccf65cc1 (20,781 in chips)
Hero: posts the ante 100
ccf65cc1: posts the ante 100
4e7bc2ed: posts the ante 100
a606caae: posts the ante 100
4cfe9444: posts the ante 100
3c2fd4b5: posts the ante 100
53d78f06: posts the ante 100
Hero: posts small blind 400
3c2fd4b5: posts big blind 800
*** HOLE CARDS ***
Dealt to 53d78f06 
Dealt to 4cfe9444 
Dealt to Hero [4s Js]
Dealt to 3c2fd4b5 
Dealt to a606caae 
Dealt to 4e7bc2ed 
Dealt to ccf65cc1 
a606caae: folds
4e7bc2ed: folds
ccf65cc1: folds
53d78f06: raises 800 to 1,600
4cfe9444: folds
Hero: folds
3c2fd4b5: raises 70,086 to 71,686 and is all-in
53d78f06: calls 22,235 and is all-in
Uncalled bet (47,851) returned to 3c2fd4b5
3c2fd4b5: shows [5d 5s]
53d78f06: shows [7c 7h]
*** FLOP *** [4h 3d 4d]
*** TURN *** [4h 3d 4d] [Kd]
*** RIVER *** [4h 3d 4d Kd] [2s]
*** SHOWDOWN ***
53d78f06 collected 48,770 from pot
*** SUMMARY ***
Total pot 48,770 | Rake 0 | Jackpot 0 | Bingo 0 | Fortune 0 | Tax 0
Board [4h 3d 4d Kd 2s]
Seat 1: 53d78f06 showed [7c 7h] and won (48,770) with two pair, Sevens and Fours
Seat 2: 4cfe9444 (button) folded before Flop
Seat 3: Hero (small blind) folded before Flop
Seat 4: 3c2fd4b5 (big blind) showed [5d 5s] and lost with two pair, Fives and Fours
Seat 5: a606caae folded before Flop
Seat 6: 4e7bc2ed folded before Flop
Seat 7: ccf65cc1 folded before Flop


Poker Hand #TM5642567230: Tournament #266375414, APL Series: ¥88 Zodiac Lucky Eights Bounty + Rabbit Hold'em No Limit - Level13(400/800(100)) - 2026/02/28 20:43:51
Table '33' 8-max Seat #1 is the button
Seat 1: 53d78f06 (24,035 in chips)
Seat 2: 4cfe9444 (80,510 in chips)
Seat 3: Hero (34,815 in chips)
Seat 4: 3c2fd4b5 (71,886 in chips)
Seat 5: a606caae (30,055 in chips)
Seat 6: 4e7bc2ed (35,960 in chips)
Seat 7: ccf65cc1 (16,181 in chips)
Hero: posts the ante 100
ccf65cc1: posts the ante 100
4e7bc2ed: posts the ante 100
a606caae: posts the ante 100
3c2fd4b5: posts the ante 100
4cfe9444: posts the ante 100
53d78f06: posts the ante 100
4cfe9444: posts small blind 400
Hero: posts big blind 800
*** HOLE CARDS ***
Dealt to 53d78f06 
Dealt to 4cfe9444 
Dealt to Hero [5d 6c]
Dealt to 3c2fd4b5 
Dealt to a606caae 
Dealt to 4e7bc2ed 
Dealt to ccf65cc1 
3c2fd4b5: folds
a606caae: folds
4e7bc2ed: folds
ccf65cc1: calls 800
53d78f06: folds
4cfe9444: calls 400
Hero: raises 2,400 to 3,200
ccf65cc1: raises 12,881 to 16,081 and is all-in
4cfe9444: folds
Hero: folds
Uncalled bet (12,881) returned to ccf65cc1
*** SHOWDOWN ***
ccf65cc1 collected 7,900 from pot
*** SUMMARY ***
Total pot 7,900 | Rake 0 | Jackpot 0 | Bingo 0 | Fortune 0 | Tax 0
Seat 1: 53d78f06 (button) folded before Flop
Seat 2: 4cfe9444 (small blind) folded before Flop
Seat 3: Hero (big blind) folded before Flop
Seat 4: 3c2fd4b5 folded before Flop
Seat 5: a606caae folded before Flop
Seat 6: 4e7bc2ed folded before Flop
Seat 7: ccf65cc1 collected (7,900)


Poker Hand #TM5642567216: Tournament #266375414, APL Series: ¥88 Zodiac Lucky Eights Bounty + Rabbit Hold'em No Limit - Level12(350/700(85)) - 2026/02/28 20:43:02
Table '33' 8-max Seat #7 is the button
Seat 1: 53d78f06 (13,717 in chips)
Seat 2: 4cfe9444 (80,595 in chips)
Seat 3: Hero (34,900 in chips)
Seat 4: 3c2fd4b5 (71,971 in chips)
Seat 5: a606caae (30,140 in chips)
Seat 6: 4e7bc2ed (36,045 in chips)
Seat 7: ccf65cc1 (16,266 in chips)
Seat 8: 7a21e6b1 (9,808 in chips)
Hero: posts the ante 85
ccf65cc1: posts the ante 85
4e7bc2ed: posts the ante 85
a606caae: posts the ante 85
3c2fd4b5: posts the ante 85
4cfe9444: posts the ante 85
7a21e6b1: posts the ante 85
53d78f06: posts the ante 85
7a21e6b1: posts small blind 350
53d78f06: posts big blind 700
*** HOLE CARDS ***
Dealt to 53d78f06 
Dealt to 4cfe9444 
Dealt to Hero [9d 7h]
Dealt to 3c2fd4b5 
Dealt to a606caae 
Dealt to 4e7bc2ed 
Dealt to ccf65cc1 
Dealt to 7a21e6b1 
4cfe9444: folds
Hero: folds
3c2fd4b5: folds
a606caae: folds
4e7bc2ed: folds
ccf65cc1: folds
7a21e6b1: raises 9,023 to 9,723 and is all-in
53d78f06: calls 9,023
7a21e6b1: shows [Kc Kd]
53d78f06: shows [Ts Tc]
*** FLOP *** [9h 6d 3d]
*** TURN *** [9h 6d 3d] [8s]
*** RIVER *** [9h 6d 3d 8s] [Th]
4cfe9444: shows [6h 6s] (three of a kind, Sixes)
*** SHOWDOWN ***
53d78f06 collected 20,126 from pot
*** SUMMARY ***
Total pot 20,126 | Rake 0 | Jackpot 0 | Bingo 0 | Fortune 0 | Tax 0
Board [9h 6d 3d 8s Th]
Seat 1: 53d78f06 (big blind) showed [Ts Tc] and won (20,126) with three of a kind, Tens
Seat 2: 4cfe9444 folded before Flop
Seat 3: Hero folded before Flop
Seat 4: 3c2fd4b5 folded before Flop
Seat 5: a606caae folded before Flop
Seat 6: 4e7bc2ed folded before Flop
Seat 7: ccf65cc1 (button) folded before Flop
Seat 8: 7a21e6b1 (small blind) showed [Kc Kd] and lost with a pair of Kings


Poker Hand #TM5642567207: Tournament #266375414, APL Series: ¥88 Zodiac Lucky Eights Bounty + Rabbit Hold'em No Limit - Level12(350/700(85)) - 2026/02/28 20:42:24
Table '33' 8-max Seat #6 is the button
Seat 1: 53d78f06 (13,802 in chips)
Seat 2: 4cfe9444 (80,680 in chips)
Seat 3: Hero (34,985 in chips)
Seat 4: 3c2fd4b5 (72,056 in chips)
Seat 5: a606caae (30,225 in chips)
Seat 6: 4e7bc2ed (34,400 in chips)
Seat 7: ccf65cc1 (16,701 in chips)
Seat 8: 7a21e6b1 (10,593 in chips)
Hero: posts the ante 85
4e7bc2ed: posts the ante 85
a606caae: posts the ante 85
ccf65cc1: posts the ante 85
3c2fd4b5: posts the ante 85
4cfe9444: posts the ante 85
7a21e6b1: posts the ante 85
53d78f06: posts the ante 85
ccf65cc1: posts small blind 350
7a21e6b1: posts big blind 700
*** HOLE CARDS ***
Dealt to 53d78f06 
Dealt to 4cfe9444 
Dealt to Hero [2h Kh]
Dealt to 3c2fd4b5 
Dealt to a606caae 
Dealt to 4e7bc2ed 
Dealt to ccf65cc1 
Dealt to 7a21e6b1 
53d78f06: folds
4cfe9444: folds
Hero: folds
3c2fd4b5: folds
a606caae: folds
4e7bc2ed: raises 700 to 1,400
ccf65cc1: folds
7a21e6b1: folds
Uncalled bet (700) returned to 4e7bc2ed
*** SHOWDOWN ***
4e7bc2ed collected 2,430 from pot
*** SUMMARY ***
Total pot 2,430 | Rake 0 | Jackpot 0 | Bingo 0 | Fortune 0 | Tax 0
Seat 1: 53d78f06 folded before Flop
Seat 2: 4cfe9444 folded before Flop
Seat 3: Hero folded before Flop
Seat 4: 3c2fd4b5 folded before Flop
Seat 5: a606caae folded before Flop
Seat 6: 4e7bc2ed (button) collected (2,430)
Seat 7: ccf65cc1 (small blind) folded before Flop
Seat 8: 7a21e6b1 (big blind) folded before Flop


Poker Hand #TM5642567192: Tournament #266375414, APL Series: ¥88 Zodiac Lucky Eights Bounty + Rabbit Hold'em No Limit - Level12(350/700(85)) - 2026/02/28 20:41:35
Table '33' 8-max Seat #5 is the button
Seat 1: 53d78f06 (13,887 in chips)
Seat 2: 4cfe9444 (80,765 in chips)
Seat 3: Hero (35,070 in chips)
Seat 4: 3c2fd4b5 (72,141 in chips)
Seat 5: a606caae (30,310 in chips)
Seat 6: 4e7bc2ed (33,105 in chips)
Seat 7: ccf65cc1 (17,486 in chips)
Seat 8: 7a21e6b1 (10,678 in chips)
Hero: posts the ante 85
a606caae: posts the ante 85
ccf65cc1: posts the ante 85
4e7bc2ed: posts the ante 85
3c2fd4b5: posts the ante 85
4cfe9444: posts the ante 85
7a21e6b1: posts the ante 85
53d78f06: posts the ante 85
4e7bc2ed: posts small blind 350
ccf65cc1: posts big blind 700
*** HOLE CARDS ***
Dealt to 53d78f06 
Dealt to 4cfe9444 
Dealt to Hero [Qh Tc]
Dealt to 3c2fd4b5 
Dealt to a606caae 
Dealt to 4e7bc2ed 
Dealt to ccf65cc1 
Dealt to 7a21e6b1 
7a21e6b1: folds
53d78f06: folds
4cfe9444: folds
Hero: folds
3c2fd4b5: folds
a606caae: folds
4e7bc2ed: raises 1,190 to 1,890
ccf65cc1: folds
Uncalled bet (1,190) returned to 4e7bc2ed
*** SHOWDOWN ***
4e7bc2ed collected 2,080 from pot
*** SUMMARY ***
Total pot 2,080 | Rake 0 | Jackpot 0 | Bingo 0 | Fortune 0 | Tax 0
Seat 1: 53d78f06 folded before Flop
Seat 2: 4cfe9444 folded before Flop
Seat 3: Hero folded before Flop
Seat 4: 3c2fd4b5 folded before Flop
Seat 5: a606caae (button) folded before Flop
Seat 6: 4e7bc2ed (small blind) collected (2,080)
Seat 7: ccf65cc1 (big blind) folded before Flop
Seat 8: 7a21e6b1 folded before Flop


Poker Hand #TM5642567177: Tournament #266375414, APL Series: ¥88 Zodiac Lucky Eights Bounty + Rabbit Hold'em No Limit - Level12(350/700(85)) - 2026/02/28 20:40:51
Table '33' 8-max Seat #4 is the button
Seat 1: 53d78f06 (13,972 in chips)
Seat 2: 4cfe9444 (80,850 in chips)
Seat 3: Hero (35,155 in chips)
Seat 4: 3c2fd4b5 (86,691 in chips)
Seat 5: a606caae (14,550 in chips)
Seat 6: 4e7bc2ed (33,890 in chips)
Seat 7: ccf65cc1 (17,571 in chips)
Seat 8: 7a21e6b1 (10,763 in chips)
Hero: posts the ante 85
ccf65cc1: posts the ante 85
4e7bc2ed: posts the ante 85
a606caae: posts the ante 85
3c2fd4b5: posts the ante 85
4cfe9444: posts the ante 85
7a21e6b1: posts the ante 85
53d78f06: posts the ante 85
a606caae: posts small blind 350
4e7bc2ed: posts big blind 700
*** HOLE CARDS ***
Dealt to 53d78f06 
Dealt to 4cfe9444 
Dealt to Hero [6c 2s]
Dealt to 3c2fd4b5 
Dealt to a606caae 
Dealt to 4e7bc2ed 
Dealt to ccf65cc1 
Dealt to 7a21e6b1 
ccf65cc1: folds
7a21e6b1: folds
53d78f06: folds
4cfe9444: folds
Hero: folds
3c2fd4b5: raises 700 to 1,400
a606caae: raises 13,065 to 14,465 and is all-in
4e7bc2ed: folds
3c2fd4b5: calls 13,065
a606caae: shows [Qh Qs]
3c2fd4b5: shows [Tc Ac]
*** FLOP *** [3c Kd Qc]
*** TURN *** [3c Kd Qc] [8d]
*** RIVER *** [3c Kd Qc 8d] [6h]
*** SHOWDOWN ***
a606caae collected 30,310 from pot
*** SUMMARY ***
Total pot 30,310 | Rake 0 | Jackpot 0 | Bingo 0 | Fortune 0 | Tax 0
Board [3c Kd Qc 8d 6h]
Seat 1: 53d78f06 folded before Flop
Seat 2: 4cfe9444 folded before Flop
Seat 3: Hero folded before Flop
Seat 4: 3c2fd4b5 (button) showed [Tc Ac] and lost with Ace high
Seat 5: a606caae (small blind) showed [Qh Qs] and won (30,310) with three of a kind, Queens
Seat 6: 4e7bc2ed (big blind) folded before Flop
Seat 7: ccf65cc1 folded before Flop
Seat 8: 7a21e6b1 folded before Flop


Poker Hand #TM5642567166: Tournament #266375414, APL Series: ¥88 Zodiac Lucky Eights Bounty + Rabbit Hold'em No Limit - Level12(350/700(85)) - 2026/02/28 20:40:12
Table '33' 8-max Seat #3 is the button
Seat 1: 53d78f06 (14,057 in chips)
Seat 2: 4cfe9444 (80,935 in chips)
Seat 3: Hero (35,240 in chips)
Seat 4: 3c2fd4b5 (87,126 in chips)
Seat 5: a606caae (12,905 in chips)
Seat 6: 4e7bc2ed (33,975 in chips)
Seat 7: ccf65cc1 (18,356 in chips)
Seat 8: 7a21e6b1 (10,848 in chips)
Hero: posts the ante 85
ccf65cc1: posts the ante 85
4e7bc2ed: posts the ante 85
a606caae: posts the ante 85
4cfe9444: posts the ante 85
3c2fd4b5: posts the ante 85
7a21e6b1: posts the ante 85
53d78f06: posts the ante 85
3c2fd4b5: posts small blind 350
a606caae: posts big blind 700
*** HOLE CARDS ***
Dealt to 53d78f06 
Dealt to 4cfe9444 
Dealt to Hero [9h 4h]
Dealt to 3c2fd4b5 
Dealt to a606caae 
Dealt to 4e7bc2ed 
Dealt to ccf65cc1 
Dealt to 7a21e6b1 
4e7bc2ed: folds
ccf65cc1: calls 700
7a21e6b1: folds
53d78f06: folds
4cfe9444: folds
Hero: folds
3c2fd4b5: folds
a606caae: raises 1,400 to 2,100
ccf65cc1: folds
Uncalled bet (1,400) returned to a606caae
*** SHOWDOWN ***
a606caae collected 2,430 from pot
*** SUMMARY ***
Total pot 2,430 | Rake 0 | Jackpot 0 | Bingo 0 | Fortune 0 | Tax 0
Seat 1: 53d78f06 folded before Flop
Seat 2: 4cfe9444 folded before Flop
Seat 3: Hero (button) folded before Flop
Seat 4: 3c2fd4b5 (small blind) folded before Flop
Seat 5: a606caae (big blind) collected (2,430)
Seat 6: 4e7bc2ed folded before Flop
Seat 7: ccf65cc1 folded before Flop
Seat 8: 7a21e6b1 folded before Flop


Poker Hand #TM5642567143: Tournament #266375414, APL Series: ¥88 Zodiac Lucky Eights Bounty + Rabbit Hold'em No Limit - Level12(350/700(85)) - 2026/02/28 20:39:07
Table '33' 8-max Seat #2 is the button
Seat 1: 53d78f06 (14,142 in chips)
Seat 2: 4cfe9444 (81,020 in chips)
Seat 3: Hero (52,888 in chips)
Seat 4: 3c2fd4b5 (68,968 in chips)
Seat 5: a606caae (12,990 in chips)
Seat 6: 4e7bc2ed (34,060 in chips)
Seat 7: ccf65cc1 (18,441 in chips)
Seat 8: 7a21e6b1 (10,933 in chips)
Hero: posts the ante 85
ccf65cc1: posts the ante 85
4e7bc2ed: posts the ante 85
a606caae: posts the ante 85
4cfe9444: posts the ante 85
3c2fd4b5: posts the ante 85
7a21e6b1: posts the ante 85
53d78f06: posts the ante 85
Hero: posts small blind 350
3c2fd4b5: posts big blind 700
*** HOLE CARDS ***
Dealt to 53d78f06 
Dealt to 4cfe9444 
Dealt to Hero [Qs Ad]
Dealt to 3c2fd4b5 
Dealt to a606caae 
Dealt to 4e7bc2ed 
Dealt to ccf65cc1 
Dealt to 7a21e6b1 
a606caae: folds
4e7bc2ed: folds
ccf65cc1: folds
7a21e6b1: folds
53d78f06: folds
4cfe9444: folds
Hero: raises 700 to 1,400
3c2fd4b5: calls 700
*** FLOP *** [Kc 9d 9c]
Hero: bets 1,149
3c2fd4b5: calls 1,149
*** TURN *** [Kc 9d 9c] [Kh]
Hero: checks
3c2fd4b5: bets 1,907
Hero: raises 1,907 to 3,814
3c2fd4b5: calls 1,907
*** RIVER *** [Kc 9d 9c Kh] [Qc]
Hero: checks
3c2fd4b5: bets 11,200
Hero: calls 11,200
3c2fd4b5: shows [Ks 7d] (a full house, Kings full of Nines)
Hero: shows [Qs Ad] (two pair, Kings and Queens)
*** SHOWDOWN ***
3c2fd4b5 collected 35,806 from pot
*** SUMMARY ***
Total pot 35,806 | Rake 0 | Jackpot 0 | Bingo 0 | Fortune 0 | Tax 0
Board [Kc 9d 9c Kh Qc]
Seat 1: 53d78f06 folded before Flop
Seat 2: 4cfe9444 (button) folded before Flop
Seat 3: Hero (small blind) showed [Qs Ad] and lost with two pair, Kings and Queens
Seat 4: 3c2fd4b5 (big blind) showed [Ks 7d] and won (35,806) with a full house, Kings full of Nines
Seat 5: a606caae folded before Flop
Seat 6: 4e7bc2ed folded before Flop
Seat 7: ccf65cc1 folded before Flop
Seat 8: 7a21e6b1 folded before Flop


Poker Hand #TM5642567135: Tournament #266375414, APL Series: ¥88 Zodiac Lucky Eights Bounty + Rabbit Hold'em No Limit - Level12(350/700(85)) - 2026/02/28 20:38:40
Table '33' 8-max Seat #1 is the button
Seat 1: 53d78f06 (14,227 in chips)
Seat 2: 4cfe9444 (81,455 in chips)
Seat 3: Hero (53,673 in chips)
Seat 4: 3c2fd4b5 (69,053 in chips)
Seat 5: a606caae (13,075 in chips)
Seat 6: 4e7bc2ed (32,415 in chips)
Seat 7: ccf65cc1 (18,526 in chips)
Seat 8: 7a21e6b1 (11,018 in chips)
Hero: posts the ante 85
ccf65cc1: posts the ante 85
4e7bc2ed: posts the ante 85
a606caae: posts the ante 85
3c2fd4b5: posts the ante 85
4cfe9444: posts the ante 85
7a21e6b1: posts the ante 85
53d78f06: posts the ante 85
4cfe9444: posts small blind 350
Hero: posts big blind 700
*** HOLE CARDS ***
Dealt to 53d78f06 
Dealt to 4cfe9444 
Dealt to Hero [4s 2c]
Dealt to 3c2fd4b5 
Dealt to a606caae 
Dealt to 4e7bc2ed 
Dealt to ccf65cc1 
Dealt to 7a21e6b1 
3c2fd4b5: folds
a606caae: folds
4e7bc2ed: raises 770 to 1,470
ccf65cc1: folds
7a21e6b1: folds
53d78f06: folds
4cfe9444: folds
Hero: folds
Uncalled bet (770) returned to 4e7bc2ed
*** SHOWDOWN ***
4e7bc2ed collected 2,430 from pot
*** SUMMARY ***
Total pot 2,430 | Rake 0 | Jackpot 0 | Bingo 0 | Fortune 0 | Tax 0
Seat 1: 53d78f06 (button) folded before Flop
Seat 2: 4cfe9444 (small blind) folded before Flop
Seat 3: Hero (big blind) folded before Flop
Seat 4: 3c2fd4b5 folded before Flop
Seat 5: a606caae folded before Flop
Seat 6: 4e7bc2ed collected (2,430)
Seat 7: ccf65cc1 folded before Flop
Seat 8: 7a21e6b1 folded before Flop


Poker Hand #TM5642567122: Tournament #266375414, APL Series: ¥88 Zodiac Lucky Eights Bounty + Rabbit Hold'em No Limit - Level12(350/700(85)) - 2026/02/28 20:38:07
Table '33' 8-max Seat #7 is the button
Seat 1: 53d78f06 (14,662 in chips)
Seat 2: 4cfe9444 (82,240 in chips)
Seat 3: Hero (50,713 in chips)
Seat 4: 3c2fd4b5 (69,138 in chips)
Seat 5: a606caae (13,160 in chips)
Seat 6: 4e7bc2ed (32,500 in chips)
Seat 7: ccf65cc1 (20,011 in chips)
Hero: posts the ante 85
ccf65cc1: posts the ante 85
4e7bc2ed: posts the ante 85
a606caae: posts the ante 85
3c2fd4b5: posts the ante 85
4cfe9444: posts the ante 85
53d78f06: posts the ante 85
53d78f06: posts small blind 350
4cfe9444: posts big blind 700
*** HOLE CARDS ***
Dealt to 53d78f06 
Dealt to 4cfe9444 
Dealt to Hero [As Qh]
Dealt to 3c2fd4b5 
Dealt to a606caae 
Dealt to 4e7bc2ed 
Dealt to ccf65cc1 
Hero: raises 700 to 1,400
3c2fd4b5: folds
a606caae: folds
4e7bc2ed: folds
ccf65cc1: calls 1,400
53d78f06: folds
4cfe9444: folds
*** FLOP *** [Jh Tc Kd]
Hero: bets 1,467
ccf65cc1: folds
Uncalled bet (1,467) returned to Hero
*** SHOWDOWN ***
Hero collected 4,445 from pot
*** SUMMARY ***
Total pot 4,445 | Rake 0 | Jackpot 0 | Bingo 0 | Fortune 0 | Tax 0
Board [Jh Tc Kd]
Seat 1: 53d78f06 (small blind) folded before Flop
Seat 2: 4cfe9444 (big blind) folded before Flop
Seat 3: Hero won (4,445)
Seat 4: 3c2fd4b5 folded before Flop
Seat 5: a606caae folded before Flop
Seat 6: 4e7bc2ed folded before Flop
Seat 7: ccf65cc1 (button) folded on the Flop


Poker Hand #TM5642567094: Tournament #266375414, APL Series: ¥88 Zodiac Lucky Eights Bounty + Rabbit Hold'em No Limit - Level12(350/700(85)) - 2026/02/28 20:36:34
Table '33' 8-max Seat #6 is the button
Seat 1: 53d78f06 (14,747 in chips)
Seat 2: 4cfe9444 (82,325 in chips)
Seat 3: Hero (50,798 in chips)
Seat 4: 3c2fd4b5 (58,533 in chips)
Seat 5: a606caae (13,245 in chips)
Seat 6: 4e7bc2ed (32,585 in chips)
Seat 7: ccf65cc1 (20,446 in chips)
Seat 8: 7ab02a7 (9,745 in chips)
Hero: posts the ante 85
4e7bc2ed: posts the ante 85
a606caae: posts the ante 85
7ab02a7: posts the ante 85
ccf65cc1: posts the ante 85
3c2fd4b5: posts the ante 85
4cfe9444: posts the ante 85
53d78f06: posts the ante 85
ccf65cc1: posts small blind 350
7ab02a7: posts big blind 700
*** HOLE CARDS ***
Dealt to 53d78f06 
Dealt to 4cfe9444 
Dealt to Hero [Qc 3c]
Dealt to 3c2fd4b5 
Dealt to a606caae 
Dealt to 4e7bc2ed 
Dealt to ccf65cc1 
Dealt to 7ab02a7 
53d78f06: folds
4cfe9444: folds
Hero: folds
3c2fd4b5: raises 700 to 1,400
a606caae: folds
4e7bc2ed: folds
ccf65cc1: folds
7ab02a7: calls 700
*** FLOP *** [Jc 9c 3s]
7ab02a7: checks
3c2fd4b5: bets 958
7ab02a7: calls 958
*** TURN *** [Jc 9c 3s] [6c]
7ab02a7: checks
3c2fd4b5: checks
*** RIVER *** [Jc 9c 3s 6c] [2c]
7ab02a7: bets 7,302 and is all-in
3c2fd4b5: calls 7,302
7ab02a7: shows [5c Ad] (a flush Jack high)
3c2fd4b5: shows [8c Kc] (a flush King high)
*** SHOWDOWN ***
3c2fd4b5 collected 20,350 from pot
*** SUMMARY ***
Total pot 20,350 | Rake 0 | Jackpot 0 | Bingo 0 | Fortune 0 | Tax 0
Board [Jc 9c 3s 6c 2c]
Seat 1: 53d78f06 folded before Flop
Seat 2: 4cfe9444 folded before Flop
Seat 3: Hero folded before Flop
Seat 4: 3c2fd4b5 showed [8c Kc] and won (20,350) with a flush King high
Seat 5: a606caae folded before Flop
Seat 6: 4e7bc2ed (button) folded before Flop
Seat 7: ccf65cc1 (small blind) folded before Flop
Seat 8: 7ab02a7 (big blind) showed [5c Ad] and lost with a flush Jack high


Poker Hand #TM5642567082: Tournament #266375414, APL Series: ¥88 Zodiac Lucky Eights Bounty + Rabbit Hold'em No Limit - Level12(350/700(85)) - 2026/02/28 20:36:06
Table '33' 8-max Seat #5 is the button
Seat 1: 53d78f06 (14,832 in chips)
Seat 2: 4cfe9444 (82,410 in chips)
Seat 3: Hero (49,153 in chips)
Seat 4: 3c2fd4b5 (58,618 in chips)
Seat 5: a606caae (13,330 in chips)
Seat 6: 4e7bc2ed (33,020 in chips)
Seat 7: ccf65cc1 (21,231 in chips)
Seat 8: 7ab02a7 (9,830 in chips)
Hero: posts the ante 85
a606caae: posts the ante 85
7ab02a7: posts the ante 85
ccf65cc1: posts the ante 85
4e7bc2ed: posts the ante 85
3c2fd4b5: posts the ante 85
4cfe9444: posts the ante 85
53d78f06: posts the ante 85
4e7bc2ed: posts small blind 350
ccf65cc1: posts big blind 700
*** HOLE CARDS ***
Dealt to 53d78f06 
Dealt to 4cfe9444 
Dealt to Hero [Kd Jd]
Dealt to 3c2fd4b5 
Dealt to a606caae 
Dealt to 4e7bc2ed 
Dealt to ccf65cc1 
Dealt to 7ab02a7 
7ab02a7: folds
53d78f06: folds
4cfe9444: folds
Hero: raises 700 to 1,400
3c2fd4b5: folds
a606caae: folds
4e7bc2ed: folds
ccf65cc1: folds
Uncalled bet (700) returned to Hero
*** SHOWDOWN ***
Hero collected 2,430 from pot
*** SUMMARY ***
Total pot 2,430 | Rake 0 | Jackpot 0 | Bingo 0 | Fortune 0 | Tax 0
Seat 1: 53d78f06 folded before Flop
Seat 2: 4cfe9444 folded before Flop
Seat 3: Hero collected (2,430)
Seat 4: 3c2fd4b5 folded before Flop
Seat 5: a606caae (button) folded before Flop
Seat 6: 4e7bc2ed (small blind) folded before Flop
Seat 7: ccf65cc1 (big blind) folded before Flop
Seat 8: 7ab02a7 folded before Flop


Poker Hand #TM5642567062: Tournament #266375414, APL Series: ¥88 Zodiac Lucky Eights Bounty + Rabbit Hold'em No Limit - Level12(350/700(85)) - 2026/02/28 20:35:12
Table '33' 8-max Seat #4 is the button
Seat 1: 53d78f06 (16,317 in chips)
Seat 2: 4cfe9444 (82,495 in chips)
Seat 3: Hero (49,238 in chips)
Seat 4: 3c2fd4b5 (58,703 in chips)
Seat 5: a606caae (13,765 in chips)
Seat 6: 4e7bc2ed (33,805 in chips)
Seat 7: ccf65cc1 (18,186 in chips)
Seat 8: 7ab02a7 (9,915 in chips)
Hero: posts the ante 85
7ab02a7: posts the ante 85
ccf65cc1: posts the ante 85
4e7bc2ed: posts the ante 85
a606caae: posts the ante 85
3c2fd4b5: posts the ante 85
4cfe9444: posts the ante 85
53d78f06: posts the ante 85
a606caae: posts small blind 350
4e7bc2ed: posts big blind 700
*** HOLE CARDS ***
Dealt to 53d78f06 
Dealt to 4cfe9444 
Dealt to Hero [Js 2c]
Dealt to 3c2fd4b5 
Dealt to a606caae 
Dealt to 4e7bc2ed 
Dealt to ccf65cc1 
Dealt to 7ab02a7 
ccf65cc1: calls 700
7ab02a7: folds
53d78f06: raises 700 to 1,400
4cfe9444: folds
Hero: folds
3c2fd4b5: folds
a606caae: folds
4e7bc2ed: folds
ccf65cc1: raises 16,701 to 18,101 and is all-in
53d78f06: folds
Uncalled bet (16,701) returned to ccf65cc1
*** SHOWDOWN ***
ccf65cc1 collected 4,530 from pot
*** SUMMARY ***
Total pot 4,530 | Rake 0 | Jackpot 0 | Bingo 0 | Fortune 0 | Tax 0
Seat 1: 53d78f06 folded before Flop
Seat 2: 4cfe9444 folded before Flop
Seat 3: Hero folded before Flop
Seat 4: 3c2fd4b5 (button) folded before Flop
Seat 5: a606caae (small blind) folded before Flop
Seat 6: 4e7bc2ed (big blind) folded before Flop
Seat 7: ccf65cc1 collected (4,530)
Seat 8: 7ab02a7 folded before Flop


Poker Hand #TM5642567036: Tournament #266375414, APL Series: ¥88 Zodiac Lucky Eights Bounty + Rabbit Hold'em No Limit - Level12(350/700(85)) - 2026/02/28 20:34:23
Table '33' 8-max Seat #3 is the button
Seat 1: 53d78f06 (16,402 in chips)
Seat 2: 4cfe9444 (82,580 in chips)
Seat 3: Hero (23,839 in chips)
Seat 4: 3c2fd4b5 (59,138 in chips)
Seat 5: a606caae (14,550 in chips)
Seat 6: 4e7bc2ed (57,644 in chips)
Seat 7: ccf65cc1 (18,271 in chips)
Seat 8: 7ab02a7 (10,000 in chips)
Hero: posts the ante 85
7ab02a7: posts the ante 85
ccf65cc1: posts the ante 85
4e7bc2ed: posts the ante 85
a606caae: posts the ante 85
4cfe9444: posts the ante 85
3c2fd4b5: posts the ante 85
53d78f06: posts the ante 85
3c2fd4b5: posts small blind 350
a606caae: posts big blind 700
*** HOLE CARDS ***
Dealt to 53d78f06 
Dealt to 4cfe9444 
Dealt to Hero [Jh Jd]
Dealt to 3c2fd4b5 
Dealt to a606caae 
Dealt to 4e7bc2ed 
Dealt to ccf65cc1 
Dealt to 7ab02a7 
4e7bc2ed: raises 1,050 to 1,750
ccf65cc1: folds
7ab02a7: folds
53d78f06: folds
4cfe9444: folds
Hero: raises 3,223 to 4,973
3c2fd4b5: folds
a606caae: folds
4e7bc2ed: raises 52,586 to 57,559 and is all-in
Hero: calls 18,781 and is all-in
Uncalled bet (33,805) returned to 4e7bc2ed
4e7bc2ed: shows [Kd Ah]
Hero: shows [Jh Jd]
*** FLOP *** [6d 8c 7h]
*** TURN *** [6d 8c 7h] [5d]
*** RIVER *** [6d 8c 7h 5d] [3c]
*** SHOWDOWN ***
Hero collected 49,238 from pot
*** SUMMARY ***
Total pot 49,238 | Rake 0 | Jackpot 0 | Bingo 0 | Fortune 0 | Tax 0
Board [6d 8c 7h 5d 3c]
Seat 1: 53d78f06 folded before Flop
Seat 2: 4cfe9444 folded before Flop
Seat 3: Hero (button) showed [Jh Jd] and won (49,238) with a pair of Jacks
Seat 4: 3c2fd4b5 (small blind) folded before Flop
Seat 5: a606caae (big blind) folded before Flop
Seat 6: 4e7bc2ed showed [Kd Ah] and lost with Ace high
Seat 7: ccf65cc1 folded before Flop
Seat 8: 7ab02a7 folded before Flop


Poker Hand #TM5642567018: Tournament #266375414, APL Series: ¥88 Zodiac Lucky Eights Bounty + Rabbit Hold'em No Limit - Level12(350/700(85)) - 2026/02/28 20:33:44
Table '33' 8-max Seat #2 is the button
Seat 1: 53d78f06 (16,487 in chips)
Seat 2: 4cfe9444 (82,665 in chips)
Seat 3: Hero (24,274 in chips)
Seat 4: 3c2fd4b5 (59,923 in chips)
Seat 5: a606caae (14,635 in chips)
Seat 6: 4e7bc2ed (57,729 in chips)
Seat 7: ccf65cc1 (9,925 in chips)
Seat 8: 16262a18 (6,786 in chips)
16262a18: posts the ante 85
Hero: posts the ante 85
ccf65cc1: posts the ante 85
4e7bc2ed: posts the ante 85
a606caae: posts the ante 85
4cfe9444: posts the ante 85
3c2fd4b5: posts the ante 85
53d78f06: posts the ante 85
Hero: posts small blind 350
3c2fd4b5: posts big blind 700
*** HOLE CARDS ***
Dealt to 53d78f06 
Dealt to 4cfe9444 
Dealt to Hero [4c 6h]
Dealt to 3c2fd4b5 
Dealt to a606caae 
Dealt to 4e7bc2ed 
Dealt to ccf65cc1 
Dealt to 16262a18 
a606caae: folds
4e7bc2ed: folds
ccf65cc1: calls 700
16262a18: raises 6,001 to 6,701 and is all-in
53d78f06: folds
4cfe9444: folds
Hero: folds
3c2fd4b5: folds
ccf65cc1: calls 6,001
16262a18: shows [Tc Td]
ccf65cc1: shows [Jh Js]
*** FLOP *** [9d Kh 9s]
*** TURN *** [9d Kh 9s] [7d]
*** RIVER *** [9d Kh 9s 7d] [8d]
*** SHOWDOWN ***
ccf65cc1 collected 15,132 from pot
*** SUMMARY ***
Total pot 15,132 | Rake 0 | Jackpot 0 | Bingo 0 | Fortune 0 | Tax 0
Board [9d Kh 9s 7d 8d]
Seat 1: 53d78f06 folded before Flop
Seat 2: 4cfe9444 (button) folded before Flop
Seat 3: Hero (small blind) folded before Flop
Seat 4: 3c2fd4b5 (big blind) folded before Flop
Seat 5: a606caae folded before Flop
Seat 6: 4e7bc2ed folded before Flop
Seat 7: ccf65cc1 showed [Jh Js] and won (15,132) with two pair, Jacks and Nines
Seat 8: 16262a18 showed [Tc Td] and lost with two pair, Tens and Nines


Poker Hand #TM5642566996: Tournament #266375414, APL Series: ¥88 Zodiac Lucky Eights Bounty + Rabbit Hold'em No Limit - Level11(300/600(75)) - 2026/02/28 20:32:57
Table '33' 8-max Seat #1 is the button
Seat 1: 53d78f06 (16,562 in chips)
Seat 2: 4cfe9444 (84,933 in chips)
Seat 3: Hero (26,149 in chips)
Seat 4: 3c2fd4b5 (59,998 in chips)
Seat 5: a606caae (14,710 in chips)
Seat 6: 4e7bc2ed (57,804 in chips)
Seat 7: ccf65cc1 (10,000 in chips)
Seat 8: 16262a18 (2,268 in chips)
16262a18: posts the ante 75
Hero: posts the ante 75
ccf65cc1: posts the ante 75
4e7bc2ed: posts the ante 75
a606caae: posts the ante 75
3c2fd4b5: posts the ante 75
4cfe9444: posts the ante 75
53d78f06: posts the ante 75
4cfe9444: posts small blind 300
Hero: posts big blind 600
*** HOLE CARDS ***
Dealt to 53d78f06 
Dealt to 4cfe9444 
Dealt to Hero [2d 6c]
Dealt to 3c2fd4b5 
Dealt to a606caae 
Dealt to 4e7bc2ed 
Dealt to ccf65cc1 
Dealt to 16262a18 
3c2fd4b5: folds
a606caae: folds
4e7bc2ed: folds
ccf65cc1: folds
16262a18: raises 1,200 to 1,800
53d78f06: folds
4cfe9444: calls 1,500
Hero: calls 1,200
*** FLOP *** [7d Ac Tc]
4cfe9444: checks
Hero: checks
16262a18: bets 393 and is all-in
4cfe9444: calls 393
Hero: folds
16262a18: shows [Th Qs] (a pair of Tens)
4cfe9444: shows [Jh 8s] (Ace high)
*** TURN *** [7d Ac Tc] [Ts]
*** RIVER *** [7d Ac Tc Ts] [8c]
*** SHOWDOWN ***
16262a18 collected 6,786 from pot
*** SUMMARY ***
Total pot 6,786 | Rake 0 | Jackpot 0 | Bingo 0 | Fortune 0 | Tax 0
Board [7d Ac Tc Ts 8c]
Seat 1: 53d78f06 (button) folded before Flop
Seat 2: 4cfe9444 (small blind) showed [Jh 8s] and lost with two pair, Tens and Eights
Seat 3: Hero (big blind) folded on the Flop
Seat 4: 3c2fd4b5 folded before Flop
Seat 5: a606caae folded before Flop
Seat 6: 4e7bc2ed folded before Flop
Seat 7: ccf65cc1 folded before Flop
Seat 8: 16262a18 showed [Th Qs] and won (6,786) with three of a kind, Tens


Poker Hand #TM5642566963: Tournament #266375414, APL Series: ¥88 Zodiac Lucky Eights Bounty + Rabbit Hold'em No Limit - Level11(300/600(75)) - 2026/02/28 20:31:55
Table '33' 8-max Seat #8 is the button
Seat 1: 53d78f06 (16,937 in chips)
Seat 2: 4cfe9444 (41,469 in chips)
Seat 3: Hero (26,224 in chips)
Seat 4: 3c2fd4b5 (60,073 in chips)
Seat 5: a606caae (14,785 in chips)
Seat 6: 4e7bc2ed (59,199 in chips)
Seat 8: 16262a18 (43,737 in chips)
16262a18: posts the ante 75
Hero: posts the ante 75
4e7bc2ed: posts the ante 75
a606caae: posts the ante 75
3c2fd4b5: posts the ante 75
4cfe9444: posts the ante 75
53d78f06: posts the ante 75
53d78f06: posts small blind 300
4cfe9444: posts big blind 600
*** HOLE CARDS ***
Dealt to 53d78f06 
Dealt to 4cfe9444 
Dealt to Hero [4s 2s]
Dealt to 3c2fd4b5 
Dealt to a606caae 
Dealt to 4e7bc2ed 
Dealt to 16262a18 
Hero: folds
3c2fd4b5: folds
a606caae: folds
4e7bc2ed: raises 720 to 1,320
16262a18: calls 1,320
53d78f06: folds
4cfe9444: raises 8,280 to 9,600
4e7bc2ed: folds
16262a18: calls 8,280
*** FLOP *** [5h Qs 2h]
4cfe9444: checks
16262a18: checks
*** TURN *** [5h Qs 2h] [9s]
4cfe9444: bets 10,800
16262a18: calls 10,800
*** RIVER *** [5h Qs 2h 9s] [Ad]
4cfe9444: bets 20,994 and is all-in
16262a18: calls 20,994
4cfe9444: shows [Qd Qh] (three of a kind, Queens)
16262a18: shows [Ac 9d] (two pair, Aces and Nines)
*** SHOWDOWN ***
4cfe9444 collected 84,933 from pot
*** SUMMARY ***
Total pot 84,933 | Rake 0 | Jackpot 0 | Bingo 0 | Fortune 0 | Tax 0
Board [5h Qs 2h 9s Ad]
Seat 1: 53d78f06 (small blind) folded before Flop
Seat 2: 4cfe9444 (big blind) showed [Qd Qh] and won (84,933) with three of a kind, Queens
Seat 3: Hero folded before Flop
Seat 4: 3c2fd4b5 folded before Flop
Seat 5: a606caae folded before Flop
Seat 6: 4e7bc2ed folded before Flop
Seat 8: 16262a18 (button) showed [Ac 9d] and lost with two pair, Aces and Nines


Poker Hand #TM5642566915: Tournament #266375414, APL Series: ¥88 Zodiac Lucky Eights Bounty + Rabbit Hold'em No Limit - Level11(300/600(75)) - 2026/02/28 20:30:24
Table '33' 8-max Seat #7 is the button
Seat 1: 53d78f06 (18,212 in chips)
Seat 2: 4cfe9444 (41,544 in chips)
Seat 3: Hero (26,299 in chips)
Seat 4: 3c2fd4b5 (23,424 in chips)
Seat 5: a606caae (14,860 in chips)
Seat 6: 4e7bc2ed (59,274 in chips)
Seat 7: 70c85ef4 (11,650 in chips)
Seat 8: 16262a18 (67,161 in chips)
16262a18: posts the ante 75
Hero: posts the ante 75
70c85ef4: posts the ante 75
4e7bc2ed: posts the ante 75
a606caae: posts the ante 75
3c2fd4b5: posts the ante 75
4cfe9444: posts the ante 75
53d78f06: posts the ante 75
16262a18: posts small blind 300
53d78f06: posts big blind 600
*** HOLE CARDS ***
Dealt to 53d78f06 
Dealt to 4cfe9444 
Dealt to Hero [Qc 8d]
Dealt to 3c2fd4b5 
Dealt to a606caae 
Dealt to 4e7bc2ed 
Dealt to 70c85ef4 
Dealt to 16262a18 
4cfe9444: folds
Hero: folds
3c2fd4b5: raises 600 to 1,200
a606caae: folds
4e7bc2ed: folds
70c85ef4: calls 1,200
16262a18: calls 900
53d78f06: calls 600
*** FLOP *** [Tc 7d 2s]
16262a18: checks
53d78f06: checks
3c2fd4b5: checks
70c85ef4: bets 4,050
16262a18: calls 4,050
53d78f06: folds
3c2fd4b5: calls 4,050
*** TURN *** [Tc 7d 2s] [5h]
16262a18: bets 8,775
3c2fd4b5: calls 8,775
70c85ef4: calls 6,325 and is all-in
*** RIVER *** [Tc 7d 2s 5h] [2d]
16262a18: checks
3c2fd4b5: bets 9,324 and is all-in
16262a18: calls 9,324
3c2fd4b5: shows [7h 7s] (a full house, Sevens full of Twos)
70c85ef4: shows [Th Kd] (two pair, Tens and Twos)
16262a18: shows [5s Js] (two pair, Fives and Twos)
*** SHOWDOWN ***
3c2fd4b5 collected 36,525 from pot
3c2fd4b5 collected 23,548 from pot
*** SUMMARY ***
Total pot 60,073 | Rake 0 | Jackpot 0 | Bingo 0 | Fortune 0 | Tax 0
Board [Tc 7d 2s 5h 2d]
Seat 1: 53d78f06 (big blind) folded on the Flop
Seat 2: 4cfe9444 folded before Flop
Seat 3: Hero folded before Flop
Seat 4: 3c2fd4b5 showed [7h 7s] and won (60,073) with a full house, Sevens full of Twos
Seat 5: a606caae folded before Flop
Seat 6: 4e7bc2ed folded before Flop
Seat 7: 70c85ef4 (button) showed [Th Kd] and lost with two pair, Tens and Twos
Seat 8: 16262a18 (small blind) showed [5s Js] and lost with two pair, Fives and Twos


Poker Hand #TM5642566896: Tournament #266375414, APL Series: ¥88 Zodiac Lucky Eights Bounty + Rabbit Hold'em No Limit - Level11(300/600(75)) - 2026/02/28 20:29:54
Table '33' 8-max Seat #6 is the button
Seat 1: 53d78f06 (18,287 in chips)
Seat 2: 4cfe9444 (41,619 in chips)
Seat 3: Hero (26,374 in chips)
Seat 4: 3c2fd4b5 (23,499 in chips)
Seat 5: a606caae (14,935 in chips)
Seat 6: 4e7bc2ed (57,849 in chips)
Seat 7: 70c85ef4 (12,025 in chips)
Seat 8: 16262a18 (67,836 in chips)
16262a18: posts the ante 75
Hero: posts the ante 75
70c85ef4: posts the ante 75
4e7bc2ed: posts the ante 75
a606caae: posts the ante 75
3c2fd4b5: posts the ante 75
4cfe9444: posts the ante 75
53d78f06: posts the ante 75
70c85ef4: posts small blind 300
16262a18: posts big blind 600
*** HOLE CARDS ***
Dealt to 53d78f06 
Dealt to 4cfe9444 
Dealt to Hero [7h 5c]
Dealt to 3c2fd4b5 
Dealt to a606caae 
Dealt to 4e7bc2ed 
Dealt to 70c85ef4 
Dealt to 16262a18 
53d78f06: folds
4cfe9444: folds
Hero: folds
3c2fd4b5: folds
a606caae: folds
4e7bc2ed: raises 720 to 1,320
70c85ef4: folds
16262a18: folds
Uncalled bet (720) returned to 4e7bc2ed
*** SHOWDOWN ***
4e7bc2ed collected 2,100 from pot
*** SUMMARY ***
Total pot 2,100 | Rake 0 | Jackpot 0 | Bingo 0 | Fortune 0 | Tax 0
Seat 1: 53d78f06 folded before Flop
Seat 2: 4cfe9444 folded before Flop
Seat 3: Hero folded before Flop
Seat 4: 3c2fd4b5 folded before Flop
Seat 5: a606caae folded before Flop
Seat 6: 4e7bc2ed (button) collected (2,100)
Seat 7: 70c85ef4 (small blind) folded before Flop
Seat 8: 16262a18 (big blind) folded before Flop


Poker Hand #TM5642566863: Tournament #266375414, APL Series: ¥88 Zodiac Lucky Eights Bounty + Rabbit Hold'em No Limit - Level11(300/600(75)) - 2026/02/28 20:28:45
Table '33' 8-max Seat #5 is the button
Seat 1: 53d78f06 (18,362 in chips)
Seat 2: 4cfe9444 (41,694 in chips)
Seat 3: Hero (26,449 in chips)
Seat 4: 3c2fd4b5 (23,574 in chips)
Seat 5: a606caae (16,210 in chips)
Seat 6: 4e7bc2ed (58,224 in chips)
Seat 7: 70c85ef4 (10,000 in chips)
Seat 8: 16262a18 (67,911 in chips)
16262a18: posts the ante 75
Hero: posts the ante 75
70c85ef4: posts the ante 75
a606caae: posts the ante 75
4e7bc2ed: posts the ante 75
3c2fd4b5: posts the ante 75
4cfe9444: posts the ante 75
53d78f06: posts the ante 75
4e7bc2ed: posts small blind 300
70c85ef4: posts big blind 600
*** HOLE CARDS ***
Dealt to 53d78f06 
Dealt to 4cfe9444 
Dealt to Hero [Kc 8h]
Dealt to 3c2fd4b5 
Dealt to a606caae 
Dealt to 4e7bc2ed 
Dealt to 70c85ef4 
Dealt to 16262a18 
16262a18: folds
53d78f06: folds
4cfe9444: folds
Hero: folds
3c2fd4b5: folds
a606caae: raises 600 to 1,200
4e7bc2ed: folds
70c85ef4: calls 600
*** FLOP *** [6h 6s 9s]
70c85ef4: checks
a606caae: checks
*** TURN *** [6h 6s 9s] [3c]
70c85ef4: bets 1,650
a606caae: folds
Uncalled bet (1,650) returned to 70c85ef4
*** SHOWDOWN ***
70c85ef4 collected 3,300 from pot
*** SUMMARY ***
Total pot 3,300 | Rake 0 | Jackpot 0 | Bingo 0 | Fortune 0 | Tax 0
Board [6h 6s 9s 3c]
Seat 1: 53d78f06 folded before Flop
Seat 2: 4cfe9444 folded before Flop
Seat 3: Hero folded before Flop
Seat 4: 3c2fd4b5 folded before Flop
Seat 5: a606caae (button) folded on the Turn
Seat 6: 4e7bc2ed (small blind) folded before Flop
Seat 7: 70c85ef4 (big blind) won (3,300)
Seat 8: 16262a18 folded before Flop


Poker Hand #TM5642566839: Tournament #266375414, APL Series: ¥88 Zodiac Lucky Eights Bounty + Rabbit Hold'em No Limit - Level11(300/600(75)) - 2026/02/28 20:27:55
Table '33' 8-max Seat #4 is the button
Seat 1: 53d78f06 (18,437 in chips)
Seat 2: 4cfe9444 (41,769 in chips)
Seat 3: Hero (26,524 in chips)
Seat 4: 3c2fd4b5 (23,649 in chips)
Seat 5: a606caae (16,585 in chips)
Seat 6: 4e7bc2ed (47,474 in chips)
Seat 7: cbfff41d (10,000 in chips)
Seat 8: 16262a18 (67,986 in chips)
16262a18: posts the ante 75
Hero: posts the ante 75
cbfff41d: posts the ante 75
4e7bc2ed: posts the ante 75
a606caae: posts the ante 75
3c2fd4b5: posts the ante 75
4cfe9444: posts the ante 75
53d78f06: posts the ante 75
a606caae: posts small blind 300
4e7bc2ed: posts big blind 600
*** HOLE CARDS ***
Dealt to 53d78f06 
Dealt to 4cfe9444 
Dealt to Hero [Kh 8c]
Dealt to 3c2fd4b5 
Dealt to a606caae 
Dealt to 4e7bc2ed 
Dealt to cbfff41d 
Dealt to 16262a18 
cbfff41d: raises 9,325 to 9,925 and is all-in
16262a18: folds
53d78f06: folds
4cfe9444: folds
Hero: folds
3c2fd4b5: folds
a606caae: folds
4e7bc2ed: calls 9,325
cbfff41d: shows [8h As]
4e7bc2ed: shows [Qc Qd]
*** FLOP *** [9h 7s Qh]
*** TURN *** [9h 7s Qh] [Th]
*** RIVER *** [9h 7s Qh Th] [Ac]
53d78f06: shows [Qs] (a pair of Queens)
*** SHOWDOWN ***
4e7bc2ed collected 20,750 from pot
*** SUMMARY ***
Total pot 20,750 | Rake 0 | Jackpot 0 | Bingo 0 | Fortune 0 | Tax 0
Board [9h 7s Qh Th Ac]
Seat 1: 53d78f06 folded before Flop
Seat 2: 4cfe9444 folded before Flop
Seat 3: Hero folded before Flop
Seat 4: 3c2fd4b5 (button) folded before Flop
Seat 5: a606caae (small blind) folded before Flop
Seat 6: 4e7bc2ed (big blind) showed [Qc Qd] and won (20,750) with three of a kind, Queens
Seat 7: cbfff41d showed [8h As] and lost with a pair of Aces
Seat 8: 16262a18 folded before Flop


Poker Hand #TM5642566818: Tournament #266375414, APL Series: ¥88 Zodiac Lucky Eights Bounty + Rabbit Hold'em No Limit - Level11(300/600(75)) - 2026/02/28 20:27:11
Table '33' 8-max Seat #3 is the button
Seat 1: 53d78f06 (21,371 in chips)
Seat 2: 4cfe9444 (44,703 in chips)
Seat 3: Hero (26,599 in chips)
Seat 4: 3c2fd4b5 (24,024 in chips)
Seat 5: a606caae (17,260 in chips)
Seat 6: 4e7bc2ed (47,549 in chips)
Seat 8: 16262a18 (60,918 in chips)
16262a18: posts the ante 75
Hero: posts the ante 75
4e7bc2ed: posts the ante 75
a606caae: posts the ante 75
4cfe9444: posts the ante 75
3c2fd4b5: posts the ante 75
53d78f06: posts the ante 75
3c2fd4b5: posts small blind 300
a606caae: posts big blind 600
*** HOLE CARDS ***
Dealt to 53d78f06 
Dealt to 4cfe9444 
Dealt to Hero [Ah 3s]
Dealt to 3c2fd4b5 
Dealt to a606caae 
Dealt to 4e7bc2ed 
Dealt to 16262a18 
4e7bc2ed: folds
16262a18: raises 600 to 1,200
53d78f06: calls 1,200
4cfe9444: calls 1,200
Hero: folds
3c2fd4b5: folds
a606caae: folds
*** FLOP *** [Ad 8c Kc]
16262a18: checks
53d78f06: bets 1,659
4cfe9444: calls 1,659
16262a18: raises 7,502 to 9,161
53d78f06: folds
4cfe9444: folds
Uncalled bet (7,502) returned to 16262a18
*** SHOWDOWN ***
16262a18 collected 10,002 from pot
*** SUMMARY ***
Total pot 10,002 | Rake 0 | Jackpot 0 | Bingo 0 | Fortune 0 | Tax 0
Board [Ad 8c Kc]
Seat 1: 53d78f06 folded on the Flop
Seat 2: 4cfe9444 folded on the Flop
Seat 3: Hero (button) folded before Flop
Seat 4: 3c2fd4b5 (small blind) folded before Flop
Seat 5: a606caae (big blind) folded before Flop
Seat 6: 4e7bc2ed folded before Flop
Seat 8: 16262a18 won (10,002)


Poker Hand #TM5642566776: Tournament #266375414, APL Series: ¥88 Zodiac Lucky Eights Bounty + Rabbit Hold'em No Limit - Level11(300/600(75)) - 2026/02/28 20:25:58
Table '33' 8-max Seat #2 is the button
Seat 1: 53d78f06 (21,446 in chips)
Seat 2: 4cfe9444 (44,778 in chips)
Seat 3: Hero (30,574 in chips)
Seat 4: 3c2fd4b5 (24,699 in chips)
Seat 5: a606caae (17,335 in chips)
Seat 6: 4e7bc2ed (47,624 in chips)
Seat 7: 82fbdd96 (29,044 in chips)
Seat 8: 16262a18 (60,993 in chips)
16262a18: posts the ante 75
Hero: posts the ante 75
82fbdd96: posts the ante 75
4e7bc2ed: posts the ante 75
a606caae: posts the ante 75
4cfe9444: posts the ante 75
3c2fd4b5: posts the ante 75
53d78f06: posts the ante 75
Hero: posts small blind 300
3c2fd4b5: posts big blind 600
*** HOLE CARDS ***
Dealt to 53d78f06 
Dealt to 4cfe9444 
Dealt to Hero [Ad 9c]
Dealt to 3c2fd4b5 
Dealt to a606caae 
Dealt to 4e7bc2ed 
Dealt to 82fbdd96 
Dealt to 16262a18 
a606caae: folds
4e7bc2ed: folds
82fbdd96: raises 600 to 1,200
16262a18: folds
53d78f06: folds
4cfe9444: folds
Hero: calls 900
3c2fd4b5: folds
*** FLOP *** [6c 3d 3s]
Hero: checks
82fbdd96: bets 2,700
Hero: calls 2,700
*** TURN *** [6c 3d 3s] [Jh]
Hero: checks
82fbdd96: checks
*** RIVER *** [6c 3d 3s Jh] [8s]
Hero: checks
82fbdd96: checks
Hero: shows [Ad 9c] (a pair of Threes)
82fbdd96: shows [Tc As] (a pair of Threes)
*** SHOWDOWN ***
82fbdd96 collected 9,000 from pot
*** SUMMARY ***
Total pot 9,000 | Rake 0 | Jackpot 0 | Bingo 0 | Fortune 0 | Tax 0
Board [6c 3d 3s Jh 8s]
Seat 1: 53d78f06 folded before Flop
Seat 2: 4cfe9444 (button) folded before Flop
Seat 3: Hero (small blind) showed [Ad 9c] and lost with a pair of Threes
Seat 4: 3c2fd4b5 (big blind) folded before Flop
Seat 5: a606caae folded before Flop
Seat 6: 4e7bc2ed folded before Flop
Seat 7: 82fbdd96 showed [Tc As] and won (9,000) with a pair of Threes
Seat 8: 16262a18 folded before Flop


Poker Hand #TM5642566752: Tournament #266375414, APL Series: ¥88 Zodiac Lucky Eights Bounty + Rabbit Hold'em No Limit - Level11(300/600(75)) - 2026/02/28 20:25:05
Table '33' 8-max Seat #1 is the button
Seat 1: 53d78f06 (21,521 in chips)
Seat 2: 4cfe9444 (45,153 in chips)
Seat 3: Hero (54,011 in chips)
Seat 4: 3c2fd4b5 (24,774 in chips)
Seat 5: a606caae (17,410 in chips)
Seat 6: 4e7bc2ed (23,437 in chips)
Seat 7: 82fbdd96 (29,119 in chips)
Seat 8: 16262a18 (61,068 in chips)
16262a18: posts the ante 75
Hero: posts the ante 75
82fbdd96: posts the ante 75
4e7bc2ed: posts the ante 75
a606caae: posts the ante 75
3c2fd4b5: posts the ante 75
4cfe9444: posts the ante 75
53d78f06: posts the ante 75
4cfe9444: posts small blind 300
Hero: posts big blind 600
*** HOLE CARDS ***
Dealt to 53d78f06 
Dealt to 4cfe9444 
Dealt to Hero [Ks Ac]
Dealt to 3c2fd4b5 
Dealt to a606caae 
Dealt to 4e7bc2ed 
Dealt to 82fbdd96 
Dealt to 16262a18 
3c2fd4b5: folds
a606caae: folds
4e7bc2ed: raises 720 to 1,320
82fbdd96: folds
16262a18: folds
53d78f06: folds
4cfe9444: folds
Hero: raises 3,855 to 5,175
4e7bc2ed: raises 18,187 to 23,362 and is all-in
Hero: calls 18,187
4e7bc2ed: shows [Kd Kc]
Hero: shows [Ks Ac]
*** FLOP *** [Qs Ts 9h]
*** TURN *** [Qs Ts 9h] [Kh]
*** RIVER *** [Qs Ts 9h Kh] [9c]
*** SHOWDOWN ***
4e7bc2ed collected 47,624 from pot
*** SUMMARY ***
Total pot 47,624 | Rake 0 | Jackpot 0 | Bingo 0 | Fortune 0 | Tax 0
Board [Qs Ts 9h Kh 9c]
Seat 1: 53d78f06 (button) folded before Flop
Seat 2: 4cfe9444 (small blind) folded before Flop
Seat 3: Hero (big blind) showed [Ks Ac] and lost with two pair, Kings and Nines
Seat 4: 3c2fd4b5 folded before Flop
Seat 5: a606caae folded before Flop
Seat 6: 4e7bc2ed showed [Kd Kc] and won (47,624) with a full house, Kings full of Nines
Seat 7: 82fbdd96 folded before Flop
Seat 8: 16262a18 folded before Flop


Poker Hand #TM5642566724: Tournament #266375414, APL Series: ¥88 Zodiac Lucky Eights Bounty + Rabbit Hold'em No Limit - Level11(300/600(75)) - 2026/02/28 20:24:05
Table '33' 8-max Seat #8 is the button
Seat 1: 53d78f06 (21,896 in chips)
Seat 2: 4cfe9444 (30,828 in chips)
Seat 3: Hero (54,086 in chips)
Seat 4: 3c2fd4b5 (24,849 in chips)
Seat 5: a606caae (17,485 in chips)
Seat 6: 4e7bc2ed (23,512 in chips)
Seat 7: 82fbdd96 (42,694 in chips)
Seat 8: 16262a18 (61,143 in chips)
16262a18: posts the ante 75
Hero: posts the ante 75
82fbdd96: posts the ante 75
4e7bc2ed: posts the ante 75
a606caae: posts the ante 75
3c2fd4b5: posts the ante 75
4cfe9444: posts the ante 75
53d78f06: posts the ante 75
53d78f06: posts small blind 300
4cfe9444: posts big blind 600
*** HOLE CARDS ***
Dealt to 53d78f06 
Dealt to 4cfe9444 
Dealt to Hero [8c 6c]
Dealt to 3c2fd4b5 
Dealt to a606caae 
Dealt to 4e7bc2ed 
Dealt to 82fbdd96 
Dealt to 16262a18 
Hero: folds
3c2fd4b5: folds
a606caae: folds
4e7bc2ed: folds
82fbdd96: raises 600 to 1,200
16262a18: folds
53d78f06: folds
4cfe9444: raises 3,300 to 4,500
82fbdd96: calls 3,300
*** FLOP *** [Jd Js 4h]
4cfe9444: bets 3,300
82fbdd96: calls 3,300
*** TURN *** [Jd Js 4h] [6h]
4cfe9444: bets 5,700
82fbdd96: calls 5,700
*** RIVER *** [Jd Js 4h 6h] [Th]
4cfe9444: checks
82fbdd96: checks
4cfe9444: shows [Ah Ks] (a pair of Jacks)
82fbdd96: shows [Ad Qc] (a pair of Jacks)
*** SHOWDOWN ***
4cfe9444 collected 27,900 from pot
*** SUMMARY ***
Total pot 27,900 | Rake 0 | Jackpot 0 | Bingo 0 | Fortune 0 | Tax 0
Board [Jd Js 4h 6h Th]
Seat 1: 53d78f06 (small blind) folded before Flop
Seat 2: 4cfe9444 (big blind) showed [Ah Ks] and won (27,900) with a pair of Jacks
Seat 3: Hero folded before Flop
Seat 4: 3c2fd4b5 folded before Flop
Seat 5: a606caae folded before Flop
Seat 6: 4e7bc2ed folded before Flop
Seat 7: 82fbdd96 showed [Ad Qc] and lost with a pair of Jacks
Seat 8: 16262a18 (button) folded before Flop


Poker Hand #TM5642566693: Tournament #266375414, APL Series: ¥88 Zodiac Lucky Eights Bounty + Rabbit Hold'em No Limit - Level10(250/500(60)) - 2026/02/28 20:23:08
Table '33' 8-max Seat #7 is the button
Seat 1: 53d78f06 (22,456 in chips)
Seat 2: 4cfe9444 (30,888 in chips)
Seat 3: Hero (33,835 in chips)
Seat 4: 3c2fd4b5 (24,909 in chips)
Seat 5: a606caae (17,545 in chips)
Seat 6: 4e7bc2ed (23,572 in chips)
Seat 7: 82fbdd96 (43,754 in chips)
Seat 8: 16262a18 (79,534 in chips)
16262a18: posts the ante 60
Hero: posts the ante 60
82fbdd96: posts the ante 60
4e7bc2ed: posts the ante 60
a606caae: posts the ante 60
3c2fd4b5: posts the ante 60
4cfe9444: posts the ante 60
53d78f06: posts the ante 60
16262a18: posts small blind 250
53d78f06: posts big blind 500
*** HOLE CARDS ***
Dealt to 53d78f06 
Dealt to 4cfe9444 
Dealt to Hero [9s As]
Dealt to 3c2fd4b5 
Dealt to a606caae 
Dealt to 4e7bc2ed 
Dealt to 82fbdd96 
Dealt to 16262a18 
4cfe9444: folds
Hero: raises 500 to 1,000
3c2fd4b5: folds
a606caae: folds
4e7bc2ed: folds
82fbdd96: calls 1,000
16262a18: raises 3,980 to 4,980
53d78f06: folds
Hero: raises 5,970 to 10,950
82fbdd96: folds
16262a18: calls 5,970
*** FLOP *** [5c Kd 9d]
16262a18: checks
Hero: bets 7,381
16262a18: calls 7,381
*** TURN *** [5c Kd 9d] [3s]
16262a18: checks
Hero: bets 15,444 and is all-in
16262a18: folds
Uncalled bet (15,444) returned to Hero
*** SHOWDOWN ***
Hero collected 38,642 from pot
*** SUMMARY ***
Total pot 38,642 | Rake 0 | Jackpot 0 | Bingo 0 | Fortune 0 | Tax 0
Board [5c Kd 9d 3s]
Seat 1: 53d78f06 (big blind) folded before Flop
Seat 2: 4cfe9444 folded before Flop
Seat 3: Hero won (38,642)
Seat 4: 3c2fd4b5 folded before Flop
Seat 5: a606caae folded before Flop
Seat 6: 4e7bc2ed folded before Flop
Seat 7: 82fbdd96 (button) folded before Flop
Seat 8: 16262a18 (small blind) folded on the Turn


Poker Hand #TM5642566673: Tournament #266375414, APL Series: ¥88 Zodiac Lucky Eights Bounty + Rabbit Hold'em No Limit - Level10(250/500(60)) - 2026/02/28 20:22:33
Table '33' 8-max Seat #6 is the button
Seat 1: 53d78f06 (20,036 in chips)
Seat 2: 4cfe9444 (30,948 in chips)
Seat 3: Hero (33,895 in chips)
Seat 4: 3c2fd4b5 (24,969 in chips)
Seat 5: a606caae (17,605 in chips)
Seat 6: 4e7bc2ed (23,632 in chips)
Seat 7: 82fbdd96 (44,814 in chips)
Seat 8: 16262a18 (80,594 in chips)
16262a18: posts the ante 60
Hero: posts the ante 60
4e7bc2ed: posts the ante 60
a606caae: posts the ante 60
82fbdd96: posts the ante 60
3c2fd4b5: posts the ante 60
4cfe9444: posts the ante 60
53d78f06: posts the ante 60
82fbdd96: posts small blind 250
16262a18: posts big blind 500
*** HOLE CARDS ***
Dealt to 53d78f06 
Dealt to 4cfe9444 
Dealt to Hero [Jc 8h]
Dealt to 3c2fd4b5 
Dealt to a606caae 
Dealt to 4e7bc2ed 
Dealt to 82fbdd96 
Dealt to 16262a18 
53d78f06: raises 500 to 1,000
4cfe9444: folds
Hero: folds
3c2fd4b5: folds
a606caae: folds
4e7bc2ed: folds
82fbdd96: calls 750
16262a18: calls 500
*** FLOP *** [4c 3c Ad]
82fbdd96: checks
16262a18: checks
53d78f06: bets 1,740
82fbdd96: folds
16262a18: folds
Uncalled bet (1,740) returned to 53d78f06
*** SHOWDOWN ***
53d78f06 collected 3,480 from pot
*** SUMMARY ***
Total pot 3,480 | Rake 0 | Jackpot 0 | Bingo 0 | Fortune 0 | Tax 0
Board [4c 3c Ad]
Seat 1: 53d78f06 won (3,480)
Seat 2: 4cfe9444 folded before Flop
Seat 3: Hero folded before Flop
Seat 4: 3c2fd4b5 folded before Flop
Seat 5: a606caae folded before Flop
Seat 6: 4e7bc2ed (button) folded before Flop
Seat 7: 82fbdd96 (small blind) folded on the Flop
Seat 8: 16262a18 (big blind) folded on the Flop


Poker Hand #TM5642566641: Tournament #266375414, APL Series: ¥88 Zodiac Lucky Eights Bounty + Rabbit Hold'em No Limit - Level10(250/500(60)) - 2026/02/28 20:21:26
Table '33' 8-max Seat #5 is the button
Seat 1: 53d78f06 (20,096 in chips)
Seat 2: 4cfe9444 (31,008 in chips)
Seat 3: Hero (33,955 in chips)
Seat 4: 3c2fd4b5 (25,029 in chips)
Seat 5: a606caae (14,570 in chips)
Seat 6: 4e7bc2ed (23,942 in chips)
Seat 7: 82fbdd96 (47,239 in chips)
Seat 8: 16262a18 (80,654 in chips)
16262a18: posts the ante 60
Hero: posts the ante 60
a606caae: posts the ante 60
82fbdd96: posts the ante 60
4e7bc2ed: posts the ante 60
3c2fd4b5: posts the ante 60
4cfe9444: posts the ante 60
53d78f06: posts the ante 60
4e7bc2ed: posts small blind 250
82fbdd96: posts big blind 500
*** HOLE CARDS ***
Dealt to 53d78f06 
Dealt to 4cfe9444 
Dealt to Hero [Qs 4c]
Dealt to 3c2fd4b5 
Dealt to a606caae 
Dealt to 4e7bc2ed 
Dealt to 82fbdd96 
Dealt to 16262a18 
16262a18: folds
53d78f06: folds
4cfe9444: folds
Hero: folds
3c2fd4b5: folds
a606caae: raises 500 to 1,000
4e7bc2ed: folds
82fbdd96: calls 500
*** FLOP *** [Td 9c Th]
82fbdd96: checks
a606caae: checks
*** TURN *** [Td 9c Th] [4s]
82fbdd96: bets 1,365
a606caae: calls 1,365
*** RIVER *** [Td 9c Th 4s] [Jh]
82fbdd96: checks
a606caae: checks
82fbdd96: shows [7d 3s] (a pair of Tens)
a606caae: shows [Ac Ks] (a pair of Tens)
*** SHOWDOWN ***
a606caae collected 5,460 from pot
*** SUMMARY ***
Total pot 5,460 | Rake 0 | Jackpot 0 | Bingo 0 | Fortune 0 | Tax 0
Board [Td 9c Th 4s Jh]
Seat 1: 53d78f06 folded before Flop
Seat 2: 4cfe9444 folded before Flop
Seat 3: Hero folded before Flop
Seat 4: 3c2fd4b5 folded before Flop
Seat 5: a606caae (button) showed [Ac Ks] and won (5,460) with a pair of Tens
Seat 6: 4e7bc2ed (small blind) folded before Flop
Seat 7: 82fbdd96 (big blind) showed [7d 3s] and lost with a pair of Tens
Seat 8: 16262a18 folded before Flop


Poker Hand #TM5642566614: Tournament #266375414, APL Series: ¥88 Zodiac Lucky Eights Bounty + Rabbit Hold'em No Limit - Level10(250/500(60)) - 2026/02/28 20:20:32
Table '33' 8-max Seat #4 is the button
Seat 1: 53d78f06 (21,156 in chips)
Seat 2: 4cfe9444 (28,338 in chips)
Seat 3: Hero (34,015 in chips)
Seat 4: 3c2fd4b5 (25,089 in chips)
Seat 5: a606caae (14,880 in chips)
Seat 6: 4e7bc2ed (25,002 in chips)
Seat 7: 82fbdd96 (47,299 in chips)
Seat 8: 16262a18 (80,714 in chips)
16262a18: posts the ante 60
Hero: posts the ante 60
82fbdd96: posts the ante 60
4e7bc2ed: posts the ante 60
a606caae: posts the ante 60
3c2fd4b5: posts the ante 60
4cfe9444: posts the ante 60
53d78f06: posts the ante 60
a606caae: posts small blind 250
4e7bc2ed: posts big blind 500
*** HOLE CARDS ***
Dealt to 53d78f06 
Dealt to 4cfe9444 
Dealt to Hero [3s 4h]
Dealt to 3c2fd4b5 
Dealt to a606caae 
Dealt to 4e7bc2ed 
Dealt to 82fbdd96 
Dealt to 16262a18 
82fbdd96: folds
16262a18: folds
53d78f06: raises 500 to 1,000
4cfe9444: calls 1,000
Hero: folds
3c2fd4b5: folds
a606caae: folds
4e7bc2ed: calls 500
*** FLOP *** [Ks 7s 7h]
4e7bc2ed: checks
53d78f06: checks
4cfe9444: bets 1,250
4e7bc2ed: folds
53d78f06: folds
Uncalled bet (1,250) returned to 4cfe9444
*** SHOWDOWN ***
4cfe9444 collected 3,730 from pot
*** SUMMARY ***
Total pot 3,730 | Rake 0 | Jackpot 0 | Bingo 0 | Fortune 0 | Tax 0
Board [Ks 7s 7h]
Seat 1: 53d78f06 folded on the Flop
Seat 2: 4cfe9444 won (3,730)
Seat 3: Hero folded before Flop
Seat 4: 3c2fd4b5 (button) folded before Flop
Seat 5: a606caae (small blind) folded before Flop
Seat 6: 4e7bc2ed (big blind) folded on the Flop
Seat 7: 82fbdd96 folded before Flop
Seat 8: 16262a18 folded before Flop


Poker Hand #TM5643234410: Tournament #266375414, APL Series: ¥88 Zodiac Lucky Eights Bounty + Rabbit Hold'em No Limit - Level10(250/500(60)) - 2026/02/28 20:18:41
Table '77' 8-max Seat #5 is the button
Seat 1: afd4ea40 (9,993 in chips)
Seat 2: f5c7926c (20,572 in chips)
Seat 3: ac5e58b8 (12,145 in chips)
Seat 4: Hero (34,075 in chips)
Seat 5: 8c4c17e1 (15,007 in chips)
Seat 6: dfe36de8 (17,189 in chips)
Seat 7: ef39121d (1,872 in chips)
Seat 8: f0aeb4ba (14,653 in chips)
f5c7926c: posts the ante 60
Hero: posts the ante 60
8c4c17e1: posts the ante 60
ac5e58b8: posts the ante 60
f0aeb4ba: posts the ante 60
ef39121d: posts the ante 60
afd4ea40: posts the ante 60
dfe36de8: posts the ante 60
dfe36de8: posts small blind 250
ef39121d: posts big blind 500
*** HOLE CARDS ***
Dealt to afd4ea40 
Dealt to f5c7926c 
Dealt to ac5e58b8 
Dealt to Hero [2s Ah]
Dealt to 8c4c17e1 
Dealt to dfe36de8 
Dealt to ef39121d 
Dealt to f0aeb4ba 
f0aeb4ba: folds
afd4ea40: folds
f5c7926c: folds
ac5e58b8: raises 500 to 1,000
Hero: folds
8c4c17e1: calls 1,000
dfe36de8: folds
ef39121d: raises 812 to 1,812 and is all-in
ac5e58b8: raises 10,273 to 12,085 and is all-in
8c4c17e1: calls 11,085
ac5e58b8: shows [Qc Jc]
8c4c17e1: shows [Th Qh]
ef39121d: shows [As Qd]
*** FLOP *** [7c Td 7d]
*** TURN *** [7c Td 7d] [5c]
*** RIVER *** [7c Td 7d 5c] [5h]
*** SHOWDOWN ***
8c4c17e1 collected 6,166 from pot
8c4c17e1 collected 20,546 from pot
*** SUMMARY ***
Total pot 26,712 | Rake 0 | Jackpot 0 | Bingo 0 | Fortune 0 | Tax 0
Board [7c Td 7d 5c 5h]
Seat 1: afd4ea40 folded before Flop
Seat 2: f5c7926c folded before Flop
Seat 3: ac5e58b8 showed [Qc Jc] and lost with two pair, Sevens and Fives
Seat 4: Hero folded before Flop
Seat 5: 8c4c17e1 (button) showed [Th Qh] and won (26,712) with two pair, Tens and Sevens
Seat 6: dfe36de8 (small blind) folded before Flop
Seat 7: ef39121d (big blind) showed [As Qd] and lost with two pair, Sevens and Fives
Seat 8: f0aeb4ba folded before Flop


Poker Hand #TM5643234374: Tournament #266375414, APL Series: ¥88 Zodiac Lucky Eights Bounty + Rabbit Hold'em No Limit - Level10(250/500(60)) - 2026/02/28 20:17:30
Table '77' 8-max Seat #4 is the button
Seat 1: afd4ea40 (10,053 in chips)
Seat 2: f5c7926c (20,632 in chips)
Seat 3: ac5e58b8 (12,205 in chips)
Seat 4: Hero (34,135 in chips)
Seat 5: 8c4c17e1 (14,827 in chips)
Seat 6: dfe36de8 (17,009 in chips)
Seat 7: ef39121d (1,932 in chips)
Seat 8: f0aeb4ba (14,713 in chips)
f5c7926c: posts the ante 60
Hero: posts the ante 60
ac5e58b8: posts the ante 60
8c4c17e1: posts the ante 60
f0aeb4ba: posts the ante 60
ef39121d: posts the ante 60
afd4ea40: posts the ante 60
dfe36de8: posts the ante 60
8c4c17e1: posts small blind 250
dfe36de8: posts big blind 500
*** HOLE CARDS ***
Dealt to afd4ea40 
Dealt to f5c7926c 
Dealt to ac5e58b8 
Dealt to Hero [2d Jd]
Dealt to 8c4c17e1 
Dealt to dfe36de8 
Dealt to ef39121d 
Dealt to f0aeb4ba 
ef39121d: folds
f0aeb4ba: folds
afd4ea40: folds
f5c7926c: folds
ac5e58b8: folds
Hero: folds
8c4c17e1: calls 250
dfe36de8: checks
*** FLOP *** [4c Tc Td]
8c4c17e1: checks
dfe36de8: checks
*** TURN *** [4c Tc Td] [Ad]
8c4c17e1: checks
dfe36de8: checks
*** RIVER *** [4c Tc Td Ad] [4s]
8c4c17e1: checks
dfe36de8: checks
8c4c17e1: shows [Qd 9h] (two pair, Tens and Fours)
dfe36de8: shows [8c Kh] (two pair, Tens and Fours)
*** SHOWDOWN ***
dfe36de8 collected 740 from pot
8c4c17e1 collected 740 from pot
*** SUMMARY ***
Total pot 1,480 | Rake 0 | Jackpot 0 | Bingo 0 | Fortune 0 | Tax 0
Board [4c Tc Td Ad 4s]
Seat 1: afd4ea40 folded before Flop
Seat 2: f5c7926c folded before Flop
Seat 3: ac5e58b8 folded before Flop
Seat 4: Hero (button) folded before Flop
Seat 5: 8c4c17e1 (small blind) showed [Qd 9h] and won (740) with two pair, Tens and Fours
Seat 6: dfe36de8 (big blind) showed [8c Kh] and won (740) with two pair, Tens and Fours
Seat 7: ef39121d folded before Flop
Seat 8: f0aeb4ba folded before Flop


Poker Hand #TM5643234346: Tournament #266375414, APL Series: ¥88 Zodiac Lucky Eights Bounty + Rabbit Hold'em No Limit - Level10(250/500(60)) - 2026/02/28 20:16:36
Table '77' 8-max Seat #3 is the button
Seat 1: afd4ea40 (10,113 in chips)
Seat 2: f5c7926c (20,692 in chips)
Seat 3: ac5e58b8 (12,265 in chips)
Seat 4: Hero (32,215 in chips)
Seat 5: 8c4c17e1 (15,387 in chips)
Seat 6: dfe36de8 (18,069 in chips)
Seat 7: ef39121d (1,992 in chips)
Seat 8: f0aeb4ba (14,773 in chips)
f5c7926c: posts the ante 60
Hero: posts the ante 60
ac5e58b8: posts the ante 60
8c4c17e1: posts the ante 60
f0aeb4ba: posts the ante 60
ef39121d: posts the ante 60
afd4ea40: posts the ante 60
dfe36de8: posts the ante 60
Hero: posts small blind 250
8c4c17e1: posts big blind 500
*** HOLE CARDS ***
Dealt to afd4ea40 
Dealt to f5c7926c 
Dealt to ac5e58b8 
Dealt to Hero [Qs Ah]
Dealt to 8c4c17e1 
Dealt to dfe36de8 
Dealt to ef39121d 
Dealt to f0aeb4ba 
dfe36de8: raises 500 to 1,000
ef39121d: folds
f0aeb4ba: folds
afd4ea40: folds
f5c7926c: folds
ac5e58b8: folds
Hero: raises 2,735 to 3,735
8c4c17e1: folds
dfe36de8: folds
Uncalled bet (2,735) returned to Hero
*** SHOWDOWN ***
Hero collected 2,980 from pot
*** SUMMARY ***
Total pot 2,980 | Rake 0 | Jackpot 0 | Bingo 0 | Fortune 0 | Tax 0
Seat 1: afd4ea40 folded before Flop
Seat 2: f5c7926c folded before Flop
Seat 3: ac5e58b8 (button) folded before Flop
Seat 4: Hero (small blind) collected (2,980)
Seat 5: 8c4c17e1 (big blind) folded before Flop
Seat 6: dfe36de8 folded before Flop
Seat 7: ef39121d folded before Flop
Seat 8: f0aeb4ba folded before Flop


Poker Hand #TM5643234317: Tournament #266375414, APL Series: ¥88 Zodiac Lucky Eights Bounty + Rabbit Hold'em No Limit - Level10(250/500(60)) - 2026/02/28 20:15:57
Table '77' 8-max Seat #2 is the button
Seat 1: afd4ea40 (10,173 in chips)
Seat 2: f5c7926c (20,752 in chips)
Seat 3: ac5e58b8 (12,575 in chips)
Seat 4: Hero (32,775 in chips)
Seat 5: 8c4c17e1 (14,217 in chips)
Seat 6: dfe36de8 (18,129 in chips)
Seat 7: ef39121d (2,052 in chips)
Seat 8: f0aeb4ba (14,833 in chips)
f5c7926c: posts the ante 60
Hero: posts the ante 60
8c4c17e1: posts the ante 60
ac5e58b8: posts the ante 60
f0aeb4ba: posts the ante 60
ef39121d: posts the ante 60
afd4ea40: posts the ante 60
dfe36de8: posts the ante 60
ac5e58b8: posts small blind 250
Hero: posts big blind 500
*** HOLE CARDS ***
Dealt to afd4ea40 
Dealt to f5c7926c 
Dealt to ac5e58b8 
Dealt to Hero [6h 3c]
Dealt to 8c4c17e1 
Dealt to dfe36de8 
Dealt to ef39121d 
Dealt to f0aeb4ba 
8c4c17e1: raises 500 to 1,000
dfe36de8: folds
ef39121d: folds
f0aeb4ba: folds
afd4ea40: folds
f5c7926c: folds
ac5e58b8: folds
Hero: folds
Uncalled bet (500) returned to 8c4c17e1
*** SHOWDOWN ***
8c4c17e1 collected 1,730 from pot
*** SUMMARY ***
Total pot 1,730 | Rake 0 | Jackpot 0 | Bingo 0 | Fortune 0 | Tax 0
Seat 1: afd4ea40 folded before Flop
Seat 2: f5c7926c (button) folded before Flop
Seat 3: ac5e58b8 (small blind) folded before Flop
Seat 4: Hero (big blind) folded before Flop
Seat 5: 8c4c17e1 collected (1,730)
Seat 6: dfe36de8 folded before Flop
Seat 7: ef39121d folded before Flop
Seat 8: f0aeb4ba folded before Flop


Poker Hand #TM5643234302: Tournament #266375414, APL Series: ¥88 Zodiac Lucky Eights Bounty + Rabbit Hold'em No Limit - Level10(250/500(60)) - 2026/02/28 20:15:26
Table '77' 8-max Seat #1 is the button
Seat 1: afd4ea40 (10,233 in chips)
Seat 2: f5c7926c (19,832 in chips)
Seat 3: ac5e58b8 (13,135 in chips)
Seat 4: Hero (32,835 in chips)
Seat 5: 8c4c17e1 (14,277 in chips)
Seat 6: dfe36de8 (18,189 in chips)
Seat 7: ef39121d (2,112 in chips)
Seat 8: f0aeb4ba (14,893 in chips)
f5c7926c: posts the ante 60
Hero: posts the ante 60
8c4c17e1: posts the ante 60
ac5e58b8: posts the ante 60
f0aeb4ba: posts the ante 60
ef39121d: posts the ante 60
afd4ea40: posts the ante 60
dfe36de8: posts the ante 60
f5c7926c: posts small blind 250
ac5e58b8: posts big blind 500
*** HOLE CARDS ***
Dealt to afd4ea40 
Dealt to f5c7926c 
Dealt to ac5e58b8 
Dealt to Hero [6d 5d]
Dealt to 8c4c17e1 
Dealt to dfe36de8 
Dealt to ef39121d 
Dealt to f0aeb4ba 
Hero: folds
8c4c17e1: folds
dfe36de8: folds
ef39121d: folds
f0aeb4ba: folds
afd4ea40: folds
f5c7926c: raises 1,480 to 1,980
ac5e58b8: folds
Uncalled bet (1,480) returned to f5c7926c
*** SHOWDOWN ***
f5c7926c collected 1,480 from pot
*** SUMMARY ***
Total pot 1,480 | Rake 0 | Jackpot 0 | Bingo 0 | Fortune 0 | Tax 0
Seat 1: afd4ea40 (button) folded before Flop
Seat 2: f5c7926c (small blind) collected (1,480)
Seat 3: ac5e58b8 (big blind) folded before Flop
Seat 4: Hero folded before Flop
Seat 5: 8c4c17e1 folded before Flop
Seat 6: dfe36de8 folded before Flop
Seat 7: ef39121d folded before Flop
Seat 8: f0aeb4ba folded before Flop


Poker Hand #TM5643234279: Tournament #266375414, APL Series: ¥88 Zodiac Lucky Eights Bounty + Rabbit Hold'em No Limit - Level10(250/500(60)) - 2026/02/28 20:14:45
Table '77' 8-max Seat #8 is the button
Seat 1: afd4ea40 (9,313 in chips)
Seat 2: f5c7926c (20,392 in chips)
Seat 3: ac5e58b8 (13,195 in chips)
Seat 4: Hero (32,895 in chips)
Seat 5: 8c4c17e1 (14,337 in chips)
Seat 6: dfe36de8 (18,249 in chips)
Seat 7: ef39121d (2,172 in chips)
Seat 8: f0aeb4ba (14,953 in chips)
f5c7926c: posts the ante 60
Hero: posts the ante 60
8c4c17e1: posts the ante 60
ac5e58b8: posts the ante 60
f0aeb4ba: posts the ante 60
ef39121d: posts the ante 60
afd4ea40: posts the ante 60
dfe36de8: posts the ante 60
afd4ea40: posts small blind 250
f5c7926c: posts big blind 500
*** HOLE CARDS ***
Dealt to afd4ea40 
Dealt to f5c7926c 
Dealt to ac5e58b8 
Dealt to Hero [4d 6d]
Dealt to 8c4c17e1 
Dealt to dfe36de8 
Dealt to ef39121d 
Dealt to f0aeb4ba 
ac5e58b8: folds
Hero: folds
8c4c17e1: folds
dfe36de8: folds
ef39121d: folds
f0aeb4ba: folds
afd4ea40: raises 8,753 to 9,253 and is all-in
f5c7926c: folds
Uncalled bet (8,753) returned to afd4ea40
*** SHOWDOWN ***
afd4ea40 collected 1,480 from pot
*** SUMMARY ***
Total pot 1,480 | Rake 0 | Jackpot 0 | Bingo 0 | Fortune 0 | Tax 0
Seat 1: afd4ea40 (small blind) collected (1,480)
Seat 2: f5c7926c (big blind) folded before Flop
Seat 3: ac5e58b8 folded before Flop
Seat 4: Hero folded before Flop
Seat 5: 8c4c17e1 folded before Flop
Seat 6: dfe36de8 folded before Flop
Seat 7: ef39121d folded before Flop
Seat 8: f0aeb4ba (button) folded before Flop


Poker Hand #TM5643234229: Tournament #266375414, APL Series: ¥88 Zodiac Lucky Eights Bounty + Rabbit Hold'em No Limit - Level9(200/400(50)) - 2026/02/28 20:13:16
Table '77' 8-max Seat #7 is the button
Seat 1: afd4ea40 (9,763 in chips)
Seat 2: f5c7926c (21,242 in chips)
Seat 3: ac5e58b8 (13,245 in chips)
Seat 4: Hero (32,945 in chips)
Seat 5: 8c4c17e1 (14,387 in chips)
Seat 6: dfe36de8 (18,299 in chips)
Seat 7: ef39121d (2,222 in chips)
Seat 8: f0aeb4ba (13,403 in chips)
f5c7926c: posts the ante 50
Hero: posts the ante 50
8c4c17e1: posts the ante 50
ac5e58b8: posts the ante 50
f0aeb4ba: posts the ante 50
ef39121d: posts the ante 50
afd4ea40: posts the ante 50
dfe36de8: posts the ante 50
f0aeb4ba: posts small blind 200
afd4ea40: posts big blind 400
*** HOLE CARDS ***
Dealt to afd4ea40 
Dealt to f5c7926c 
Dealt to ac5e58b8 
Dealt to Hero [8h Ks]
Dealt to 8c4c17e1 
Dealt to dfe36de8 
Dealt to ef39121d 
Dealt to f0aeb4ba 
f5c7926c: raises 400 to 800
ac5e58b8: folds
Hero: folds
8c4c17e1: folds
dfe36de8: folds
ef39121d: folds
f0aeb4ba: raises 12,553 to 13,353 and is all-in
afd4ea40: folds
f5c7926c: folds
Uncalled bet (12,553) returned to f0aeb4ba
*** SHOWDOWN ***
f0aeb4ba collected 2,400 from pot
*** SUMMARY ***
Total pot 2,400 | Rake 0 | Jackpot 0 | Bingo 0 | Fortune 0 | Tax 0
Seat 1: afd4ea40 (big blind) folded before Flop
Seat 2: f5c7926c folded before Flop
Seat 3: ac5e58b8 folded before Flop
Seat 4: Hero folded before Flop
Seat 5: 8c4c17e1 folded before Flop
Seat 6: dfe36de8 folded before Flop
Seat 7: ef39121d (button) folded before Flop
Seat 8: f0aeb4ba (small blind) collected (2,400)


Poker Hand #TM5643234201: Tournament #266375414, APL Series: ¥88 Zodiac Lucky Eights Bounty + Rabbit Hold'em No Limit - Level9(200/400(50)) - 2026/02/28 20:12:21
Table '77' 8-max Seat #6 is the button
Seat 1: afd4ea40 (10,613 in chips)
Seat 2: f5c7926c (21,292 in chips)
Seat 3: ac5e58b8 (15,495 in chips)
Seat 4: Hero (32,995 in chips)
Seat 5: 8c4c17e1 (10,437 in chips)
Seat 6: dfe36de8 (18,349 in chips)
Seat 7: ef39121d (2,472 in chips)
Seat 8: f0aeb4ba (13,853 in chips)
f5c7926c: posts the ante 50
Hero: posts the ante 50
8c4c17e1: posts the ante 50
ac5e58b8: posts the ante 50
f0aeb4ba: posts the ante 50
ef39121d: posts the ante 50
afd4ea40: posts the ante 50
dfe36de8: posts the ante 50
ef39121d: posts small blind 200
f0aeb4ba: posts big blind 400
*** HOLE CARDS ***
Dealt to afd4ea40 
Dealt to f5c7926c 
Dealt to ac5e58b8 
Dealt to Hero [3d Ah]
Dealt to 8c4c17e1 
Dealt to dfe36de8 
Dealt to ef39121d 
Dealt to f0aeb4ba 
afd4ea40: raises 400 to 800
f5c7926c: folds
ac5e58b8: raises 1,400 to 2,200
Hero: folds
8c4c17e1: raises 8,187 to 10,387 and is all-in
dfe36de8: folds
ef39121d: folds
f0aeb4ba: folds
afd4ea40: folds
ac5e58b8: folds
Uncalled bet (8,187) returned to 8c4c17e1
*** SHOWDOWN ***
8c4c17e1 collected 6,200 from pot
*** SUMMARY ***
Total pot 6,200 | Rake 0 | Jackpot 0 | Bingo 0 | Fortune 0 | Tax 0
Seat 1: afd4ea40 folded before Flop
Seat 2: f5c7926c folded before Flop
Seat 3: ac5e58b8 folded before Flop
Seat 4: Hero folded before Flop
Seat 5: 8c4c17e1 collected (6,200)
Seat 6: dfe36de8 (button) folded before Flop
Seat 7: ef39121d (small blind) folded before Flop
Seat 8: f0aeb4ba (big blind) folded before Flop


Poker Hand #TM5643234184: Tournament #266375414, APL Series: ¥88 Zodiac Lucky Eights Bounty + Rabbit Hold'em No Limit - Level9(200/400(50)) - 2026/02/28 20:11:42
Table '77' 8-max Seat #5 is the button
Seat 1: afd4ea40 (10,663 in chips)
Seat 2: f5c7926c (21,342 in chips)
Seat 3: ac5e58b8 (15,545 in chips)
Seat 4: Hero (33,045 in chips)
Seat 5: 8c4c17e1 (10,487 in chips)
Seat 6: dfe36de8 (18,599 in chips)
Seat 7: ef39121d (2,922 in chips)
Seat 8: f0aeb4ba (12,903 in chips)
f5c7926c: posts the ante 50
Hero: posts the ante 50
8c4c17e1: posts the ante 50
ac5e58b8: posts the ante 50
f0aeb4ba: posts the ante 50
ef39121d: posts the ante 50
afd4ea40: posts the ante 50
dfe36de8: posts the ante 50
dfe36de8: posts small blind 200
ef39121d: posts big blind 400
*** HOLE CARDS ***
Dealt to afd4ea40 
Dealt to f5c7926c 
Dealt to ac5e58b8 
Dealt to Hero [Kh 5h]
Dealt to 8c4c17e1 
Dealt to dfe36de8 
Dealt to ef39121d 
Dealt to f0aeb4ba 
f0aeb4ba: raises 400 to 800
afd4ea40: folds
f5c7926c: folds
ac5e58b8: folds
Hero: folds
8c4c17e1: folds
dfe36de8: folds
ef39121d: folds
Uncalled bet (400) returned to f0aeb4ba
*** SHOWDOWN ***
f0aeb4ba collected 1,400 from pot
*** SUMMARY ***
Total pot 1,400 | Rake 0 | Jackpot 0 | Bingo 0 | Fortune 0 | Tax 0
Seat 1: afd4ea40 folded before Flop
Seat 2: f5c7926c folded before Flop
Seat 3: ac5e58b8 folded before Flop
Seat 4: Hero folded before Flop
Seat 5: 8c4c17e1 (button) folded before Flop
Seat 6: dfe36de8 (small blind) folded before Flop
Seat 7: ef39121d (big blind) folded before Flop
Seat 8: f0aeb4ba collected (1,400)


Poker Hand #TM5643234138: Tournament #266375414, APL Series: ¥88 Zodiac Lucky Eights Bounty + Rabbit Hold'em No Limit - Level9(200/400(50)) - 2026/02/28 20:10:21
Table '77' 8-max Seat #4 is the button
Seat 1: afd4ea40 (10,713 in chips)
Seat 2: f5c7926c (21,392 in chips)
Seat 3: ac5e58b8 (13,995 in chips)
Seat 4: Hero (33,095 in chips)
Seat 5: 8c4c17e1 (11,337 in chips)
Seat 6: dfe36de8 (19,049 in chips)
Seat 7: ef39121d (2,972 in chips)
Seat 8: f0aeb4ba (12,953 in chips)
f5c7926c: posts the ante 50
Hero: posts the ante 50
ac5e58b8: posts the ante 50
8c4c17e1: posts the ante 50
f0aeb4ba: posts the ante 50
ef39121d: posts the ante 50
afd4ea40: posts the ante 50
dfe36de8: posts the ante 50
8c4c17e1: posts small blind 200
dfe36de8: posts big blind 400
*** HOLE CARDS ***
Dealt to afd4ea40 
Dealt to f5c7926c 
Dealt to ac5e58b8 
Dealt to Hero [9h Qh]
Dealt to 8c4c17e1 
Dealt to dfe36de8 
Dealt to ef39121d 
Dealt to f0aeb4ba 
ef39121d: folds
f0aeb4ba: folds
afd4ea40: folds
f5c7926c: folds
ac5e58b8: raises 400 to 800
Hero: folds
8c4c17e1: calls 600
dfe36de8: folds
*** FLOP *** [2c 7h 2d]
8c4c17e1: checks
ac5e58b8: bets 792
8c4c17e1: folds
Uncalled bet (792) returned to ac5e58b8
*** SHOWDOWN ***
ac5e58b8 collected 2,400 from pot
*** SUMMARY ***
Total pot 2,400 | Rake 0 | Jackpot 0 | Bingo 0 | Fortune 0 | Tax 0
Board [2c 7h 2d]
Seat 1: afd4ea40 folded before Flop
Seat 2: f5c7926c folded before Flop
Seat 3: ac5e58b8 won (2,400)
Seat 4: Hero (button) folded before Flop
Seat 5: 8c4c17e1 (small blind) folded on the Flop
Seat 6: dfe36de8 (big blind) folded before Flop
Seat 7: ef39121d folded before Flop
Seat 8: f0aeb4ba folded before Flop


Poker Hand #TM5643234101: Tournament #266375414, APL Series: ¥88 Zodiac Lucky Eights Bounty + Rabbit Hold'em No Limit - Level9(200/400(50)) - 2026/02/28 20:09:19
Table '77' 8-max Seat #3 is the button
Seat 1: afd4ea40 (10,763 in chips)
Seat 2: f5c7926c (21,442 in chips)
Seat 3: ac5e58b8 (14,045 in chips)
Seat 4: Hero (31,545 in chips)
Seat 5: 8c4c17e1 (11,787 in chips)
Seat 6: dfe36de8 (19,099 in chips)
Seat 7: ef39121d (3,022 in chips)
Seat 8: f0aeb4ba (13,803 in chips)
f5c7926c: posts the ante 50
Hero: posts the ante 50
ac5e58b8: posts the ante 50
8c4c17e1: posts the ante 50
f0aeb4ba: posts the ante 50
ef39121d: posts the ante 50
afd4ea40: posts the ante 50
dfe36de8: posts the ante 50
Hero: posts small blind 200
8c4c17e1: posts big blind 400
*** HOLE CARDS ***
Dealt to afd4ea40 
Dealt to f5c7926c 
Dealt to ac5e58b8 
Dealt to Hero [Qc Qh]
Dealt to 8c4c17e1 
Dealt to dfe36de8 
Dealt to ef39121d 
Dealt to f0aeb4ba 
dfe36de8: folds
ef39121d: folds
f0aeb4ba: raises 400 to 800
afd4ea40: folds
f5c7926c: folds
ac5e58b8: folds
Hero: raises 2,400 to 3,200
8c4c17e1: folds
f0aeb4ba: folds
Uncalled bet (2,400) returned to Hero
*** SHOWDOWN ***
Hero collected 2,400 from pot
*** SUMMARY ***
Total pot 2,400 | Rake 0 | Jackpot 0 | Bingo 0 | Fortune 0 | Tax 0
Seat 1: afd4ea40 folded before Flop
Seat 2: f5c7926c folded before Flop
Seat 3: ac5e58b8 (button) folded before Flop
Seat 4: Hero (small blind) collected (2,400)
Seat 5: 8c4c17e1 (big blind) folded before Flop
Seat 6: dfe36de8 folded before Flop
Seat 7: ef39121d folded before Flop
Seat 8: f0aeb4ba folded before Flop


Poker Hand #TM5643234085: Tournament #266375414, APL Series: ¥88 Zodiac Lucky Eights Bounty + Rabbit Hold'em No Limit - Level9(200/400(50)) - 2026/02/28 20:08:38
Table '77' 8-max Seat #2 is the button
Seat 1: afd4ea40 (10,813 in chips)
Seat 2: f5c7926c (21,492 in chips)
Seat 3: ac5e58b8 (15,095 in chips)
Seat 4: Hero (30,195 in chips)
Seat 5: 8c4c17e1 (11,837 in chips)
Seat 6: dfe36de8 (19,149 in chips)
Seat 7: ef39121d (3,072 in chips)
Seat 8: f0aeb4ba (13,853 in chips)
f5c7926c: posts the ante 50
Hero: posts the ante 50
8c4c17e1: posts the ante 50
ac5e58b8: posts the ante 50
f0aeb4ba: posts the ante 50
ef39121d: posts the ante 50
afd4ea40: posts the ante 50
dfe36de8: posts the ante 50
ac5e58b8: posts small blind 200
Hero: posts big blind 400
*** HOLE CARDS ***
Dealt to afd4ea40 
Dealt to f5c7926c 
Dealt to ac5e58b8 
Dealt to Hero [3h Jc]
Dealt to 8c4c17e1 
Dealt to dfe36de8 
Dealt to ef39121d 
Dealt to f0aeb4ba 
8c4c17e1: folds
dfe36de8: folds
ef39121d: folds
f0aeb4ba: folds
afd4ea40: folds
f5c7926c: folds
ac5e58b8: calls 200
Hero: checks
*** FLOP *** [8h Tc Ac]
ac5e58b8: checks
Hero: checks
*** TURN *** [8h Tc Ac] [3s]
ac5e58b8: checks
Hero: checks
*** RIVER *** [8h Tc Ac 3s] [Ah]
ac5e58b8: bets 600
Hero: calls 600
ac5e58b8: shows [9h Kc] (a pair of Aces)
Hero: shows [3h Jc] (two pair, Aces and Threes)
*** SHOWDOWN ***
Hero collected 2,400 from pot
*** SUMMARY ***
Total pot 2,400 | Rake 0 | Jackpot 0 | Bingo 0 | Fortune 0 | Tax 0
Board [8h Tc Ac 3s Ah]
Seat 1: afd4ea40 folded before Flop
Seat 2: f5c7926c (button) folded before Flop
Seat 3: ac5e58b8 (small blind) showed [9h Kc] and lost with a pair of Aces
Seat 4: Hero (big blind) showed [3h Jc] and won (2,400) with two pair, Aces and Threes
Seat 5: 8c4c17e1 folded before Flop
Seat 6: dfe36de8 folded before Flop
Seat 7: ef39121d folded before Flop
Seat 8: f0aeb4ba folded before Flop


Poker Hand #TM5643234060: Tournament #266375414, APL Series: ¥88 Zodiac Lucky Eights Bounty + Rabbit Hold'em No Limit - Level9(200/400(50)) - 2026/02/28 20:07:45
Table '77' 8-max Seat #1 is the button
Seat 1: afd4ea40 (10,863 in chips)
Seat 2: f5c7926c (18,342 in chips)
Seat 3: ac5e58b8 (17,945 in chips)
Seat 4: Hero (30,245 in chips)
Seat 5: 8c4c17e1 (11,887 in chips)
Seat 6: dfe36de8 (19,199 in chips)
Seat 7: ef39121d (3,122 in chips)
Seat 8: f0aeb4ba (13,903 in chips)
f5c7926c: posts the ante 50
Hero: posts the ante 50
8c4c17e1: posts the ante 50
ac5e58b8: posts the ante 50
f0aeb4ba: posts the ante 50
ef39121d: posts the ante 50
afd4ea40: posts the ante 50
dfe36de8: posts the ante 50
f5c7926c: posts small blind 200
ac5e58b8: posts big blind 400
*** HOLE CARDS ***
Dealt to afd4ea40 
Dealt to f5c7926c 
Dealt to ac5e58b8 
Dealt to Hero [2c 5d]
Dealt to 8c4c17e1 
Dealt to dfe36de8 
Dealt to ef39121d 
Dealt to f0aeb4ba 
Hero: folds
8c4c17e1: folds
dfe36de8: folds
ef39121d: folds
f0aeb4ba: folds
afd4ea40: folds
f5c7926c: raises 1,200 to 1,600
ac5e58b8: calls 1,200
*** FLOP *** [As 8h 5h]
f5c7926c: bets 1,200
ac5e58b8: calls 1,200
*** TURN *** [As 8h 5h] [3c]
f5c7926c: bets 4,600
ac5e58b8: folds
Uncalled bet (4,600) returned to f5c7926c
*** SHOWDOWN ***
f5c7926c collected 6,000 from pot
*** SUMMARY ***
Total pot 6,000 | Rake 0 | Jackpot 0 | Bingo 0 | Fortune 0 | Tax 0
Board [As 8h 5h 3c]
Seat 1: afd4ea40 (button) folded before Flop
Seat 2: f5c7926c (small blind) won (6,000)
Seat 3: ac5e58b8 (big blind) folded on the Turn
Seat 4: Hero folded before Flop
Seat 5: 8c4c17e1 folded before Flop
Seat 6: dfe36de8 folded before Flop
Seat 7: ef39121d folded before Flop
Seat 8: f0aeb4ba folded before Flop


Poker Hand #TM5643234017: Tournament #266375414, APL Series: ¥88 Zodiac Lucky Eights Bounty + Rabbit Hold'em No Limit - Level9(200/400(50)) - 2026/02/28 20:06:04
Table '77' 8-max Seat #8 is the button
Seat 1: afd4ea40 (13,000 in chips)
Seat 2: f5c7926c (15,955 in chips)
Seat 3: ac5e58b8 (17,995 in chips)
Seat 4: Hero (30,295 in chips)
Seat 6: dfe36de8 (19,249 in chips)
Seat 7: ef39121d (3,172 in chips)
Seat 8: f0aeb4ba (13,953 in chips)
f5c7926c: posts the ante 50
Hero: posts the ante 50
ac5e58b8: posts the ante 50
f0aeb4ba: posts the ante 50
ef39121d: posts the ante 50
afd4ea40: posts the ante 50
dfe36de8: posts the ante 50
afd4ea40: posts small blind 200
f5c7926c: posts big blind 400
*** HOLE CARDS ***
Dealt to afd4ea40 
Dealt to f5c7926c 
Dealt to ac5e58b8 
Dealt to Hero [2h Th]
Dealt to dfe36de8 
Dealt to ef39121d 
Dealt to f0aeb4ba 
ac5e58b8: folds
Hero: folds
dfe36de8: folds
ef39121d: folds
f0aeb4ba: folds
afd4ea40: calls 200
f5c7926c: checks
*** FLOP *** [6h 9s Jh]
afd4ea40: bets 400
f5c7926c: calls 400
*** TURN *** [6h 9s Jh] [5d]
afd4ea40: bets 1,287
f5c7926c: calls 1,287
*** RIVER *** [6h 9s Jh 5d] [9c]
afd4ea40: checks
f5c7926c: checks
afd4ea40: shows [Ts Qh] (a pair of Nines)
f5c7926c: shows [6c 8h] (two pair, Nines and Sixes)
*** SHOWDOWN ***
f5c7926c collected 4,524 from pot
*** SUMMARY ***
Total pot 4,524 | Rake 0 | Jackpot 0 | Bingo 0 | Fortune 0 | Tax 0
Board [6h 9s Jh 5d 9c]
Seat 1: afd4ea40 (small blind) showed [Ts Qh] and lost with a pair of Nines
Seat 2: f5c7926c (big blind) showed [6c 8h] and won (4,524) with two pair, Nines and Sixes
Seat 3: ac5e58b8 folded before Flop
Seat 4: Hero folded before Flop
Seat 6: dfe36de8 folded before Flop
Seat 7: ef39121d folded before Flop
Seat 8: f0aeb4ba (button) folded before Flop


Poker Hand #TM5643233979: Tournament #266375414, APL Series: ¥88 Zodiac Lucky Eights Bounty + Rabbit Hold'em No Limit - Level9(200/400(50)) - 2026/02/28 20:04:35
Table '77' 8-max Seat #7 is the button
Seat 1: afd4ea40 (8,450 in chips)
Seat 2: f5c7926c (16,005 in chips)
Seat 3: ac5e58b8 (18,845 in chips)
Seat 4: Hero (30,345 in chips)
Seat 5: 37d201dc (55,527 in chips)
Seat 6: dfe36de8 (19,299 in chips)
Seat 7: ef39121d (3,222 in chips)
Seat 8: f0aeb4ba (14,803 in chips)
f5c7926c: posts the ante 50
Hero: posts the ante 50
ac5e58b8: posts the ante 50
f0aeb4ba: posts the ante 50
ef39121d: posts the ante 50
afd4ea40: posts the ante 50
dfe36de8: posts the ante 50
37d201dc: posts the ante 50
f0aeb4ba: posts small blind 200
afd4ea40: posts big blind 400
*** HOLE CARDS ***
Dealt to afd4ea40 
Dealt to f5c7926c 
Dealt to ac5e58b8 
Dealt to Hero [3s Kd]
Dealt to 37d201dc 
Dealt to dfe36de8 
Dealt to ef39121d 
Dealt to f0aeb4ba 
f5c7926c: folds
ac5e58b8: raises 400 to 800
Hero: folds
37d201dc: calls 800
dfe36de8: folds
ef39121d: folds
f0aeb4ba: calls 600
afd4ea40: calls 400
*** FLOP *** [Ks 9h 7d]
f0aeb4ba: checks
afd4ea40: checks
ac5e58b8: checks
37d201dc: checks
*** TURN *** [Ks 9h 7d] [9c]
f0aeb4ba: checks
afd4ea40: bets 1,800
ac5e58b8: folds
37d201dc: calls 1,800
f0aeb4ba: folds
*** RIVER *** [Ks 9h 7d 9c] [2c]
afd4ea40: bets 5,800 and is all-in
37d201dc: folds
Uncalled bet (5,800) returned to afd4ea40
*** SHOWDOWN ***
afd4ea40 collected 7,200 from pot
*** SUMMARY ***
Total pot 7,200 | Rake 0 | Jackpot 0 | Bingo 0 | Fortune 0 | Tax 0
Board [Ks 9h 7d 9c 2c]
Seat 1: afd4ea40 (big blind) won (7,200)
Seat 2: f5c7926c folded before Flop
Seat 3: ac5e58b8 folded on the Turn
Seat 4: Hero folded before Flop
Seat 5: 37d201dc folded on the River
Seat 6: dfe36de8 folded before Flop
Seat 7: ef39121d (button) folded before Flop
Seat 8: f0aeb4ba (small blind) folded on the Turn


Poker Hand #TM5643233948: Tournament #266375414, APL Series: ¥88 Zodiac Lucky Eights Bounty + Rabbit Hold'em No Limit - Level8(175/350(45)) - 2026/02/28 20:03:26
Table '77' 8-max Seat #6 is the button
Seat 1: afd4ea40 (10,140 in chips)
Seat 2: f5c7926c (16,050 in chips)
Seat 3: ac5e58b8 (18,890 in chips)
Seat 4: Hero (30,390 in chips)
Seat 5: 37d201dc (55,572 in chips)
Seat 6: dfe36de8 (19,344 in chips)
Seat 7: ef39121d (3,442 in chips)
Seat 8: f0aeb4ba (12,668 in chips)
f5c7926c: posts the ante 45
Hero: posts the ante 45
ac5e58b8: posts the ante 45
f0aeb4ba: posts the ante 45
ef39121d: posts the ante 45
afd4ea40: posts the ante 45
dfe36de8: posts the ante 45
37d201dc: posts the ante 45
ef39121d: posts small blind 175
f0aeb4ba: posts big blind 350
*** HOLE CARDS ***
Dealt to afd4ea40 
Dealt to f5c7926c 
Dealt to ac5e58b8 
Dealt to Hero [8c Qh]
Dealt to 37d201dc 
Dealt to dfe36de8 
Dealt to ef39121d 
Dealt to f0aeb4ba 
afd4ea40: raises 350 to 700
f5c7926c: folds
ac5e58b8: folds
Hero: folds
37d201dc: folds
dfe36de8: folds
ef39121d: folds
f0aeb4ba: calls 350
*** FLOP *** [7s 3c 6d]
f0aeb4ba: checks
afd4ea40: checks
*** TURN *** [7s 3c 6d] [Jd]
f0aeb4ba: checks
afd4ea40: bets 945
f0aeb4ba: calls 945
*** RIVER *** [7s 3c 6d Jd] [2c]
f0aeb4ba: checks
afd4ea40: checks
f0aeb4ba: shows [Kh 7h] (a pair of Sevens)
afd4ea40: shows [Ad 9h] (Ace high)
*** SHOWDOWN ***
f0aeb4ba collected 3,825 from pot
*** SUMMARY ***
Total pot 3,825 | Rake 0 | Jackpot 0 | Bingo 0 | Fortune 0 | Tax 0
Board [7s 3c 6d Jd 2c]
Seat 1: afd4ea40 showed [Ad 9h] and lost with Ace high
Seat 2: f5c7926c folded before Flop
Seat 3: ac5e58b8 folded before Flop
Seat 4: Hero folded before Flop
Seat 5: 37d201dc folded before Flop
Seat 6: dfe36de8 (button) folded before Flop
Seat 7: ef39121d (small blind) folded before Flop
Seat 8: f0aeb4ba (big blind) showed [Kh 7h] and won (3,825) with a pair of Sevens


Poker Hand #TM5643233919: Tournament #266375414, APL Series: ¥88 Zodiac Lucky Eights Bounty + Rabbit Hold'em No Limit - Level8(175/350(45)) - 2026/02/28 20:02:11
Table '77' 8-max Seat #5 is the button
Seat 1: afd4ea40 (10,885 in chips)
Seat 2: f5c7926c (16,095 in chips)
Seat 3: ac5e58b8 (23,680 in chips)
Seat 4: Hero (24,105 in chips)
Seat 5: 37d201dc (55,617 in chips)
Seat 6: dfe36de8 (19,564 in chips)
Seat 7: ef39121d (3,837 in chips)
Seat 8: f0aeb4ba (12,713 in chips)
f5c7926c: posts the ante 45
Hero: posts the ante 45
ac5e58b8: posts the ante 45
f0aeb4ba: posts the ante 45
ef39121d: posts the ante 45
afd4ea40: posts the ante 45
dfe36de8: posts the ante 45
37d201dc: posts the ante 45
dfe36de8: posts small blind 175
ef39121d: posts big blind 350
*** HOLE CARDS ***
Dealt to afd4ea40 
Dealt to f5c7926c 
Dealt to ac5e58b8 
Dealt to Hero [Ah 5h]
Dealt to 37d201dc 
Dealt to dfe36de8 
Dealt to ef39121d 
Dealt to f0aeb4ba 
f0aeb4ba: folds
afd4ea40: raises 350 to 700
f5c7926c: folds
ac5e58b8: calls 700
Hero: raises 1,843 to 2,543
37d201dc: folds
dfe36de8: folds
ef39121d: folds
afd4ea40: folds
ac5e58b8: calls 1,843
*** FLOP *** [Td Ts 8s]
ac5e58b8: checks
Hero: bets 2,202
ac5e58b8: calls 2,202
*** TURN *** [Td Ts 8s] [8c]
ac5e58b8: checks
Hero: bets 5,538
ac5e58b8: folds
Uncalled bet (5,538) returned to Hero
*** SHOWDOWN ***
Hero collected 11,075 from pot
*** SUMMARY ***
Total pot 11,075 | Rake 0 | Jackpot 0 | Bingo 0 | Fortune 0 | Tax 0
Board [Td Ts 8s 8c]
Seat 1: afd4ea40 folded before Flop
Seat 2: f5c7926c folded before Flop
Seat 3: ac5e58b8 folded on the Turn
Seat 4: Hero won (11,075)
Seat 5: 37d201dc (button) folded before Flop
Seat 6: dfe36de8 (small blind) folded before Flop
Seat 7: ef39121d (big blind) folded before Flop
Seat 8: f0aeb4ba folded before Flop


Poker Hand #TM5643233889: Tournament #266375414, APL Series: ¥88 Zodiac Lucky Eights Bounty + Rabbit Hold'em No Limit - Level8(175/350(45)) - 2026/02/28 19:54:58
Table '77' 8-max Seat #4 is the button
Seat 1: afd4ea40 (11,630 in chips)
Seat 2: f5c7926c (16,140 in chips)
Seat 3: ac5e58b8 (23,725 in chips)
Seat 4: Hero (24,150 in chips)
Seat 5: 37d201dc (52,502 in chips)
Seat 6: dfe36de8 (20,309 in chips)
Seat 7: ef39121d (3,882 in chips)
Seat 8: f0aeb4ba (14,158 in chips)
f5c7926c: posts the ante 45
Hero: posts the ante 45
ac5e58b8: posts the ante 45
f0aeb4ba: posts the ante 45
ef39121d: posts the ante 45
afd4ea40: posts the ante 45
dfe36de8: posts the ante 45
37d201dc: posts the ante 45
37d201dc: posts small blind 175
dfe36de8: posts big blind 350
*** HOLE CARDS ***
Dealt to afd4ea40 
Dealt to f5c7926c 
Dealt to ac5e58b8 
Dealt to Hero [Kh 7d]
Dealt to 37d201dc 
Dealt to dfe36de8 
Dealt to ef39121d 
Dealt to f0aeb4ba 
ef39121d: folds
f0aeb4ba: raises 350 to 700
afd4ea40: calls 700
f5c7926c: folds
ac5e58b8: folds
Hero: folds
37d201dc: calls 525
dfe36de8: calls 350
*** FLOP *** [Ks 2h Qc]
37d201dc: checks
dfe36de8: checks
f0aeb4ba: checks
afd4ea40: checks
*** TURN *** [Ks 2h Qc] [3c]
37d201dc: bets 700
dfe36de8: folds
f0aeb4ba: calls 700
afd4ea40: folds
*** RIVER *** [Ks 2h Qc 3c] [5c]
37d201dc: checks
f0aeb4ba: checks
37d201dc: shows [Td Qh] (a pair of Queens)
f0aeb4ba: shows [Js Jc] (a pair of Jacks)
*** SHOWDOWN ***
37d201dc collected 4,560 from pot
*** SUMMARY ***
Total pot 4,560 | Rake 0 | Jackpot 0 | Bingo 0 | Fortune 0 | Tax 0
Board [Ks 2h Qc 3c 5c]
Seat 1: afd4ea40 folded on the Turn
Seat 2: f5c7926c folded before Flop
Seat 3: ac5e58b8 folded before Flop
Seat 4: Hero (button) folded before Flop
Seat 5: 37d201dc (small blind) showed [Td Qh] and won (4,560) with a pair of Queens
Seat 6: dfe36de8 (big blind) folded on the Turn
Seat 7: ef39121d folded before Flop
Seat 8: f0aeb4ba showed [Js Jc] and lost with a pair of Jacks


Poker Hand #TM5643233876: Tournament #266375414, APL Series: ¥88 Zodiac Lucky Eights Bounty + Rabbit Hold'em No Limit - Level8(175/350(45)) - 2026/02/28 19:54:17
Table '77' 8-max Seat #3 is the button
Seat 1: afd4ea40 (11,675 in chips)
Seat 2: f5c7926c (16,185 in chips)
Seat 3: ac5e58b8 (23,770 in chips)
Seat 4: Hero (24,370 in chips)
Seat 5: 37d201dc (53,925 in chips)
Seat 6: dfe36de8 (20,354 in chips)
Seat 7: ef39121d (3,927 in chips)
Seat 8: f0aeb4ba (12,290 in chips)
f5c7926c: posts the ante 45
Hero: posts the ante 45
ac5e58b8: posts the ante 45
f0aeb4ba: posts the ante 45
ef39121d: posts the ante 45
afd4ea40: posts the ante 45
dfe36de8: posts the ante 45
37d201dc: posts the ante 45
Hero: posts small blind 175
37d201dc: posts big blind 350
*** HOLE CARDS ***
Dealt to afd4ea40 
Dealt to f5c7926c 
Dealt to ac5e58b8 
Dealt to Hero [Th 5d]
Dealt to 37d201dc 
Dealt to dfe36de8 
Dealt to ef39121d 
Dealt to f0aeb4ba 
dfe36de8: folds
ef39121d: folds
f0aeb4ba: raises 350 to 700
afd4ea40: folds
f5c7926c: folds
ac5e58b8: folds
Hero: folds
37d201dc: calls 350
*** FLOP *** [7s 4s Td]
37d201dc: checks
f0aeb4ba: bets 678
37d201dc: calls 678
*** TURN *** [7s 4s Td] [Qc]
37d201dc: checks
f0aeb4ba: bets 3,148
37d201dc: folds
Uncalled bet (3,148) returned to f0aeb4ba
*** SHOWDOWN ***
f0aeb4ba collected 3,291 from pot
*** SUMMARY ***
Total pot 3,291 | Rake 0 | Jackpot 0 | Bingo 0 | Fortune 0 | Tax 0
Board [7s 4s Td Qc]
Seat 1: afd4ea40 folded before Flop
Seat 2: f5c7926c folded before Flop
Seat 3: ac5e58b8 (button) folded before Flop
Seat 4: Hero (small blind) folded before Flop
Seat 5: 37d201dc (big blind) folded on the Turn
Seat 6: dfe36de8 folded before Flop
Seat 7: ef39121d folded before Flop
Seat 8: f0aeb4ba won (3,291)


Poker Hand #TM5643233844: Tournament #266375414, APL Series: ¥88 Zodiac Lucky Eights Bounty + Rabbit Hold'em No Limit - Level8(175/350(45)) - 2026/02/28 19:53:00
Table '77' 8-max Seat #2 is the button
Seat 1: afd4ea40 (11,720 in chips)
Seat 2: f5c7926c (12,895 in chips)
Seat 3: ac5e58b8 (23,990 in chips)
Seat 4: Hero (25,115 in chips)
Seat 5: 37d201dc (56,070 in chips)
Seat 6: dfe36de8 (20,399 in chips)
Seat 7: ef39121d (3,972 in chips)
Seat 8: f0aeb4ba (12,335 in chips)
f5c7926c: posts the ante 45
Hero: posts the ante 45
ac5e58b8: posts the ante 45
f0aeb4ba: posts the ante 45
ef39121d: posts the ante 45
afd4ea40: posts the ante 45
dfe36de8: posts the ante 45
37d201dc: posts the ante 45
ac5e58b8: posts small blind 175
Hero: posts big blind 350
*** HOLE CARDS ***
Dealt to afd4ea40 
Dealt to f5c7926c 
Dealt to ac5e58b8 
Dealt to Hero [8s Kd]
Dealt to 37d201dc 
Dealt to dfe36de8 
Dealt to ef39121d 
Dealt to f0aeb4ba 
37d201dc: raises 350 to 700
dfe36de8: folds
ef39121d: folds
f0aeb4ba: folds
afd4ea40: folds
f5c7926c: calls 700
ac5e58b8: folds
Hero: calls 350
*** FLOP *** [9c Jd 2h]
Hero: checks
37d201dc: bets 1,400
f5c7926c: calls 1,400
Hero: folds
*** TURN *** [9c Jd 2h] [Ah]
37d201dc: checks
f5c7926c: bets 4,200
37d201dc: folds
Uncalled bet (4,200) returned to f5c7926c
*** SHOWDOWN ***
f5c7926c collected 5,435 from pot
*** SUMMARY ***
Total pot 5,435 | Rake 0 | Jackpot 0 | Bingo 0 | Fortune 0 | Tax 0
Board [9c Jd 2h Ah]
Seat 1: afd4ea40 folded before Flop
Seat 2: f5c7926c (button) won (5,435)
Seat 3: ac5e58b8 (small blind) folded before Flop
Seat 4: Hero (big blind) folded on the Flop
Seat 5: 37d201dc folded on the Turn
Seat 6: dfe36de8 folded before Flop
Seat 7: ef39121d folded before Flop
Seat 8: f0aeb4ba folded before Flop


Poker Hand #TM5643233796: Tournament #266375414, APL Series: ¥88 Zodiac Lucky Eights Bounty + Rabbit Hold'em No Limit - Level8(175/350(45)) - 2026/02/28 19:51:06
Table '77' 8-max Seat #1 is the button
Seat 1: afd4ea40 (11,765 in chips)
Seat 2: f5c7926c (13,115 in chips)
Seat 3: ac5e58b8 (15,162 in chips)
Seat 4: Hero (25,160 in chips)
Seat 5: 37d201dc (56,115 in chips)
Seat 6: dfe36de8 (20,444 in chips)
Seat 7: ef39121d (12,355 in chips)
Seat 8: f0aeb4ba (12,380 in chips)
f5c7926c: posts the ante 45
Hero: posts the ante 45
ac5e58b8: posts the ante 45
f0aeb4ba: posts the ante 45
ef39121d: posts the ante 45
afd4ea40: posts the ante 45
dfe36de8: posts the ante 45
37d201dc: posts the ante 45
f5c7926c: posts small blind 175
ac5e58b8: posts big blind 350
*** HOLE CARDS ***
Dealt to afd4ea40 
Dealt to f5c7926c 
Dealt to ac5e58b8 
Dealt to Hero [Js 3h]
Dealt to 37d201dc 
Dealt to dfe36de8 
Dealt to ef39121d 
Dealt to f0aeb4ba 
Hero: folds
37d201dc: folds
dfe36de8: folds
ef39121d: raises 350 to 700
f0aeb4ba: folds
afd4ea40: folds
f5c7926c: folds
ac5e58b8: calls 350
*** FLOP *** [Qs Jc Kh]
ac5e58b8: checks
ef39121d: bets 523
ac5e58b8: calls 523
*** TURN *** [Qs Jc Kh] [Tc]
ac5e58b8: checks
ef39121d: bets 2,143
ac5e58b8: calls 2,143
*** RIVER *** [Qs Jc Kh Tc] [6d]
ac5e58b8: checks
ef39121d: bets 4,972
ac5e58b8: raises 6,779 to 11,751 and is all-in
ef39121d: folds
Uncalled bet (6,779) returned to ac5e58b8
*** SHOWDOWN ***
ac5e58b8 collected 17,211 from pot
*** SUMMARY ***
Total pot 17,211 | Rake 0 | Jackpot 0 | Bingo 0 | Fortune 0 | Tax 0
Board [Qs Jc Kh Tc 6d]
Seat 1: afd4ea40 (button) folded before Flop
Seat 2: f5c7926c (small blind) folded before Flop
Seat 3: ac5e58b8 (big blind) won (17,211)
Seat 4: Hero folded before Flop
Seat 5: 37d201dc folded before Flop
Seat 6: dfe36de8 folded before Flop
Seat 7: ef39121d folded on the River
Seat 8: f0aeb4ba folded before Flop


Poker Hand #TM5643233762: Tournament #266375414, APL Series: ¥88 Zodiac Lucky Eights Bounty + Rabbit Hold'em No Limit - Level8(175/350(45)) - 2026/02/28 19:49:33
Table '77' 8-max Seat #8 is the button
Seat 1: afd4ea40 (11,985 in chips)
Seat 2: f5c7926c (13,510 in chips)
Seat 3: ac5e58b8 (17,657 in chips)
Seat 4: Hero (25,205 in chips)
Seat 5: 37d201dc (61,410 in chips)
Seat 6: dfe36de8 (11,904 in chips)
Seat 7: ef39121d (12,400 in chips)
Seat 8: f0aeb4ba (12,425 in chips)
f5c7926c: posts the ante 45
Hero: posts the ante 45
ac5e58b8: posts the ante 45
f0aeb4ba: posts the ante 45
ef39121d: posts the ante 45
afd4ea40: posts the ante 45
dfe36de8: posts the ante 45
37d201dc: posts the ante 45
afd4ea40: posts small blind 175
f5c7926c: posts big blind 350
*** HOLE CARDS ***
Dealt to afd4ea40 
Dealt to f5c7926c 
Dealt to ac5e58b8 
Dealt to Hero [Qs Jh]
Dealt to 37d201dc 
Dealt to dfe36de8 
Dealt to ef39121d 
Dealt to f0aeb4ba 
ac5e58b8: raises 350 to 700
Hero: folds
37d201dc: calls 700
dfe36de8: raises 1,750 to 2,450
ef39121d: folds
f0aeb4ba: folds
afd4ea40: folds
f5c7926c: folds
ac5e58b8: calls 1,750
37d201dc: calls 1,750
*** FLOP *** [As Td 5h]
ac5e58b8: checks
37d201dc: checks
dfe36de8: bets 2,800
ac5e58b8: folds
37d201dc: calls 2,800
*** TURN *** [As Td 5h] [9h]
37d201dc: checks
dfe36de8: bets 6,609 and is all-in
37d201dc: folds
Uncalled bet (6,609) returned to dfe36de8
*** SHOWDOWN ***
dfe36de8 collected 13,835 from pot
*** SUMMARY ***
Total pot 13,835 | Rake 0 | Jackpot 0 | Bingo 0 | Fortune 0 | Tax 0
Board [As Td 5h 9h]
Seat 1: afd4ea40 (small blind) folded before Flop
Seat 2: f5c7926c (big blind) folded before Flop
Seat 3: ac5e58b8 folded on the Flop
Seat 4: Hero folded before Flop
Seat 5: 37d201dc folded on the Turn
Seat 6: dfe36de8 won (13,835)
Seat 7: ef39121d folded before Flop
Seat 8: f0aeb4ba (button) folded before Flop


Poker Hand #TM5643233726: Tournament #266375414, APL Series: ¥88 Zodiac Lucky Eights Bounty + Rabbit Hold'em No Limit - Level8(175/350(45)) - 2026/02/28 19:48:01
Table '77' 8-max Seat #7 is the button
Seat 1: afd4ea40 (9,920 in chips)
Seat 2: f5c7926c (13,555 in chips)
Seat 3: ac5e58b8 (17,702 in chips)
Seat 4: Hero (25,250 in chips)
Seat 5: 37d201dc (63,030 in chips)
Seat 6: dfe36de8 (11,949 in chips)
Seat 7: ef39121d (12,445 in chips)
Seat 8: f0aeb4ba (12,645 in chips)
f5c7926c: posts the ante 45
Hero: posts the ante 45
ac5e58b8: posts the ante 45
f0aeb4ba: posts the ante 45
ef39121d: posts the ante 45
afd4ea40: posts the ante 45
dfe36de8: posts the ante 45
37d201dc: posts the ante 45
f0aeb4ba: posts small blind 175
afd4ea40: posts big blind 350
*** HOLE CARDS ***
Dealt to afd4ea40 
Dealt to f5c7926c 
Dealt to ac5e58b8 
Dealt to Hero [Qh 5c]
Dealt to 37d201dc 
Dealt to dfe36de8 
Dealt to ef39121d 
Dealt to f0aeb4ba 
f5c7926c: folds
ac5e58b8: folds
Hero: folds
37d201dc: raises 350 to 700
dfe36de8: folds
ef39121d: folds
f0aeb4ba: folds
afd4ea40: calls 350
*** FLOP *** [4c Ad Kd]
afd4ea40: checks
37d201dc: bets 875
afd4ea40: calls 875
*** TURN *** [4c Ad Kd] [4d]
afd4ea40: bets 2,433
37d201dc: folds
Uncalled bet (2,433) returned to afd4ea40
*** SHOWDOWN ***
afd4ea40 collected 3,685 from pot
*** SUMMARY ***
Total pot 3,685 | Rake 0 | Jackpot 0 | Bingo 0 | Fortune 0 | Tax 0
Board [4c Ad Kd 4d]
Seat 1: afd4ea40 (big blind) won (3,685)
Seat 2: f5c7926c folded before Flop
Seat 3: ac5e58b8 folded before Flop
Seat 4: Hero folded before Flop
Seat 5: 37d201dc folded on the Turn
Seat 6: dfe36de8 folded before Flop
Seat 7: ef39121d (button) folded before Flop
Seat 8: f0aeb4ba (small blind) folded before Flop


Poker Hand #TM5643233708: Tournament #266375414, APL Series: ¥88 Zodiac Lucky Eights Bounty + Rabbit Hold'em No Limit - Level8(175/350(45)) - 2026/02/28 19:47:15
Table '77' 8-max Seat #6 is the button
Seat 1: afd4ea40 (9,965 in chips)
Seat 2: f5c7926c (13,600 in chips)
Seat 3: ac5e58b8 (17,747 in chips)
Seat 4: Hero (25,295 in chips)
Seat 5: 37d201dc (63,775 in chips)
Seat 6: dfe36de8 (11,994 in chips)
Seat 7: ef39121d (12,665 in chips)
Seat 8: f0aeb4ba (11,455 in chips)
f5c7926c: posts the ante 45
Hero: posts the ante 45
ac5e58b8: posts the ante 45
f0aeb4ba: posts the ante 45
ef39121d: posts the ante 45
afd4ea40: posts the ante 45
dfe36de8: posts the ante 45
37d201dc: posts the ante 45
ef39121d: posts small blind 175
f0aeb4ba: posts big blind 350
*** HOLE CARDS ***
Dealt to afd4ea40 
Dealt to f5c7926c 
Dealt to ac5e58b8 
Dealt to Hero [7c Jd]
Dealt to 37d201dc 
Dealt to dfe36de8 
Dealt to ef39121d 
Dealt to f0aeb4ba 
afd4ea40: folds
f5c7926c: folds
ac5e58b8: folds
Hero: folds
37d201dc: raises 350 to 700
dfe36de8: folds
ef39121d: folds
f0aeb4ba: raises 2,345 to 3,045
37d201dc: folds
Uncalled bet (2,345) returned to f0aeb4ba
*** SHOWDOWN ***
f0aeb4ba collected 1,935 from pot
*** SUMMARY ***
Total pot 1,935 | Rake 0 | Jackpot 0 | Bingo 0 | Fortune 0 | Tax 0
Seat 1: afd4ea40 folded before Flop
Seat 2: f5c7926c folded before Flop
Seat 3: ac5e58b8 folded before Flop
Seat 4: Hero folded before Flop
Seat 5: 37d201dc folded before Flop
Seat 6: dfe36de8 (button) folded before Flop
Seat 7: ef39121d (small blind) folded before Flop
Seat 8: f0aeb4ba (big blind) collected (1,935)


Poker Hand #TM5643233665: Tournament #266375414, APL Series: ¥88 Zodiac Lucky Eights Bounty + Rabbit Hold'em No Limit - Level7(150/300(35)) - 2026/02/28 19:45:28
Table '77' 8-max Seat #5 is the button
Seat 1: afd4ea40 (10,000 in chips)
Seat 2: f5c7926c (14,235 in chips)
Seat 3: ac5e58b8 (17,782 in chips)
Seat 4: Hero (25,330 in chips)
Seat 5: 37d201dc (63,810 in chips)
Seat 6: dfe36de8 (12,179 in chips)
Seat 7: ef39121d (13,300 in chips)
Seat 8: f0aeb4ba (9,860 in chips)
f5c7926c: posts the ante 35
Hero: posts the ante 35
ac5e58b8: posts the ante 35
f0aeb4ba: posts the ante 35
ef39121d: posts the ante 35
afd4ea40: posts the ante 35
dfe36de8: posts the ante 35
37d201dc: posts the ante 35
dfe36de8: posts small blind 150
ef39121d: posts big blind 300
*** HOLE CARDS ***
Dealt to afd4ea40 
Dealt to f5c7926c 
Dealt to ac5e58b8 
Dealt to Hero [2c Ah]
Dealt to 37d201dc 
Dealt to dfe36de8 
Dealt to ef39121d 
Dealt to f0aeb4ba 
f0aeb4ba: raises 300 to 600
afd4ea40: folds
f5c7926c: calls 600
ac5e58b8: folds
Hero: folds
37d201dc: folds
dfe36de8: folds
ef39121d: calls 300
*** FLOP *** [Qd 8s Qs]
ef39121d: checks
f0aeb4ba: checks
f5c7926c: checks
*** TURN *** [Qd 8s Qs] [9c]
ef39121d: checks
f0aeb4ba: checks
f5c7926c: checks
*** RIVER *** [Qd 8s Qs 9c] [6s]
ef39121d: checks
f0aeb4ba: bets 1,896
f5c7926c: folds
ef39121d: folds
Uncalled bet (1,896) returned to f0aeb4ba
*** SHOWDOWN ***
f0aeb4ba collected 2,230 from pot
*** SUMMARY ***
Total pot 2,230 | Rake 0 | Jackpot 0 | Bingo 0 | Fortune 0 | Tax 0
Board [Qd 8s Qs 9c 6s]
Seat 1: afd4ea40 folded before Flop
Seat 2: f5c7926c folded on the River
Seat 3: ac5e58b8 folded before Flop
Seat 4: Hero folded before Flop
Seat 5: 37d201dc (button) folded before Flop
Seat 6: dfe36de8 (small blind) folded before Flop
Seat 7: ef39121d (big blind) folded on the River
Seat 8: f0aeb4ba won (2,230)


Poker Hand #TM5643233650: Tournament #266375414, APL Series: ¥88 Zodiac Lucky Eights Bounty + Rabbit Hold'em No Limit - Level7(150/300(35)) - 2026/02/28 19:44:54
Table '77' 8-max Seat #4 is the button
Seat 2: f5c7926c (14,270 in chips)
Seat 3: ac5e58b8 (17,817 in chips)
Seat 4: Hero (25,365 in chips)
Seat 5: 37d201dc (63,995 in chips)
Seat 6: dfe36de8 (12,514 in chips)
Seat 7: ef39121d (12,640 in chips)
Seat 8: f0aeb4ba (9,895 in chips)
f5c7926c: posts the ante 35
Hero: posts the ante 35
ac5e58b8: posts the ante 35
f0aeb4ba: posts the ante 35
ef39121d: posts the ante 35
dfe36de8: posts the ante 35
37d201dc: posts the ante 35
37d201dc: posts small blind 150
dfe36de8: posts big blind 300
*** HOLE CARDS ***
Dealt to f5c7926c 
Dealt to ac5e58b8 
Dealt to Hero [7h 6c]
Dealt to 37d201dc 
Dealt to dfe36de8 
Dealt to ef39121d 
Dealt to f0aeb4ba 
ef39121d: raises 300 to 600
f0aeb4ba: folds
f5c7926c: folds
ac5e58b8: folds
Hero: folds
37d201dc: folds
dfe36de8: folds
Uncalled bet (300) returned to ef39121d
*** SHOWDOWN ***
ef39121d collected 995 from pot
*** SUMMARY ***
Total pot 995 | Rake 0 | Jackpot 0 | Bingo 0 | Fortune 0 | Tax 0
Seat 2: f5c7926c folded before Flop
Seat 3: ac5e58b8 folded before Flop
Seat 4: Hero (button) folded before Flop
Seat 5: 37d201dc (small blind) folded before Flop
Seat 6: dfe36de8 (big blind) folded before Flop
Seat 7: ef39121d collected (995)
Seat 8: f0aeb4ba folded before Flop


Poker Hand #TM5643233623: Tournament #266375414, APL Series: ¥88 Zodiac Lucky Eights Bounty + Rabbit Hold'em No Limit - Level7(150/300(35)) - 2026/02/28 19:43:48
Table '77' 8-max Seat #3 is the button
Seat 1: 673d2e5e (2,809 in chips)
Seat 2: f5c7926c (14,305 in chips)
Seat 3: ac5e58b8 (17,852 in chips)
Seat 4: Hero (22,046 in chips)
Seat 5: 37d201dc (64,330 in chips)
Seat 6: dfe36de8 (12,549 in chips)
Seat 7: ef39121d (12,675 in chips)
Seat 8: f0aeb4ba (9,930 in chips)
f5c7926c: posts the ante 35
673d2e5e: posts the ante 35
Hero: posts the ante 35
ac5e58b8: posts the ante 35
f0aeb4ba: posts the ante 35
ef39121d: posts the ante 35
dfe36de8: posts the ante 35
37d201dc: posts the ante 35
Hero: posts small blind 150
37d201dc: posts big blind 300
*** HOLE CARDS ***
Dealt to 673d2e5e 
Dealt to f5c7926c 
Dealt to ac5e58b8 
Dealt to Hero [5h As]
Dealt to 37d201dc 
Dealt to dfe36de8 
Dealt to ef39121d 
Dealt to f0aeb4ba 
dfe36de8: folds
ef39121d: folds
f0aeb4ba: folds
673d2e5e: raises 2,474 to 2,774 and is all-in
f5c7926c: folds
ac5e58b8: folds
Hero: calls 2,624
37d201dc: folds
673d2e5e: shows [Jd Ks]
Hero: shows [5h As]
*** FLOP *** [3s 5s Th]
*** TURN *** [3s 5s Th] [6c]
*** RIVER *** [3s 5s Th 6c] [5c]
*** SHOWDOWN ***
Hero collected 6,128 from pot
*** SUMMARY ***
Total pot 6,128 | Rake 0 | Jackpot 0 | Bingo 0 | Fortune 0 | Tax 0
Board [3s 5s Th 6c 5c]
Seat 1: 673d2e5e showed [Jd Ks] and lost with a pair of Fives
Seat 2: f5c7926c folded before Flop
Seat 3: ac5e58b8 (button) folded before Flop
Seat 4: Hero (small blind) showed [5h As] and won (6,128) with three of a kind, Fives
Seat 5: 37d201dc (big blind) folded before Flop
Seat 6: dfe36de8 folded before Flop
Seat 7: ef39121d folded before Flop
Seat 8: f0aeb4ba folded before Flop


Poker Hand #TM5643233611: Tournament #266375414, APL Series: ¥88 Zodiac Lucky Eights Bounty + Rabbit Hold'em No Limit - Level7(150/300(35)) - 2026/02/28 19:43:16
Table '77' 8-max Seat #2 is the button
Seat 1: 673d2e5e (2,844 in chips)
Seat 2: f5c7926c (14,340 in chips)
Seat 3: ac5e58b8 (18,037 in chips)
Seat 4: Hero (22,681 in chips)
Seat 5: 37d201dc (63,335 in chips)
Seat 6: dfe36de8 (12,584 in chips)
Seat 7: ef39121d (12,710 in chips)
Seat 8: f0aeb4ba (9,965 in chips)
f5c7926c: posts the ante 35
673d2e5e: posts the ante 35
Hero: posts the ante 35
ac5e58b8: posts the ante 35
f0aeb4ba: posts the ante 35
ef39121d: posts the ante 35
dfe36de8: posts the ante 35
37d201dc: posts the ante 35
ac5e58b8: posts small blind 150
Hero: posts big blind 300
*** HOLE CARDS ***
Dealt to 673d2e5e 
Dealt to f5c7926c 
Dealt to ac5e58b8 
Dealt to Hero [Jd 7c]
Dealt to 37d201dc 
Dealt to dfe36de8 
Dealt to ef39121d 
Dealt to f0aeb4ba 
37d201dc: raises 300 to 600
dfe36de8: folds
ef39121d: folds
f0aeb4ba: folds
673d2e5e: folds
f5c7926c: folds
ac5e58b8: folds
Hero: calls 300
*** FLOP *** [Td 3s 5s]
Hero: checks
37d201dc: bets 600
Hero: folds
Uncalled bet (600) returned to 37d201dc
*** SHOWDOWN ***
37d201dc collected 1,630 from pot
*** SUMMARY ***
Total pot 1,630 | Rake 0 | Jackpot 0 | Bingo 0 | Fortune 0 | Tax 0
Board [Td 3s 5s]
Seat 1: 673d2e5e folded before Flop
Seat 2: f5c7926c (button) folded before Flop
Seat 3: ac5e58b8 (small blind) folded before Flop
Seat 4: Hero (big blind) folded on the Flop
Seat 5: 37d201dc won (1,630)
Seat 6: dfe36de8 folded before Flop
Seat 7: ef39121d folded before Flop
Seat 8: f0aeb4ba folded before Flop


Poker Hand #TM5643233602: Tournament #266375414, APL Series: ¥88 Zodiac Lucky Eights Bounty + Rabbit Hold'em No Limit - Level7(150/300(35)) - 2026/02/28 19:42:42
Table '77' 8-max Seat #1 is the button
Seat 1: 673d2e5e (2,879 in chips)
Seat 2: f5c7926c (14,525 in chips)
Seat 3: ac5e58b8 (18,372 in chips)
Seat 4: Hero (20,186 in chips)
Seat 5: 37d201dc (63,970 in chips)
Seat 6: dfe36de8 (13,219 in chips)
Seat 7: ef39121d (13,345 in chips)
Seat 8: f0aeb4ba (10,000 in chips)
f5c7926c: posts the ante 35
673d2e5e: posts the ante 35
Hero: posts the ante 35
ac5e58b8: posts the ante 35
f0aeb4ba: posts the ante 35
ef39121d: posts the ante 35
dfe36de8: posts the ante 35
37d201dc: posts the ante 35
f5c7926c: posts small blind 150
ac5e58b8: posts big blind 300
*** HOLE CARDS ***
Dealt to 673d2e5e 
Dealt to f5c7926c 
Dealt to ac5e58b8 
Dealt to Hero [Td Kd]
Dealt to 37d201dc 
Dealt to dfe36de8 
Dealt to ef39121d 
Dealt to f0aeb4ba 
Hero: raises 300 to 600
37d201dc: calls 600
dfe36de8: calls 600
ef39121d: calls 600
f0aeb4ba: folds
673d2e5e: folds
f5c7926c: folds
ac5e58b8: folds
*** FLOP *** [3d 4c Kc]
Hero: bets 1,565
37d201dc: folds
dfe36de8: folds
ef39121d: folds
Uncalled bet (1,565) returned to Hero
*** SHOWDOWN ***
Hero collected 3,130 from pot
*** SUMMARY ***
Total pot 3,130 | Rake 0 | Jackpot 0 | Bingo 0 | Fortune 0 | Tax 0
Board [3d 4c Kc]
Seat 1: 673d2e5e (button) folded before Flop
Seat 2: f5c7926c (small blind) folded before Flop
Seat 3: ac5e58b8 (big blind) folded before Flop
Seat 4: Hero won (3,130)
Seat 5: 37d201dc folded on the Flop
Seat 6: dfe36de8 folded on the Flop
Seat 7: ef39121d folded on the Flop
Seat 8: f0aeb4ba folded before Flop


Poker Hand #TM5643233567: Tournament #266375414, APL Series: ¥88 Zodiac Lucky Eights Bounty + Rabbit Hold'em No Limit - Level7(150/300(35)) - 2026/02/28 19:41:18
Table '77' 8-max Seat #7 is the button
Seat 1: 673d2e5e (6,664 in chips)
Seat 2: f5c7926c (9,965 in chips)
Seat 3: ac5e58b8 (18,407 in chips)
Seat 4: Hero (20,221 in chips)
Seat 5: 37d201dc (64,005 in chips)
Seat 6: dfe36de8 (13,854 in chips)
Seat 7: ef39121d (13,380 in chips)
f5c7926c: posts the ante 35
673d2e5e: posts the ante 35
Hero: posts the ante 35
ac5e58b8: posts the ante 35
ef39121d: posts the ante 35
dfe36de8: posts the ante 35
37d201dc: posts the ante 35
673d2e5e: posts small blind 150
f5c7926c: posts big blind 300
*** HOLE CARDS ***
Dealt to 673d2e5e 
Dealt to f5c7926c 
Dealt to ac5e58b8 
Dealt to Hero [9d 5d]
Dealt to 37d201dc 
Dealt to dfe36de8 
Dealt to ef39121d 
ac5e58b8: folds
Hero: folds
37d201dc: folds
dfe36de8: raises 300 to 600
ef39121d: folds
673d2e5e: calls 450
f5c7926c: calls 300
*** FLOP *** [Kc 7d 9c]
673d2e5e: checks
f5c7926c: bets 1,050
dfe36de8: folds
673d2e5e: calls 1,050
*** TURN *** [Kc 7d 9c] [4d]
673d2e5e: checks
f5c7926c: bets 2,100
673d2e5e: calls 2,100
*** RIVER *** [Kc 7d 9c 4d] [7s]
673d2e5e: checks
f5c7926c: bets 6,180 and is all-in
673d2e5e: folds
Uncalled bet (6,180) returned to f5c7926c
*** SHOWDOWN ***
f5c7926c collected 8,345 from pot
*** SUMMARY ***
Total pot 8,345 | Rake 0 | Jackpot 0 | Bingo 0 | Fortune 0 | Tax 0
Board [Kc 7d 9c 4d 7s]
Seat 1: 673d2e5e (small blind) folded on the River
Seat 2: f5c7926c (big blind) won (8,345)
Seat 3: ac5e58b8 folded before Flop
Seat 4: Hero folded before Flop
Seat 5: 37d201dc folded before Flop
Seat 6: dfe36de8 folded on the Flop
Seat 7: ef39121d (button) folded before Flop


Poker Hand #TM5643233540: Tournament #266375414, APL Series: ¥88 Zodiac Lucky Eights Bounty + Rabbit Hold'em No Limit - Level7(150/300(35)) - 2026/02/28 19:40:05
Table '77' 8-max Seat #6 is the button
Seat 1: 673d2e5e (7,299 in chips)
Seat 2: f5c7926c (10,000 in chips)
Seat 3: ac5e58b8 (18,442 in chips)
Seat 4: Hero (11,577 in chips)
Seat 5: 37d201dc (64,040 in chips)
Seat 6: dfe36de8 (13,889 in chips)
Seat 7: ef39121d (13,565 in chips)
Seat 8: 1828349f (7,684 in chips)
f5c7926c: posts the ante 35
673d2e5e: posts the ante 35
Hero: posts the ante 35
1828349f: posts the ante 35
ac5e58b8: posts the ante 35
ef39121d: posts the ante 35
dfe36de8: posts the ante 35
37d201dc: posts the ante 35
ef39121d: posts small blind 150
1828349f: posts big blind 300
*** HOLE CARDS ***
Dealt to 673d2e5e 
Dealt to f5c7926c 
Dealt to ac5e58b8 
Dealt to Hero [Ad Ah]
Dealt to 37d201dc 
Dealt to dfe36de8 
Dealt to ef39121d 
Dealt to 1828349f 
673d2e5e: raises 300 to 600
f5c7926c: folds
ac5e58b8: folds
Hero: raises 1,448 to 2,048
37d201dc: folds
dfe36de8: folds
ef39121d: folds
1828349f: raises 5,601 to 7,649 and is all-in
673d2e5e: folds
Hero: calls 5,601
1828349f: shows [2s 2c]
Hero: shows [Ad Ah]
*** FLOP *** [8s 7c 5c]
*** TURN *** [8s 7c 5c] [Kc]
*** RIVER *** [8s 7c 5c Kc] [9d]
*** SHOWDOWN ***
Hero collected 16,328 from pot
*** SUMMARY ***
Total pot 16,328 | Rake 0 | Jackpot 0 | Bingo 0 | Fortune 0 | Tax 0
Board [8s 7c 5c Kc 9d]
Seat 1: 673d2e5e folded before Flop
Seat 2: f5c7926c folded before Flop
Seat 3: ac5e58b8 folded before Flop
Seat 4: Hero showed [Ad Ah] and won (16,328) with a pair of Aces
Seat 5: 37d201dc folded before Flop
Seat 6: dfe36de8 (button) folded before Flop
Seat 7: ef39121d (small blind) folded before Flop
Seat 8: 1828349f (big blind) showed [2s 2c] and lost with a pair of Twos


Poker Hand #TM5643233507: Tournament #266375414, APL Series: ¥88 Zodiac Lucky Eights Bounty + Rabbit Hold'em No Limit - Level7(150/300(35)) - 2026/02/28 19:38:49
Table '77' 8-max Seat #5 is the button
Seat 1: 673d2e5e (7,334 in chips)
Seat 3: ac5e58b8 (18,477 in chips)
Seat 4: Hero (11,612 in chips)
Seat 5: 37d201dc (65,275 in chips)
Seat 6: dfe36de8 (14,074 in chips)
Seat 7: ef39121d (12,005 in chips)
Seat 8: 1828349f (7,719 in chips)
673d2e5e: posts the ante 35
Hero: posts the ante 35
1828349f: posts the ante 35
ac5e58b8: posts the ante 35
ef39121d: posts the ante 35
dfe36de8: posts the ante 35
37d201dc: posts the ante 35
dfe36de8: posts small blind 150
ef39121d: posts big blind 300
*** HOLE CARDS ***
Dealt to 673d2e5e 
Dealt to ac5e58b8 
Dealt to Hero [Jc 2h]
Dealt to 37d201dc 
Dealt to dfe36de8 
Dealt to ef39121d 
Dealt to 1828349f 
1828349f: folds
673d2e5e: folds
ac5e58b8: folds
Hero: folds
37d201dc: raises 300 to 600
dfe36de8: folds
ef39121d: calls 300
*** FLOP *** [2c 9s 4c]
ef39121d: checks
37d201dc: bets 600
ef39121d: calls 600
*** TURN *** [2c 9s 4c] [5h]
ef39121d: checks
37d201dc: checks
*** RIVER *** [2c 9s 4c 5h] [Td]
ef39121d: bets 1,258
37d201dc: folds
Uncalled bet (1,258) returned to ef39121d
*** SHOWDOWN ***
ef39121d collected 2,795 from pot
*** SUMMARY ***
Total pot 2,795 | Rake 0 | Jackpot 0 | Bingo 0 | Fortune 0 | Tax 0
Board [2c 9s 4c 5h Td]
Seat 1: 673d2e5e folded before Flop
Seat 3: ac5e58b8 folded before Flop
Seat 4: Hero folded before Flop
Seat 5: 37d201dc (button) folded on the River
Seat 6: dfe36de8 (small blind) folded before Flop
Seat 7: ef39121d (big blind) won (2,795)
Seat 8: 1828349f folded before Flop


Poker Hand #TM5643233480: Tournament #266375414, APL Series: ¥88 Zodiac Lucky Eights Bounty + Rabbit Hold'em No Limit - Level7(150/300(35)) - 2026/02/28 19:37:34
Table '77' 8-max Seat #4 is the button
Seat 1: 673d2e5e (7,369 in chips)
Seat 2: d5107dd3 (12,375 in chips)
Seat 3: ac5e58b8 (19,112 in chips)
Seat 4: Hero (11,647 in chips)
Seat 5: 37d201dc (51,490 in chips)
Seat 6: dfe36de8 (14,709 in chips)
Seat 7: ef39121d (12,040 in chips)
Seat 8: 1828349f (7,754 in chips)
673d2e5e: posts the ante 35
Hero: posts the ante 35
1828349f: posts the ante 35
ac5e58b8: posts the ante 35
d5107dd3: posts the ante 35
ef39121d: posts the ante 35
dfe36de8: posts the ante 35
37d201dc: posts the ante 35
37d201dc: posts small blind 150
dfe36de8: posts big blind 300
*** HOLE CARDS ***
Dealt to 673d2e5e 
Dealt to d5107dd3 
Dealt to ac5e58b8 
Dealt to Hero [Ah 8d]
Dealt to 37d201dc 
Dealt to dfe36de8 
Dealt to ef39121d 
Dealt to 1828349f 
ef39121d: folds
1828349f: folds
673d2e5e: folds
d5107dd3: raises 300 to 600
ac5e58b8: calls 600
Hero: folds
37d201dc: calls 450
dfe36de8: calls 300
*** FLOP *** [5c Qd Td]
37d201dc: checks
dfe36de8: checks
d5107dd3: bets 900
ac5e58b8: folds
37d201dc: calls 900
dfe36de8: folds
*** TURN *** [5c Qd Td] [9c]
37d201dc: checks
d5107dd3: bets 3,360
37d201dc: raises 46,595 to 49,955 and is all-in
d5107dd3: calls 7,480 and is all-in
Uncalled bet (39,115) returned to 37d201dc
37d201dc: shows [Tc 9h] (two pair, Tens and Nines)
d5107dd3: shows [Jd Ad] (Ace high)
*** RIVER *** [5c Qd Td 9c] [Js]
*** SHOWDOWN ***
37d201dc collected 26,160 from pot
*** SUMMARY ***
Total pot 26,160 | Rake 0 | Jackpot 0 | Bingo 0 | Fortune 0 | Tax 0
Board [5c Qd Td 9c Js]
Seat 1: 673d2e5e folded before Flop
Seat 2: d5107dd3 showed [Jd Ad] and lost with a pair of Jacks
Seat 3: ac5e58b8 folded on the Flop
Seat 4: Hero (button) folded before Flop
Seat 5: 37d201dc (small blind) showed [Tc 9h] and won (26,160) with two pair, Tens and Nines
Seat 6: dfe36de8 (big blind) folded on the Flop
Seat 7: ef39121d folded before Flop
Seat 8: 1828349f folded before Flop


Poker Hand #TM5643233461: Tournament #266375414, APL Series: ¥88 Zodiac Lucky Eights Bounty + Rabbit Hold'em No Limit - Level7(150/300(35)) - 2026/02/28 19:36:40
Table '77' 8-max Seat #3 is the button
Seat 1: 673d2e5e (9,054 in chips)
Seat 2: d5107dd3 (10,030 in chips)
Seat 3: ac5e58b8 (19,147 in chips)
Seat 4: Hero (11,832 in chips)
Seat 5: 37d201dc (51,825 in chips)
Seat 6: dfe36de8 (14,744 in chips)
Seat 7: ef39121d (12,075 in chips)
Seat 8: 1828349f (7,789 in chips)
673d2e5e: posts the ante 35
1828349f: posts the ante 35
Hero: posts the ante 35
ac5e58b8: posts the ante 35
d5107dd3: posts the ante 35
ef39121d: posts the ante 35
dfe36de8: posts the ante 35
37d201dc: posts the ante 35
Hero: posts small blind 150
37d201dc: posts big blind 300
*** HOLE CARDS ***
Dealt to 673d2e5e 
Dealt to d5107dd3 
Dealt to ac5e58b8 
Dealt to Hero [Jh 6c]
Dealt to 37d201dc 
Dealt to dfe36de8 
Dealt to ef39121d 
Dealt to 1828349f 
dfe36de8: folds
ef39121d: folds
1828349f: folds
673d2e5e: raises 300 to 600
d5107dd3: raises 1,050 to 1,650
ac5e58b8: folds
Hero: folds
37d201dc: folds
673d2e5e: calls 1,050
*** FLOP *** [5d 8d Qd]
673d2e5e: checks
d5107dd3: bets 1,008
673d2e5e: folds
Uncalled bet (1,008) returned to d5107dd3
*** SHOWDOWN ***
d5107dd3 collected 4,030 from pot
*** SUMMARY ***
Total pot 4,030 | Rake 0 | Jackpot 0 | Bingo 0 | Fortune 0 | Tax 0
Board [5d 8d Qd]
Seat 1: 673d2e5e folded on the Flop
Seat 2: d5107dd3 won (4,030)
Seat 3: ac5e58b8 (button) folded before Flop
Seat 4: Hero (small blind) folded before Flop
Seat 5: 37d201dc (big blind) folded before Flop
Seat 6: dfe36de8 folded before Flop
Seat 7: ef39121d folded before Flop
Seat 8: 1828349f folded before Flop


Poker Hand #TM5643233447: Tournament #266375414, APL Series: ¥88 Zodiac Lucky Eights Bounty + Rabbit Hold'em No Limit - Level6(125/250(30)) - 2026/02/28 19:36:03
Table '77' 8-max Seat #2 is the button
Seat 1: 673d2e5e (9,084 in chips)
Seat 2: d5107dd3 (9,070 in chips)
Seat 3: ac5e58b8 (19,302 in chips)
Seat 4: Hero (12,487 in chips)
Seat 5: 37d201dc (51,855 in chips)
Seat 6: dfe36de8 (14,774 in chips)
Seat 7: ef39121d (12,105 in chips)
Seat 8: 1828349f (7,819 in chips)
673d2e5e: posts the ante 30
1828349f: posts the ante 30
Hero: posts the ante 30
d5107dd3: posts the ante 30
ac5e58b8: posts the ante 30
ef39121d: posts the ante 30
dfe36de8: posts the ante 30
37d201dc: posts the ante 30
ac5e58b8: posts small blind 125
Hero: posts big blind 250
*** HOLE CARDS ***
Dealt to 673d2e5e 
Dealt to d5107dd3 
Dealt to ac5e58b8 
Dealt to Hero [Ah 7d]
Dealt to 37d201dc 
Dealt to dfe36de8 
Dealt to ef39121d 
Dealt to 1828349f 
37d201dc: folds
dfe36de8: folds
ef39121d: folds
1828349f: folds
673d2e5e: folds
d5107dd3: raises 375 to 625
ac5e58b8: folds
Hero: calls 375
*** FLOP *** [Ks 5s Qh]
Hero: checks
d5107dd3: bets 1,000
Hero: folds
Uncalled bet (1,000) returned to d5107dd3
*** SHOWDOWN ***
d5107dd3 collected 1,615 from pot
*** SUMMARY ***
Total pot 1,615 | Rake 0 | Jackpot 0 | Bingo 0 | Fortune 0 | Tax 0
Board [Ks 5s Qh]
Seat 1: 673d2e5e folded before Flop
Seat 2: d5107dd3 (button) won (1,615)
Seat 3: ac5e58b8 (small blind) folded before Flop
Seat 4: Hero (big blind) folded on the Flop
Seat 5: 37d201dc folded before Flop
Seat 6: dfe36de8 folded before Flop
Seat 7: ef39121d folded before Flop
Seat 8: 1828349f folded before Flop


Poker Hand #TM5643233414: Tournament #266375414, APL Series: ¥88 Zodiac Lucky Eights Bounty + Rabbit Hold'em No Limit - Level6(125/250(30)) - 2026/02/28 19:34:26
Table '77' 8-max Seat #1 is the button
Seat 1: 673d2e5e (9,114 in chips)
Seat 2: d5107dd3 (9,225 in chips)
Seat 3: ac5e58b8 (14,477 in chips)
Seat 4: Hero (12,517 in chips)
Seat 5: 37d201dc (51,885 in chips)
Seat 6: dfe36de8 (14,804 in chips)
Seat 7: ef39121d (16,625 in chips)
Seat 8: 1828349f (7,849 in chips)
673d2e5e: posts the ante 30
1828349f: posts the ante 30
Hero: posts the ante 30
ac5e58b8: posts the ante 30
d5107dd3: posts the ante 30
ef39121d: posts the ante 30
dfe36de8: posts the ante 30
37d201dc: posts the ante 30
d5107dd3: posts small blind 125
ac5e58b8: posts big blind 250
*** HOLE CARDS ***
Dealt to 673d2e5e 
Dealt to d5107dd3 
Dealt to ac5e58b8 
Dealt to Hero [6d Jd]
Dealt to 37d201dc 
Dealt to dfe36de8 
Dealt to ef39121d 
Dealt to 1828349f 
Hero: folds
37d201dc: folds
dfe36de8: folds
ef39121d: raises 250 to 500
1828349f: folds
673d2e5e: folds
d5107dd3: folds
ac5e58b8: calls 250
*** FLOP *** [Js 6c 9c]
ac5e58b8: checks
ef39121d: bets 615
ac5e58b8: calls 615
*** TURN *** [Js 6c 9c] [Ah]
ac5e58b8: checks
ef39121d: bets 1,168
ac5e58b8: raises 2,207 to 3,375
ef39121d: calls 2,207
*** RIVER *** [Js 6c 9c Ah] [2s]
ac5e58b8: bets 9,957 and is all-in
ef39121d: folds
Uncalled bet (9,957) returned to ac5e58b8
*** SHOWDOWN ***
ac5e58b8 collected 9,345 from pot
*** SUMMARY ***
Total pot 9,345 | Rake 0 | Jackpot 0 | Bingo 0 | Fortune 0 | Tax 0
Board [Js 6c 9c Ah 2s]
Seat 1: 673d2e5e (button) folded before Flop
Seat 2: d5107dd3 (small blind) folded before Flop
Seat 3: ac5e58b8 (big blind) won (9,345)
Seat 4: Hero folded before Flop
Seat 5: 37d201dc folded before Flop
Seat 6: dfe36de8 folded before Flop
Seat 7: ef39121d folded on the River
Seat 8: 1828349f folded before Flop


Poker Hand #TM5643233383: Tournament #266375414, APL Series: ¥88 Zodiac Lucky Eights Bounty + Rabbit Hold'em No Limit - Level6(125/250(30)) - 2026/02/28 19:33:05
Table '77' 8-max Seat #8 is the button
Seat 1: 673d2e5e (7,904 in chips)
Seat 2: d5107dd3 (9,755 in chips)
Seat 3: ac5e58b8 (14,507 in chips)
Seat 4: Hero (12,547 in chips)
Seat 5: 37d201dc (52,415 in chips)
Seat 6: dfe36de8 (14,834 in chips)
Seat 7: ef39121d (16,655 in chips)
Seat 8: 1828349f (7,879 in chips)
673d2e5e: posts the ante 30
1828349f: posts the ante 30
Hero: posts the ante 30
ac5e58b8: posts the ante 30
d5107dd3: posts the ante 30
ef39121d: posts the ante 30
dfe36de8: posts the ante 30
37d201dc: posts the ante 30
673d2e5e: posts small blind 125
d5107dd3: posts big blind 250
*** HOLE CARDS ***
Dealt to 673d2e5e 
Dealt to d5107dd3 
Dealt to ac5e58b8 
Dealt to Hero [3c 2d]
Dealt to 37d201dc 
Dealt to dfe36de8 
Dealt to ef39121d 
Dealt to 1828349f 
ac5e58b8: folds
Hero: folds
37d201dc: raises 250 to 500
dfe36de8: folds
ef39121d: folds
1828349f: folds
673d2e5e: calls 375
d5107dd3: calls 250
*** FLOP *** [6d As 8s]
673d2e5e: checks
d5107dd3: checks
37d201dc: checks
*** TURN *** [6d As 8s] [7h]
673d2e5e: checks
d5107dd3: checks
37d201dc: checks
*** RIVER *** [6d As 8s 7h] [7s]
673d2e5e: checks
d5107dd3: checks
37d201dc: checks
673d2e5e: shows [Ts 8h] (two pair, Eights and Sevens)
d5107dd3: shows [Qh Th] (a pair of Sevens)
37d201dc: shows [9d Kc] (a pair of Sevens)
*** SHOWDOWN ***
673d2e5e collected 1,740 from pot
*** SUMMARY ***
Total pot 1,740 | Rake 0 | Jackpot 0 | Bingo 0 | Fortune 0 | Tax 0
Board [6d As 8s 7h 7s]
Seat 1: 673d2e5e (small blind) showed [Ts 8h] and won (1,740) with two pair, Eights and Sevens
Seat 2: d5107dd3 (big blind) showed [Qh Th] and lost with a pair of Sevens
Seat 3: ac5e58b8 folded before Flop
Seat 4: Hero folded before Flop
Seat 5: 37d201dc showed [9d Kc] and lost with a pair of Sevens
Seat 6: dfe36de8 folded before Flop
Seat 7: ef39121d folded before Flop
Seat 8: 1828349f (button) folded before Flop


Poker Hand #TM5643233368: Tournament #266375414, APL Series: ¥88 Zodiac Lucky Eights Bounty + Rabbit Hold'em No Limit - Level6(125/250(30)) - 2026/02/28 19:32:28
Table '77' 8-max Seat #7 is the button
Seat 1: 673d2e5e (8,885 in chips)
Seat 2: d5107dd3 (9,785 in chips)
Seat 3: ac5e58b8 (14,537 in chips)
Seat 4: Hero (12,577 in chips)
Seat 5: 37d201dc (52,445 in chips)
Seat 6: dfe36de8 (13,548 in chips)
Seat 7: ef39121d (16,685 in chips)
Seat 8: 1828349f (8,034 in chips)
673d2e5e: posts the ante 30
Hero: posts the ante 30
1828349f: posts the ante 30
ac5e58b8: posts the ante 30
d5107dd3: posts the ante 30
ef39121d: posts the ante 30
dfe36de8: posts the ante 30
37d201dc: posts the ante 30
1828349f: posts small blind 125
673d2e5e: posts big blind 250
*** HOLE CARDS ***
Dealt to 673d2e5e 
Dealt to d5107dd3 
Dealt to ac5e58b8 
Dealt to Hero [2s 4s]
Dealt to 37d201dc 
Dealt to dfe36de8 
Dealt to ef39121d 
Dealt to 1828349f 
d5107dd3: folds
ac5e58b8: folds
Hero: folds
37d201dc: folds
dfe36de8: raises 250 to 500
ef39121d: folds
1828349f: folds
673d2e5e: calls 250
*** FLOP *** [9c Kc 7c]
673d2e5e: checks
dfe36de8: bets 451
673d2e5e: calls 451
*** TURN *** [9c Kc 7c] [Ad]
673d2e5e: checks
dfe36de8: checks
*** RIVER *** [9c Kc 7c Ad] [4c]
673d2e5e: checks
dfe36de8: checks
673d2e5e: shows [Td 9h] (a pair of Nines)
dfe36de8: shows [Kh Qs] (a pair of Kings)
*** SHOWDOWN ***
dfe36de8 collected 2,267 from pot
*** SUMMARY ***
Total pot 2,267 | Rake 0 | Jackpot 0 | Bingo 0 | Fortune 0 | Tax 0
Board [9c Kc 7c Ad 4c]
Seat 1: 673d2e5e (big blind) showed [Td 9h] and lost with a pair of Nines
Seat 2: d5107dd3 folded before Flop
Seat 3: ac5e58b8 folded before Flop
Seat 4: Hero folded before Flop
Seat 5: 37d201dc folded before Flop
Seat 6: dfe36de8 showed [Kh Qs] and won (2,267) with a pair of Kings
Seat 7: ef39121d (button) folded before Flop
Seat 8: 1828349f (small blind) folded before Flop


Poker Hand #TM5643233351: Tournament #266375414, APL Series: ¥88 Zodiac Lucky Eights Bounty + Rabbit Hold'em No Limit - Level6(125/250(30)) - 2026/02/28 19:31:38
Table '77' 8-max Seat #6 is the button
Seat 1: 673d2e5e (8,915 in chips)
Seat 2: d5107dd3 (9,815 in chips)
Seat 3: ac5e58b8 (14,567 in chips)
Seat 4: Hero (12,607 in chips)
Seat 5: 37d201dc (52,475 in chips)
Seat 6: dfe36de8 (13,578 in chips)
Seat 7: ef39121d (16,965 in chips)
Seat 8: 1828349f (7,574 in chips)
673d2e5e: posts the ante 30
Hero: posts the ante 30
1828349f: posts the ante 30
ac5e58b8: posts the ante 30
d5107dd3: posts the ante 30
ef39121d: posts the ante 30
dfe36de8: posts the ante 30
37d201dc: posts the ante 30
ef39121d: posts small blind 125
1828349f: posts big blind 250
*** HOLE CARDS ***
Dealt to 673d2e5e 
Dealt to d5107dd3 
Dealt to ac5e58b8 
Dealt to Hero [8d 6c]
Dealt to 37d201dc 
Dealt to dfe36de8 
Dealt to ef39121d 
Dealt to 1828349f 
673d2e5e: folds
d5107dd3: folds
ac5e58b8: folds
Hero: folds
37d201dc: folds
dfe36de8: folds
ef39121d: calls 125
1828349f: checks
*** FLOP *** [2s 4h 7c]
ef39121d: checks
1828349f: bets 555
ef39121d: folds
Uncalled bet (555) returned to 1828349f
*** SHOWDOWN ***
1828349f collected 740 from pot
*** SUMMARY ***
Total pot 740 | Rake 0 | Jackpot 0 | Bingo 0 | Fortune 0 | Tax 0
Board [2s 4h 7c]
Seat 1: 673d2e5e folded before Flop
Seat 2: d5107dd3 folded before Flop
Seat 3: ac5e58b8 folded before Flop
Seat 4: Hero folded before Flop
Seat 5: 37d201dc folded before Flop
Seat 6: dfe36de8 (button) folded before Flop
Seat 7: ef39121d (small blind) folded on the Flop
Seat 8: 1828349f (big blind) won (740)


Poker Hand #TM5643233314: Tournament #266375414, APL Series: ¥88 Zodiac Lucky Eights Bounty + Rabbit Hold'em No Limit - Level6(125/250(30)) - 2026/02/28 19:30:21
Table '77' 8-max Seat #5 is the button
Seat 1: 673d2e5e (8,945 in chips)
Seat 2: d5107dd3 (9,845 in chips)
Seat 3: ac5e58b8 (14,597 in chips)
Seat 4: Hero (12,637 in chips)
Seat 5: 37d201dc (52,505 in chips)
Seat 6: dfe36de8 (15,478 in chips)
Seat 7: ef39121d (14,885 in chips)
Seat 8: 1828349f (7,604 in chips)
673d2e5e: posts the ante 30
Hero: posts the ante 30
1828349f: posts the ante 30
ac5e58b8: posts the ante 30
d5107dd3: posts the ante 30
ef39121d: posts the ante 30
dfe36de8: posts the ante 30
37d201dc: posts the ante 30
dfe36de8: posts small blind 125
ef39121d: posts big blind 250
*** HOLE CARDS ***
Dealt to 673d2e5e 
Dealt to d5107dd3 
Dealt to ac5e58b8 
Dealt to Hero [Qs 5c]
Dealt to 37d201dc 
Dealt to dfe36de8 
Dealt to ef39121d 
Dealt to 1828349f 
1828349f: folds
673d2e5e: folds
d5107dd3: folds
ac5e58b8: folds
Hero: folds
37d201dc: folds
dfe36de8: calls 125
ef39121d: raises 625 to 875
dfe36de8: calls 625
*** FLOP *** [5h 8d 4h]
dfe36de8: checks
ef39121d: checks
*** TURN *** [5h 8d 4h] [2d]
dfe36de8: bets 995
ef39121d: raises 1,995 to 2,990
dfe36de8: folds
Uncalled bet (1,995) returned to ef39121d
*** SHOWDOWN ***
ef39121d collected 3,980 from pot
*** SUMMARY ***
Total pot 3,980 | Rake 0 | Jackpot 0 | Bingo 0 | Fortune 0 | Tax 0
Board [5h 8d 4h 2d]
Seat 1: 673d2e5e folded before Flop
Seat 2: d5107dd3 folded before Flop
Seat 3: ac5e58b8 folded before Flop
Seat 4: Hero folded before Flop
Seat 5: 37d201dc (button) folded before Flop
Seat 6: dfe36de8 (small blind) folded on the Turn
Seat 7: ef39121d (big blind) won (3,980)
Seat 8: 1828349f folded before Flop


Poker Hand #TM5643233303: Tournament #266375414, APL Series: ¥88 Zodiac Lucky Eights Bounty + Rabbit Hold'em No Limit - Level6(125/250(30)) - 2026/02/28 19:29:41
Table '77' 8-max Seat #4 is the button
Seat 1: 673d2e5e (8,975 in chips)
Seat 2: d5107dd3 (9,875 in chips)
Seat 3: ac5e58b8 (14,627 in chips)
Seat 4: Hero (12,667 in chips)
Seat 5: 37d201dc (51,495 in chips)
Seat 6: dfe36de8 (15,758 in chips)
Seat 7: ef39121d (14,915 in chips)
Seat 8: 1828349f (8,184 in chips)
673d2e5e: posts the ante 30
Hero: posts the ante 30
1828349f: posts the ante 30
ac5e58b8: posts the ante 30
d5107dd3: posts the ante 30
ef39121d: posts the ante 30
dfe36de8: posts the ante 30
37d201dc: posts the ante 30
37d201dc: posts small blind 125
dfe36de8: posts big blind 250
*** HOLE CARDS ***
Dealt to 673d2e5e 
Dealt to d5107dd3 
Dealt to ac5e58b8 
Dealt to Hero [7s 6h]
Dealt to 37d201dc 
Dealt to dfe36de8 
Dealt to ef39121d 
Dealt to 1828349f 
ef39121d: folds
1828349f: raises 300 to 550
673d2e5e: folds
d5107dd3: folds
ac5e58b8: folds
Hero: folds
37d201dc: calls 425
dfe36de8: folds
*** FLOP *** [5c 9h Qc]
37d201dc: checks
1828349f: checks
*** TURN *** [5c 9h Qc] [5h]
37d201dc: bets 500
1828349f: folds
Uncalled bet (500) returned to 37d201dc
*** SHOWDOWN ***
37d201dc collected 1,590 from pot
*** SUMMARY ***
Total pot 1,590 | Rake 0 | Jackpot 0 | Bingo 0 | Fortune 0 | Tax 0
Board [5c 9h Qc 5h]
Seat 1: 673d2e5e folded before Flop
Seat 2: d5107dd3 folded before Flop
Seat 3: ac5e58b8 folded before Flop
Seat 4: Hero (button) folded before Flop
Seat 5: 37d201dc (small blind) won (1,590)
Seat 6: dfe36de8 (big blind) folded before Flop
Seat 7: ef39121d folded before Flop
Seat 8: 1828349f folded on the Turn


Poker Hand #TM5643233295: Tournament #266375414, APL Series: ¥88 Zodiac Lucky Eights Bounty + Rabbit Hold'em No Limit - Level6(125/250(30)) - 2026/02/28 19:29:17
Table '77' 8-max Seat #3 is the button
Seat 1: 673d2e5e (9,005 in chips)
Seat 2: d5107dd3 (9,905 in chips)
Seat 3: ac5e58b8 (14,657 in chips)
Seat 4: Hero (12,207 in chips)
Seat 5: 37d201dc (51,775 in chips)
Seat 6: dfe36de8 (15,788 in chips)
Seat 7: ef39121d (14,945 in chips)
Seat 8: 1828349f (8,214 in chips)
673d2e5e: posts the ante 30
1828349f: posts the ante 30
Hero: posts the ante 30
ac5e58b8: posts the ante 30
d5107dd3: posts the ante 30
ef39121d: posts the ante 30
dfe36de8: posts the ante 30
37d201dc: posts the ante 30
Hero: posts small blind 125
37d201dc: posts big blind 250
*** HOLE CARDS ***
Dealt to 673d2e5e 
Dealt to d5107dd3 
Dealt to ac5e58b8 
Dealt to Hero [Tc Qs]
Dealt to 37d201dc 
Dealt to dfe36de8 
Dealt to ef39121d 
Dealt to 1828349f 
dfe36de8: folds
ef39121d: folds
1828349f: folds
673d2e5e: folds
d5107dd3: folds
ac5e58b8: folds
Hero: raises 250 to 500
37d201dc: folds
Uncalled bet (250) returned to Hero
*** SHOWDOWN ***
Hero collected 740 from pot
*** SUMMARY ***
Total pot 740 | Rake 0 | Jackpot 0 | Bingo 0 | Fortune 0 | Tax 0
Seat 1: 673d2e5e folded before Flop
Seat 2: d5107dd3 folded before Flop
Seat 3: ac5e58b8 (button) folded before Flop
Seat 4: Hero (small blind) collected (740)
Seat 5: 37d201dc (big blind) folded before Flop
Seat 6: dfe36de8 folded before Flop
Seat 7: ef39121d folded before Flop
Seat 8: 1828349f folded before Flop


Poker Hand #TM5643233265: Tournament #266375414, APL Series: ¥88 Zodiac Lucky Eights Bounty + Rabbit Hold'em No Limit - Level6(125/250(30)) - 2026/02/28 19:27:55
Table '77' 8-max Seat #2 is the button
Seat 1: 673d2e5e (11,120 in chips)
Seat 2: d5107dd3 (9,935 in chips)
Seat 3: ac5e58b8 (14,812 in chips)
Seat 4: Hero (9,787 in chips)
Seat 5: 37d201dc (51,805 in chips)
Seat 6: dfe36de8 (15,818 in chips)
Seat 7: ef39121d (14,975 in chips)
Seat 8: 1828349f (8,244 in chips)
673d2e5e: posts the ante 30
1828349f: posts the ante 30
Hero: posts the ante 30
d5107dd3: posts the ante 30
ac5e58b8: posts the ante 30
ef39121d: posts the ante 30
dfe36de8: posts the ante 30
37d201dc: posts the ante 30
ac5e58b8: posts small blind 125
Hero: posts big blind 250
*** HOLE CARDS ***
Dealt to 673d2e5e 
Dealt to d5107dd3 
Dealt to ac5e58b8 
Dealt to Hero [2s 9s]
Dealt to 37d201dc 
Dealt to dfe36de8 
Dealt to ef39121d 
Dealt to 1828349f 
37d201dc: folds
dfe36de8: folds
ef39121d: folds
1828349f: folds
673d2e5e: raises 250 to 500
d5107dd3: folds
ac5e58b8: folds
Hero: calls 250
*** FLOP *** [2d 8h 2c]
Hero: checks
673d2e5e: bets 683
Hero: calls 683
*** TURN *** [2d 8h 2c] [8s]
Hero: checks
673d2e5e: bets 902
Hero: calls 902
*** RIVER *** [2d 8h 2c 8s] [Jh]
Hero: checks
673d2e5e: checks
Hero: shows [2s 9s] (a full house, Twos full of Eights)
673d2e5e: shows [9h Ah] (two pair, Eights and Twos)
*** SHOWDOWN ***
Hero collected 4,535 from pot
*** SUMMARY ***
Total pot 4,535 | Rake 0 | Jackpot 0 | Bingo 0 | Fortune 0 | Tax 0
Board [2d 8h 2c 8s Jh]
Seat 1: 673d2e5e showed [9h Ah] and lost with two pair, Eights and Twos
Seat 2: d5107dd3 (button) folded before Flop
Seat 3: ac5e58b8 (small blind) folded before Flop
Seat 4: Hero (big blind) showed [2s 9s] and won (4,535) with a full house, Twos full of Eights
Seat 5: 37d201dc folded before Flop
Seat 6: dfe36de8 folded before Flop
Seat 7: ef39121d folded before Flop
Seat 8: 1828349f folded before Flop


Poker Hand #TM5643233252: Tournament #266375414, APL Series: ¥88 Zodiac Lucky Eights Bounty + Rabbit Hold'em No Limit - Level6(125/250(30)) - 2026/02/28 19:27:17
Table '77' 8-max Seat #1 is the button
Seat 1: 673d2e5e (11,650 in chips)
Seat 2: d5107dd3 (8,975 in chips)
Seat 3: ac5e58b8 (15,092 in chips)
Seat 4: Hero (9,817 in chips)
Seat 5: 37d201dc (51,835 in chips)
Seat 6: dfe36de8 (15,848 in chips)
Seat 7: ef39121d (15,005 in chips)
Seat 8: 1828349f (8,274 in chips)
673d2e5e: posts the ante 30
1828349f: posts the ante 30
Hero: posts the ante 30
ac5e58b8: posts the ante 30
d5107dd3: posts the ante 30
ef39121d: posts the ante 30
dfe36de8: posts the ante 30
37d201dc: posts the ante 30
d5107dd3: posts small blind 125
ac5e58b8: posts big blind 250
*** HOLE CARDS ***
Dealt to 673d2e5e 
Dealt to d5107dd3 
Dealt to ac5e58b8 
Dealt to Hero [Tc 7s]
Dealt to 37d201dc 
Dealt to dfe36de8 
Dealt to ef39121d 
Dealt to 1828349f 
Hero: folds
37d201dc: folds
dfe36de8: folds
ef39121d: folds
1828349f: folds
673d2e5e: raises 250 to 500
d5107dd3: raises 1,500 to 2,000
ac5e58b8: folds
673d2e5e: folds
Uncalled bet (1,500) returned to d5107dd3
*** SHOWDOWN ***
d5107dd3 collected 1,490 from pot
*** SUMMARY ***
Total pot 1,490 | Rake 0 | Jackpot 0 | Bingo 0 | Fortune 0 | Tax 0
Seat 1: 673d2e5e (button) folded before Flop
Seat 2: d5107dd3 (small blind) collected (1,490)
Seat 3: ac5e58b8 (big blind) folded before Flop
Seat 4: Hero folded before Flop
Seat 5: 37d201dc folded before Flop
Seat 6: dfe36de8 folded before Flop
Seat 7: ef39121d folded before Flop
Seat 8: 1828349f folded before Flop


Poker Hand #TM5643233215: Tournament #266375414, APL Series: ¥88 Zodiac Lucky Eights Bounty + Rabbit Hold'em No Limit - Level5(100/200(25)) - 2026/02/28 19:25:47
Table '77' 8-max Seat #8 is the button
Seat 1: 673d2e5e (11,775 in chips)
Seat 2: d5107dd3 (9,900 in chips)
Seat 3: ac5e58b8 (15,517 in chips)
Seat 4: Hero (9,842 in chips)
Seat 5: 37d201dc (51,860 in chips)
Seat 6: dfe36de8 (14,273 in chips)
Seat 7: ef39121d (15,030 in chips)
Seat 8: 1828349f (8,299 in chips)
673d2e5e: posts the ante 25
1828349f: posts the ante 25
Hero: posts the ante 25
ac5e58b8: posts the ante 25
d5107dd3: posts the ante 25
ef39121d: posts the ante 25
dfe36de8: posts the ante 25
37d201dc: posts the ante 25
673d2e5e: posts small blind 100
d5107dd3: posts big blind 200
*** HOLE CARDS ***
Dealt to 673d2e5e 
Dealt to d5107dd3 
Dealt to ac5e58b8 
Dealt to Hero [9d 6c]
Dealt to 37d201dc 
Dealt to dfe36de8 
Dealt to ef39121d 
Dealt to 1828349f 
ac5e58b8: raises 200 to 400
Hero: folds
37d201dc: folds
dfe36de8: calls 400
ef39121d: folds
1828349f: folds
673d2e5e: folds
d5107dd3: calls 200
*** FLOP *** [7h 4s 6s]
d5107dd3: checks
ac5e58b8: checks
dfe36de8: checks
*** TURN *** [7h 4s 6s] [Qh]
d5107dd3: checks
ac5e58b8: checks
dfe36de8: checks
*** RIVER *** [7h 4s 6s Qh] [4c]
d5107dd3: bets 500
ac5e58b8: folds
dfe36de8: calls 500
d5107dd3: shows [8h Th] (a pair of Fours)
dfe36de8: shows [Jc Ad] (a pair of Fours)
*** SHOWDOWN ***
dfe36de8 collected 2,500 from pot
*** SUMMARY ***
Total pot 2,500 | Rake 0 | Jackpot 0 | Bingo 0 | Fortune 0 | Tax 0
Board [7h 4s 6s Qh 4c]
Seat 1: 673d2e5e (small blind) folded before Flop
Seat 2: d5107dd3 (big blind) showed [8h Th] and lost with a pair of Fours
Seat 3: ac5e58b8 folded on the River
Seat 4: Hero folded before Flop
Seat 5: 37d201dc folded before Flop
Seat 6: dfe36de8 showed [Jc Ad] and won (2,500) with a pair of Fours
Seat 7: ef39121d folded before Flop
Seat 8: 1828349f (button) folded before Flop


Poker Hand #TM5643233190: Tournament #266375414, APL Series: ¥88 Zodiac Lucky Eights Bounty + Rabbit Hold'em No Limit - Level5(100/200(25)) - 2026/02/28 19:24:29
Table '77' 8-max Seat #7 is the button
Seat 1: 673d2e5e (12,200 in chips)
Seat 2: d5107dd3 (9,925 in chips)
Seat 3: ac5e58b8 (19,317 in chips)
Seat 4: Hero (9,867 in chips)
Seat 5: 37d201dc (47,410 in chips)
Seat 6: dfe36de8 (14,298 in chips)
Seat 7: ef39121d (15,055 in chips)
Seat 8: 1828349f (8,424 in chips)
673d2e5e: posts the ante 25
Hero: posts the ante 25
1828349f: posts the ante 25
ac5e58b8: posts the ante 25
d5107dd3: posts the ante 25
ef39121d: posts the ante 25
dfe36de8: posts the ante 25
37d201dc: posts the ante 25
1828349f: posts small blind 100
673d2e5e: posts big blind 200
*** HOLE CARDS ***
Dealt to 673d2e5e 
Dealt to d5107dd3 
Dealt to ac5e58b8 
Dealt to Hero [6s Ac]
Dealt to 37d201dc 
Dealt to dfe36de8 
Dealt to ef39121d 
Dealt to 1828349f 
d5107dd3: folds
ac5e58b8: raises 200 to 400
Hero: folds
37d201dc: calls 400
dfe36de8: folds
ef39121d: folds
1828349f: folds
673d2e5e: calls 200
*** FLOP *** [Qs Ks Kc]
673d2e5e: checks
ac5e58b8: bets 375
37d201dc: calls 375
673d2e5e: folds
*** TURN *** [Qs Ks Kc] [Qc]
ac5e58b8: checks
37d201dc: bets 900
ac5e58b8: calls 900
*** RIVER *** [Qs Ks Kc Qc] [4d]
ac5e58b8: checks
37d201dc: bets 2,100
ac5e58b8: calls 2,100
37d201dc: shows [Ts Kd] (a full house, Kings full of Queens)
ac5e58b8: shows [Qd As] (a full house, Queens full of Kings)
*** SHOWDOWN ***
37d201dc collected 8,250 from pot
*** SUMMARY ***
Total pot 8,250 | Rake 0 | Jackpot 0 | Bingo 0 | Fortune 0 | Tax 0
Board [Qs Ks Kc Qc 4d]
Seat 1: 673d2e5e (big blind) folded on the Flop
Seat 2: d5107dd3 folded before Flop
Seat 3: ac5e58b8 showed [Qd As] and lost with a full house, Queens full of Kings
Seat 4: Hero folded before Flop
Seat 5: 37d201dc showed [Ts Kd] and won (8,250) with a full house, Kings full of Queens
Seat 6: dfe36de8 folded before Flop
Seat 7: ef39121d (button) folded before Flop
Seat 8: 1828349f (small blind) folded before Flop


Poker Hand #TM5643233169: Tournament #266375414, APL Series: ¥88 Zodiac Lucky Eights Bounty + Rabbit Hold'em No Limit - Level5(100/200(25)) - 2026/02/28 19:23:34
Table '77' 8-max Seat #6 is the button
Seat 1: 673d2e5e (10,000 in chips)
Seat 2: d5107dd3 (9,950 in chips)
Seat 3: ac5e58b8 (19,342 in chips)
Seat 4: Hero (9,892 in chips)
Seat 5: 37d201dc (48,960 in chips)
Seat 6: dfe36de8 (14,323 in chips)
Seat 7: ef39121d (15,180 in chips)
Seat 8: 1828349f (8,849 in chips)
673d2e5e: posts the ante 25
Hero: posts the ante 25
1828349f: posts the ante 25
ac5e58b8: posts the ante 25
d5107dd3: posts the ante 25
ef39121d: posts the ante 25
dfe36de8: posts the ante 25
37d201dc: posts the ante 25
ef39121d: posts small blind 100
1828349f: posts big blind 200
*** HOLE CARDS ***
Dealt to 673d2e5e 
Dealt to d5107dd3 
Dealt to ac5e58b8 
Dealt to Hero [4s Ac]
Dealt to 37d201dc 
Dealt to dfe36de8 
Dealt to ef39121d 
Dealt to 1828349f 
673d2e5e: raises 200 to 400
d5107dd3: folds
ac5e58b8: folds
Hero: folds
37d201dc: calls 400
dfe36de8: folds
ef39121d: folds
1828349f: calls 200
*** FLOP *** [2c 9s 3c]
1828349f: checks
673d2e5e: bets 1,125
37d201dc: calls 1,125
1828349f: folds
*** TURN *** [2c 9s 3c] [4d]
673d2e5e: bets 2,813
37d201dc: folds
Uncalled bet (2,813) returned to 673d2e5e
*** SHOWDOWN ***
673d2e5e collected 3,750 from pot
*** SUMMARY ***
Total pot 3,750 | Rake 0 | Jackpot 0 | Bingo 0 | Fortune 0 | Tax 0
Board [2c 9s 3c 4d]
Seat 1: 673d2e5e won (3,750)
Seat 2: d5107dd3 folded before Flop
Seat 3: ac5e58b8 folded before Flop
Seat 4: Hero folded before Flop
Seat 5: 37d201dc folded on the Turn
Seat 6: dfe36de8 (button) folded before Flop
Seat 7: ef39121d (small blind) folded before Flop
Seat 8: 1828349f (big blind) folded on the Flop


Poker Hand #TM5643233153: Tournament #266375414, APL Series: ¥88 Zodiac Lucky Eights Bounty + Rabbit Hold'em No Limit - Level5(100/200(25)) - 2026/02/28 19:22:39
Table '77' 8-max Seat #5 is the button
Seat 2: d5107dd3 (9,975 in chips)
Seat 3: ac5e58b8 (19,367 in chips)
Seat 4: Hero (9,917 in chips)
Seat 5: 37d201dc (48,985 in chips)
Seat 6: dfe36de8 (13,714 in chips)
Seat 7: ef39121d (15,664 in chips)
Seat 8: 1828349f (8,874 in chips)
Hero: posts the ante 25
1828349f: posts the ante 25
ac5e58b8: posts the ante 25
d5107dd3: posts the ante 25
ef39121d: posts the ante 25
dfe36de8: posts the ante 25
37d201dc: posts the ante 25
dfe36de8: posts small blind 100
ef39121d: posts big blind 200
*** HOLE CARDS ***
Dealt to d5107dd3 
Dealt to ac5e58b8 
Dealt to Hero [Ks 7h]
Dealt to 37d201dc 
Dealt to dfe36de8 
Dealt to ef39121d 
Dealt to 1828349f 
1828349f: folds
d5107dd3: folds
ac5e58b8: folds
Hero: folds
37d201dc: folds
dfe36de8: calls 100
ef39121d: checks
*** FLOP *** [8c Jh Kc]
dfe36de8: checks
ef39121d: checks
*** TURN *** [8c Jh Kc] [Ac]
dfe36de8: checks
ef39121d: bets 259
dfe36de8: calls 259
*** RIVER *** [8c Jh Kc Ac] [Ts]
dfe36de8: bets 361
ef39121d: folds
Uncalled bet (361) returned to dfe36de8
*** SHOWDOWN ***
dfe36de8 collected 1,093 from pot
*** SUMMARY ***
Total pot 1,093 | Rake 0 | Jackpot 0 | Bingo 0 | Fortune 0 | Tax 0
Board [8c Jh Kc Ac Ts]
Seat 2: d5107dd3 folded before Flop
Seat 3: ac5e58b8 folded before Flop
Seat 4: Hero folded before Flop
Seat 5: 37d201dc (button) folded before Flop
Seat 6: dfe36de8 (small blind) won (1,093)
Seat 7: ef39121d (big blind) folded on the River
Seat 8: 1828349f folded before Flop


Poker Hand #TM5643233138: Tournament #266375414, APL Series: ¥88 Zodiac Lucky Eights Bounty + Rabbit Hold'em No Limit - Level5(100/200(25)) - 2026/02/28 19:22:02
Table '77' 8-max Seat #4 is the button
Seat 1: 1aa433c2 (5,745 in chips)
Seat 2: d5107dd3 (10,000 in chips)
Seat 3: ac5e58b8 (19,392 in chips)
Seat 4: Hero (9,942 in chips)
Seat 5: 37d201dc (49,110 in chips)
Seat 6: dfe36de8 (7,719 in chips)
Seat 7: ef39121d (15,689 in chips)
Seat 8: 1828349f (8,899 in chips)
Hero: posts the ante 25
1828349f: posts the ante 25
ac5e58b8: posts the ante 25
d5107dd3: posts the ante 25
1aa433c2: posts the ante 25
ef39121d: posts the ante 25
dfe36de8: posts the ante 25
37d201dc: posts the ante 25
37d201dc: posts small blind 100
dfe36de8: posts big blind 200
*** HOLE CARDS ***
Dealt to 1aa433c2 
Dealt to d5107dd3 
Dealt to ac5e58b8 
Dealt to Hero [6c 9h]
Dealt to 37d201dc 
Dealt to dfe36de8 
Dealt to ef39121d 
Dealt to 1828349f 
ef39121d: folds
1828349f: folds
1aa433c2: raises 5,520 to 5,720 and is all-in
d5107dd3: folds
ac5e58b8: folds
Hero: folds
37d201dc: folds
dfe36de8: calls 5,520
1aa433c2: shows [Th As]
dfe36de8: shows [8c Jd]
*** FLOP *** [Jh 2s 5d]
*** TURN *** [Jh 2s 5d] [6d]
*** RIVER *** [Jh 2s 5d 6d] [Td]
*** SHOWDOWN ***
dfe36de8 collected 11,740 from pot
*** SUMMARY ***
Total pot 11,740 | Rake 0 | Jackpot 0 | Bingo 0 | Fortune 0 | Tax 0
Board [Jh 2s 5d 6d Td]
Seat 1: 1aa433c2 showed [Th As] and lost with a pair of Tens
Seat 2: d5107dd3 folded before Flop
Seat 3: ac5e58b8 folded before Flop
Seat 4: Hero (button) folded before Flop
Seat 5: 37d201dc (small blind) folded before Flop
Seat 6: dfe36de8 (big blind) showed [8c Jd] and won (11,740) with a pair of Jacks
Seat 7: ef39121d folded before Flop
Seat 8: 1828349f folded before Flop


Poker Hand #TM5643233110: Tournament #266375414, APL Series: ¥88 Zodiac Lucky Eights Bounty + Rabbit Hold'em No Limit - Level5(100/200(25)) - 2026/02/28 19:20:58
Table '77' 8-max Seat #3 is the button
Seat 1: 1aa433c2 (10,000 in chips)
Seat 3: ac5e58b8 (19,417 in chips)
Seat 4: Hero (10,067 in chips)
Seat 5: 37d201dc (40,400 in chips)
Seat 6: dfe36de8 (7,744 in chips)
Seat 7: ef39121d (15,714 in chips)
Seat 8: 1828349f (13,154 in chips)
1828349f: posts the ante 25
Hero: posts the ante 25
ac5e58b8: posts the ante 25
1aa433c2: posts the ante 25
ef39121d: posts the ante 25
dfe36de8: posts the ante 25
37d201dc: posts the ante 25
Hero: posts small blind 100
37d201dc: posts big blind 200
*** HOLE CARDS ***
Dealt to 1aa433c2 
Dealt to ac5e58b8 
Dealt to Hero [Jd 6h]
Dealt to 37d201dc 
Dealt to dfe36de8 
Dealt to ef39121d 
Dealt to 1828349f 
dfe36de8: folds
ef39121d: folds
1828349f: raises 240 to 440
1aa433c2: calls 440
ac5e58b8: folds
Hero: folds
37d201dc: calls 240
*** FLOP *** [Jh 9c 3s]
37d201dc: checks
1828349f: bets 1,197
1aa433c2: calls 1,197
37d201dc: calls 1,197
*** TURN *** [Jh 9c 3s] [7d]
37d201dc: checks
1828349f: bets 2,593
1aa433c2: calls 2,593
37d201dc: calls 2,593
*** RIVER *** [Jh 9c 3s 7d] [Jc]
37d201dc: checks
1828349f: checks
1aa433c2: checks
37d201dc: shows [Ts 9s] (two pair, Jacks and Nines)
1828349f: shows [Kc Td] (a pair of Jacks)
1aa433c2: shows [8h 9h] (two pair, Jacks and Nines)
*** SHOWDOWN ***
37d201dc collected 12,965 from pot
*** SUMMARY ***
Total pot 12,965 | Rake 0 | Jackpot 0 | Bingo 0 | Fortune 0 | Tax 0
Board [Jh 9c 3s 7d Jc]
Seat 1: 1aa433c2 showed [8h 9h] and lost with two pair, Jacks and Nines
Seat 3: ac5e58b8 (button) folded before Flop
Seat 4: Hero (small blind) folded before Flop
Seat 5: 37d201dc (big blind) showed [Ts 9s] and won (12,965) with two pair, Jacks and Nines
Seat 6: dfe36de8 folded before Flop
Seat 7: ef39121d folded before Flop
Seat 8: 1828349f showed [Kc Td] and lost with a pair of Jacks


Poker Hand #TM5643233086: Tournament #266375414, APL Series: ¥88 Zodiac Lucky Eights Bounty + Rabbit Hold'em No Limit - Level5(100/200(25)) - 2026/02/28 19:20:05
Table '77' 8-max Seat #2 is the button
Seat 2: 291267e1 (9,700 in chips)
Seat 3: ac5e58b8 (19,542 in chips)
Seat 4: Hero (10,292 in chips)
Seat 5: 37d201dc (30,275 in chips)
Seat 6: dfe36de8 (7,769 in chips)
Seat 7: ef39121d (15,739 in chips)
Seat 8: 1828349f (13,179 in chips)
291267e1: posts the ante 25
1828349f: posts the ante 25
Hero: posts the ante 25
ac5e58b8: posts the ante 25
ef39121d: posts the ante 25
dfe36de8: posts the ante 25
37d201dc: posts the ante 25
ac5e58b8: posts small blind 100
Hero: posts big blind 200
*** HOLE CARDS ***
Dealt to 291267e1 
Dealt to ac5e58b8 
Dealt to Hero [8c Jd]
Dealt to 37d201dc 
Dealt to dfe36de8 
Dealt to ef39121d 
Dealt to 1828349f 
37d201dc: raises 200 to 400
dfe36de8: folds
ef39121d: folds
1828349f: folds
291267e1: raises 1,000 to 1,400
ac5e58b8: folds
Hero: folds
37d201dc: raises 2,500 to 3,900
291267e1: raises 5,775 to 9,675 and is all-in
37d201dc: calls 5,775
291267e1: shows [Ks As]
37d201dc: shows [Jc Jh]
*** FLOP *** [8s 4c 8h]
*** TURN *** [8s 4c 8h] [7s]
*** RIVER *** [8s 4c 8h 7s] [Qh]
*** SHOWDOWN ***
37d201dc collected 19,825 from pot
*** SUMMARY ***
Total pot 19,825 | Rake 0 | Jackpot 0 | Bingo 0 | Fortune 0 | Tax 0
Board [8s 4c 8h 7s Qh]
Seat 2: 291267e1 (button) showed [Ks As] and lost with a pair of Eights
Seat 3: ac5e58b8 (small blind) folded before Flop
Seat 4: Hero (big blind) folded before Flop
Seat 5: 37d201dc showed [Jc Jh] and won (19,825) with two pair, Jacks and Eights
Seat 6: dfe36de8 folded before Flop
Seat 7: ef39121d folded before Flop
Seat 8: 1828349f folded before Flop


Poker Hand #TM5643233069: Tournament #266375414, APL Series: ¥88 Zodiac Lucky Eights Bounty + Rabbit Hold'em No Limit - Level5(100/200(25)) - 2026/02/28 19:19:14
Table '77' 8-max Seat #8 is the button
Seat 1: f18128ae (1,079 in chips)
Seat 2: 291267e1 (9,925 in chips)
Seat 3: ac5e58b8 (9,069 in chips)
Seat 4: Hero (10,317 in chips)
Seat 5: 37d201dc (30,300 in chips)
Seat 6: dfe36de8 (7,794 in chips)
Seat 7: ef39121d (15,764 in chips)
Seat 8: 1828349f (22,248 in chips)
f18128ae: posts the ante 25
291267e1: posts the ante 25
1828349f: posts the ante 25
Hero: posts the ante 25
ac5e58b8: posts the ante 25
ef39121d: posts the ante 25
dfe36de8: posts the ante 25
37d201dc: posts the ante 25
f18128ae: posts small blind 100
291267e1: posts big blind 200
*** HOLE CARDS ***
Dealt to f18128ae 
Dealt to 291267e1 
Dealt to ac5e58b8 
Dealt to Hero [Kc 5s]
Dealt to 37d201dc 
Dealt to dfe36de8 
Dealt to ef39121d 
Dealt to 1828349f 
ac5e58b8: raises 200 to 400
Hero: folds
37d201dc: folds
dfe36de8: folds
ef39121d: folds
1828349f: raises 975 to 1,375
f18128ae: calls 954 and is all-in
291267e1: folds
ac5e58b8: raises 7,669 to 9,044 and is all-in
1828349f: calls 7,669
ac5e58b8: shows [8d 8h]
1828349f: shows [Kd Ac]
f18128ae: shows [Ad 8c]
*** FLOP *** [3c 6s 2c]
*** TURN *** [3c 6s 2c] [9s]
*** RIVER *** [3c 6s 2c 9s] [4d]
*** SHOWDOWN ***
ac5e58b8 collected 3,562 from pot
ac5e58b8 collected 15,980 from pot
*** SUMMARY ***
Total pot 19,542 | Rake 0 | Jackpot 0 | Bingo 0 | Fortune 0 | Tax 0
Board [3c 6s 2c 9s 4d]
Seat 1: f18128ae (small blind) showed [Ad 8c] and lost with Ace high
Seat 2: 291267e1 (big blind) folded before Flop
Seat 3: ac5e58b8 showed [8d 8h] and won (19,542) with a pair of Eights
Seat 4: Hero folded before Flop
Seat 5: 37d201dc folded before Flop
Seat 6: dfe36de8 folded before Flop
Seat 7: ef39121d folded before Flop
Seat 8: 1828349f (button) showed [Kd Ac] and lost with Ace high


Poker Hand #TM5643233045: Tournament #266375414, APL Series: ¥88 Zodiac Lucky Eights Bounty + Rabbit Hold'em No Limit - Level5(100/200(25)) - 2026/02/28 19:18:04
Table '77' 8-max Seat #7 is the button
Seat 1: f18128ae (12,128 in chips)
Seat 2: 291267e1 (9,950 in chips)
Seat 3: ac5e58b8 (9,094 in chips)
Seat 4: Hero (10,342 in chips)
Seat 5: 37d201dc (30,325 in chips)
Seat 6: dfe36de8 (7,819 in chips)
Seat 7: ef39121d (15,789 in chips)
Seat 8: 1828349f (11,049 in chips)
f18128ae: posts the ante 25
291267e1: posts the ante 25
Hero: posts the ante 25
1828349f: posts the ante 25
ac5e58b8: posts the ante 25
ef39121d: posts the ante 25
dfe36de8: posts the ante 25
37d201dc: posts the ante 25
1828349f: posts small blind 100
f18128ae: posts big blind 200
*** HOLE CARDS ***
Dealt to f18128ae 
Dealt to 291267e1 
Dealt to ac5e58b8 
Dealt to Hero [Tc Jh]
Dealt to 37d201dc 
Dealt to dfe36de8 
Dealt to ef39121d 
Dealt to 1828349f 
291267e1: folds
ac5e58b8: folds
Hero: folds
37d201dc: folds
dfe36de8: folds
ef39121d: folds
1828349f: raises 400 to 600
f18128ae: calls 400
*** FLOP *** [7s 7c 9h]
1828349f: bets 700
f18128ae: calls 700
*** TURN *** [7s 7c 9h] [3h]
1828349f: bets 1,400
f18128ae: raises 9,403 to 10,803 and is all-in
1828349f: calls 8,324 and is all-in
Uncalled bet (1,079) returned to f18128ae
f18128ae: shows [6h 5h] (a pair of Sevens)
1828349f: shows [9d 9c] (a full house, Nines full of Sevens)
*** RIVER *** [7s 7c 9h 3h] [Th]
*** SHOWDOWN ***
1828349f collected 22,248 from pot
*** SUMMARY ***
Total pot 22,248 | Rake 0 | Jackpot 0 | Bingo 0 | Fortune 0 | Tax 0
Board [7s 7c 9h 3h Th]
Seat 1: f18128ae (big blind) showed [6h 5h] and lost with a flush Ten high
Seat 2: 291267e1 folded before Flop
Seat 3: ac5e58b8 folded before Flop
Seat 4: Hero folded before Flop
Seat 5: 37d201dc folded before Flop
Seat 6: dfe36de8 folded before Flop
Seat 7: ef39121d (button) folded before Flop
Seat 8: 1828349f (small blind) showed [9d 9c] and won (22,248) with a full house, Nines full of Sevens


Poker Hand #TM5643233026: Tournament #266375414, APL Series: ¥88 Zodiac Lucky Eights Bounty + Rabbit Hold'em No Limit - Level5(100/200(25)) - 2026/02/28 19:16:59
Table '77' 8-max Seat #6 is the button
Seat 1: f18128ae (12,153 in chips)
Seat 2: 291267e1 (9,975 in chips)
Seat 3: ac5e58b8 (11,282 in chips)
Seat 4: Hero (10,367 in chips)
Seat 5: 37d201dc (30,350 in chips)
Seat 6: dfe36de8 (7,844 in chips)
Seat 7: ef39121d (15,914 in chips)
Seat 8: 1828349f (8,611 in chips)
f18128ae: posts the ante 25
291267e1: posts the ante 25
Hero: posts the ante 25
1828349f: posts the ante 25
ac5e58b8: posts the ante 25
ef39121d: posts the ante 25
dfe36de8: posts the ante 25
37d201dc: posts the ante 25
ef39121d: posts small blind 100
1828349f: posts big blind 200
*** HOLE CARDS ***
Dealt to f18128ae 
Dealt to 291267e1 
Dealt to ac5e58b8 
Dealt to Hero [3c Qs]
Dealt to 37d201dc 
Dealt to dfe36de8 
Dealt to ef39121d 
Dealt to 1828349f 
f18128ae: folds
291267e1: folds
ac5e58b8: raises 200 to 400
Hero: folds
37d201dc: folds
dfe36de8: folds
ef39121d: folds
1828349f: calls 200
*** FLOP *** [7h Kd 3h]
1828349f: checks
ac5e58b8: bets 363
1828349f: calls 363
*** TURN *** [7h Kd 3h] [Ts]
1828349f: checks
ac5e58b8: bets 1,400
1828349f: raises 1,400 to 2,800
ac5e58b8: folds
Uncalled bet (1,400) returned to 1828349f
*** SHOWDOWN ***
1828349f collected 4,626 from pot
*** SUMMARY ***
Total pot 4,626 | Rake 0 | Jackpot 0 | Bingo 0 | Fortune 0 | Tax 0
Board [7h Kd 3h Ts]
Seat 1: f18128ae folded before Flop
Seat 2: 291267e1 folded before Flop
Seat 3: ac5e58b8 folded on the Turn
Seat 4: Hero folded before Flop
Seat 5: 37d201dc folded before Flop
Seat 6: dfe36de8 (button) folded before Flop
Seat 7: ef39121d (small blind) folded before Flop
Seat 8: 1828349f (big blind) won (4,626)


Poker Hand #TM5643233015: Tournament #266375414, APL Series: ¥88 Zodiac Lucky Eights Bounty + Rabbit Hold'em No Limit - Level5(100/200(25)) - 2026/02/28 19:16:40
Table '77' 8-max Seat #5 is the button
Seat 1: f18128ae (12,178 in chips)
Seat 2: 291267e1 (10,000 in chips)
Seat 3: ac5e58b8 (11,307 in chips)
Seat 4: Hero (9,892 in chips)
Seat 5: 37d201dc (30,375 in chips)
Seat 6: dfe36de8 (7,969 in chips)
Seat 7: ef39121d (16,139 in chips)
Seat 8: 1828349f (8,636 in chips)
f18128ae: posts the ante 25
291267e1: posts the ante 25
Hero: posts the ante 25
1828349f: posts the ante 25
ac5e58b8: posts the ante 25
ef39121d: posts the ante 25
dfe36de8: posts the ante 25
37d201dc: posts the ante 25
dfe36de8: posts small blind 100
ef39121d: posts big blind 200
*** HOLE CARDS ***
Dealt to f18128ae 
Dealt to 291267e1 
Dealt to ac5e58b8 
Dealt to Hero [Jh Tc]
Dealt to 37d201dc 
Dealt to dfe36de8 
Dealt to ef39121d 
Dealt to 1828349f 
1828349f: folds
f18128ae: folds
291267e1: folds
ac5e58b8: folds
Hero: raises 200 to 400
37d201dc: folds
dfe36de8: folds
ef39121d: folds
Uncalled bet (200) returned to Hero
*** SHOWDOWN ***
Hero collected 700 from pot
*** SUMMARY ***
Total pot 700 | Rake 0 | Jackpot 0 | Bingo 0 | Fortune 0 | Tax 0
Seat 1: f18128ae folded before Flop
Seat 2: 291267e1 folded before Flop
Seat 3: ac5e58b8 folded before Flop
Seat 4: Hero collected (700)
Seat 5: 37d201dc (button) folded before Flop
Seat 6: dfe36de8 (small blind) folded before Flop
Seat 7: ef39121d (big blind) folded before Flop
Seat 8: 1828349f folded before Flop


Poker Hand #TM5643232987: Tournament #266375414, APL Series: ¥88 Zodiac Lucky Eights Bounty + Rabbit Hold'em No Limit - Level4(75/150(18)) - 2026/02/28 19:15:12
Table '77' 8-max Seat #4 is the button
Seat 1: f18128ae (10,000 in chips)
Seat 3: ac5e58b8 (11,325 in chips)
Seat 4: Hero (9,910 in chips)
Seat 5: 37d201dc (30,468 in chips)
Seat 6: dfe36de8 (9,982 in chips)
Seat 7: ef39121d (16,157 in chips)
Seat 8: 1828349f (8,654 in chips)
f18128ae: posts the ante 18
Hero: posts the ante 18
1828349f: posts the ante 18
ac5e58b8: posts the ante 18
ef39121d: posts the ante 18
dfe36de8: posts the ante 18
37d201dc: posts the ante 18
37d201dc: posts small blind 75
dfe36de8: posts big blind 150
*** HOLE CARDS ***
Dealt to f18128ae 
Dealt to ac5e58b8 
Dealt to Hero [Qd 7s]
Dealt to 37d201dc 
Dealt to dfe36de8 
Dealt to ef39121d 
Dealt to 1828349f 
ef39121d: folds
1828349f: folds
f18128ae: raises 195 to 345
ac5e58b8: folds
Hero: folds
37d201dc: folds
dfe36de8: calls 195
*** FLOP *** [6s Td 7d]
dfe36de8: checks
f18128ae: checks
*** TURN *** [6s Td 7d] [9d]
dfe36de8: bets 295
f18128ae: raises 1,355 to 1,650
dfe36de8: calls 1,355
*** RIVER *** [6s Td 7d 9d] [8s]
dfe36de8: checks
f18128ae: bets 7,987 and is all-in
dfe36de8: folds
Uncalled bet (7,987) returned to f18128ae
*** SHOWDOWN ***
f18128ae collected 4,191 from pot
*** SUMMARY ***
Total pot 4,191 | Rake 0 | Jackpot 0 | Bingo 0 | Fortune 0 | Tax 0
Board [6s Td 7d 9d 8s]
Seat 1: f18128ae won (4,191)
Seat 3: ac5e58b8 folded before Flop
Seat 4: Hero (button) folded before Flop
Seat 5: 37d201dc (small blind) folded before Flop
Seat 6: dfe36de8 (big blind) folded on the River
Seat 7: ef39121d folded before Flop
Seat 8: 1828349f folded before Flop


Poker Hand #TM5642884002: Tournament #266375414, APL Series: ¥88 Zodiac Lucky Eights Bounty + Rabbit Hold'em No Limit - Level4(75/150(18)) - 2026/02/28 19:13:36
Table '48' 8-max Seat #8 is the button
Seat 1: 9157e86c (12,386 in chips)
Seat 2: ba7abbaf (19,989 in chips)
Seat 3: Hero (9,928 in chips)
Seat 4: 4c214cff (17,121 in chips)
Seat 5: f3948346 (10,595 in chips)
Seat 6: 190de685 (9,708 in chips)
Seat 7: 978f032e (7,333 in chips)
Seat 8: b7932ae1 (8,113 in chips)
4c214cff: posts the ante 18
9157e86c: posts the ante 18
190de685: posts the ante 18
978f032e: posts the ante 18
Hero: posts the ante 18
f3948346: posts the ante 18
ba7abbaf: posts the ante 18
b7932ae1: posts the ante 18
9157e86c: posts small blind 75
ba7abbaf: posts big blind 150
*** HOLE CARDS ***
Dealt to 9157e86c 
Dealt to ba7abbaf 
Dealt to Hero [As 2h]
Dealt to 4c214cff 
Dealt to f3948346 
Dealt to 190de685 
Dealt to 978f032e 
Dealt to b7932ae1 
Hero: folds
4c214cff: folds
f3948346: folds
190de685: folds
978f032e: folds
b7932ae1: folds
9157e86c: calls 75
ba7abbaf: raises 325 to 475
9157e86c: calls 325
*** FLOP *** [4h Ac 4c]
9157e86c: checks
ba7abbaf: bets 372
9157e86c: calls 372
*** TURN *** [4h Ac 4c] [8c]
9157e86c: checks
ba7abbaf: checks
*** RIVER *** [4h Ac 4c 8c] [3c]
9157e86c: checks
ba7abbaf: checks
9157e86c: shows [5c 4s] (a flush Ace high)
ba7abbaf: shows [5h 4d] (three of a kind, Fours)
*** SHOWDOWN ***
9157e86c collected 1,838 from pot
*** SUMMARY ***
Total pot 1,838 | Rake 0 | Jackpot 0 | Bingo 0 | Fortune 0 | Tax 0
Board [4h Ac 4c 8c 3c]
Seat 1: 9157e86c (small blind) showed [5c 4s] and won (1,838) with a flush Ace high
Seat 2: ba7abbaf (big blind) showed [5h 4d] and lost with three of a kind, Fours
Seat 3: Hero folded before Flop
Seat 4: 4c214cff folded before Flop
Seat 5: f3948346 folded before Flop
Seat 6: 190de685 folded before Flop
Seat 7: 978f032e folded before Flop
Seat 8: b7932ae1 (button) folded before Flop


Poker Hand #TM5642883950: Tournament #266375414, APL Series: ¥88 Zodiac Lucky Eights Bounty + Rabbit Hold'em No Limit - Level4(75/150(18)) - 2026/02/28 19:11:06
Table '48' 8-max Seat #7 is the button
Seat 1: 9157e86c (12,704 in chips)
Seat 2: ba7abbaf (20,007 in chips)
Seat 3: Hero (9,946 in chips)
Seat 4: 4c214cff (17,139 in chips)
Seat 5: f3948346 (10,913 in chips)
Seat 6: 190de685 (8,682 in chips)
Seat 7: 978f032e (7,351 in chips)
Seat 8: b7932ae1 (8,431 in chips)
4c214cff: posts the ante 18
9157e86c: posts the ante 18
190de685: posts the ante 18
978f032e: posts the ante 18
Hero: posts the ante 18
f3948346: posts the ante 18
ba7abbaf: posts the ante 18
b7932ae1: posts the ante 18
b7932ae1: posts small blind 75
9157e86c: posts big blind 150
*** HOLE CARDS ***
Dealt to 9157e86c 
Dealt to ba7abbaf 
Dealt to Hero [3h Kh]
Dealt to 4c214cff 
Dealt to f3948346 
Dealt to 190de685 
Dealt to 978f032e 
Dealt to b7932ae1 
ba7abbaf: folds
Hero: folds
4c214cff: folds
f3948346: raises 150 to 300
190de685: calls 300
978f032e: folds
b7932ae1: calls 225
9157e86c: calls 150
*** FLOP *** [8d Kc Ts]
b7932ae1: checks
9157e86c: checks
f3948346: checks
190de685: checks
*** TURN *** [8d Kc Ts] [2c]
b7932ae1: checks
9157e86c: checks
f3948346: checks
190de685: bets 375
b7932ae1: folds
9157e86c: folds
f3948346: folds
Uncalled bet (375) returned to 190de685
*** SHOWDOWN ***
190de685 collected 1,344 from pot
*** SUMMARY ***
Total pot 1,344 | Rake 0 | Jackpot 0 | Bingo 0 | Fortune 0 | Tax 0
Board [8d Kc Ts 2c]
Seat 1: 9157e86c (big blind) folded on the Turn
Seat 2: ba7abbaf folded before Flop
Seat 3: Hero folded before Flop
Seat 4: 4c214cff folded before Flop
Seat 5: f3948346 folded on the Turn
Seat 6: 190de685 won (1,344)
Seat 7: 978f032e (button) folded before Flop
Seat 8: b7932ae1 (small blind) folded on the Turn


Poker Hand #TM5642883937: Tournament #266375414, APL Series: ¥88 Zodiac Lucky Eights Bounty + Rabbit Hold'em No Limit - Level4(75/150(18)) - 2026/02/28 19:10:21
Table '48' 8-max Seat #6 is the button
Seat 1: 9157e86c (12,722 in chips)
Seat 2: ba7abbaf (20,025 in chips)
Seat 3: Hero (9,964 in chips)
Seat 4: 4c214cff (16,788 in chips)
Seat 5: f3948346 (10,931 in chips)
Seat 6: 190de685 (8,700 in chips)
Seat 7: 978f032e (7,444 in chips)
Seat 8: b7932ae1 (8,599 in chips)
4c214cff: posts the ante 18
9157e86c: posts the ante 18
190de685: posts the ante 18
978f032e: posts the ante 18
Hero: posts the ante 18
f3948346: posts the ante 18
ba7abbaf: posts the ante 18
b7932ae1: posts the ante 18
978f032e: posts small blind 75
b7932ae1: posts big blind 150
*** HOLE CARDS ***
Dealt to 9157e86c 
Dealt to ba7abbaf 
Dealt to Hero [Ac 7h]
Dealt to 4c214cff 
Dealt to f3948346 
Dealt to 190de685 
Dealt to 978f032e 
Dealt to b7932ae1 
9157e86c: folds
ba7abbaf: folds
Hero: folds
4c214cff: raises 150 to 300
f3948346: folds
190de685: folds
978f032e: folds
b7932ae1: folds
Uncalled bet (150) returned to 4c214cff
*** SHOWDOWN ***
4c214cff collected 519 from pot
*** SUMMARY ***
Total pot 519 | Rake 0 | Jackpot 0 | Bingo 0 | Fortune 0 | Tax 0
Seat 1: 9157e86c folded before Flop
Seat 2: ba7abbaf folded before Flop
Seat 3: Hero folded before Flop
Seat 4: 4c214cff collected (519)
Seat 5: f3948346 folded before Flop
Seat 6: 190de685 (button) folded before Flop
Seat 7: 978f032e (small blind) folded before Flop
Seat 8: b7932ae1 (big blind) folded before Flop


Poker Hand #TM5642883909: Tournament #266375414, APL Series: ¥88 Zodiac Lucky Eights Bounty + Rabbit Hold'em No Limit - Level4(75/150(18)) - 2026/02/28 19:08:56
Table '48' 8-max Seat #5 is the button
Seat 1: 9157e86c (12,740 in chips)
Seat 2: ba7abbaf (19,524 in chips)
Seat 3: Hero (9,982 in chips)
Seat 4: 4c214cff (16,806 in chips)
Seat 5: f3948346 (10,949 in chips)
Seat 6: 190de685 (8,793 in chips)
Seat 7: 978f032e (7,762 in chips)
Seat 8: b7932ae1 (8,617 in chips)
4c214cff: posts the ante 18
9157e86c: posts the ante 18
190de685: posts the ante 18
978f032e: posts the ante 18
Hero: posts the ante 18
f3948346: posts the ante 18
ba7abbaf: posts the ante 18
b7932ae1: posts the ante 18
190de685: posts small blind 75
978f032e: posts big blind 150
*** HOLE CARDS ***
Dealt to 9157e86c 
Dealt to ba7abbaf 
Dealt to Hero [8h 2s]
Dealt to 4c214cff 
Dealt to f3948346 
Dealt to 190de685 
Dealt to 978f032e 
Dealt to b7932ae1 
b7932ae1: folds
9157e86c: folds
ba7abbaf: raises 150 to 300
Hero: folds
4c214cff: folds
f3948346: folds
190de685: folds
978f032e: calls 150
*** FLOP *** [4d Ks Kc]
978f032e: checks
ba7abbaf: bets 213
978f032e: folds
Uncalled bet (213) returned to ba7abbaf
*** SHOWDOWN ***
ba7abbaf collected 819 from pot
*** SUMMARY ***
Total pot 819 | Rake 0 | Jackpot 0 | Bingo 0 | Fortune 0 | Tax 0
Board [4d Ks Kc]
Seat 1: 9157e86c folded before Flop
Seat 2: ba7abbaf won (819)
Seat 3: Hero folded before Flop
Seat 4: 4c214cff folded before Flop
Seat 5: f3948346 (button) folded before Flop
Seat 6: 190de685 (small blind) folded before Flop
Seat 7: 978f032e (big blind) folded on the Flop
Seat 8: b7932ae1 folded before Flop


Poker Hand #TM5642883874: Tournament #266375414, APL Series: ¥88 Zodiac Lucky Eights Bounty + Rabbit Hold'em No Limit - Level4(75/150(18)) - 2026/02/28 19:06:57
Table '48' 8-max Seat #4 is the button
Seat 1: 9157e86c (11,327 in chips)
Seat 2: ba7abbaf (19,542 in chips)
Seat 3: Hero (10,000 in chips)
Seat 4: 4c214cff (16,824 in chips)
Seat 5: f3948346 (11,042 in chips)
Seat 6: 190de685 (9,708 in chips)
Seat 7: 978f032e (7,780 in chips)
Seat 8: b7932ae1 (8,950 in chips)
4c214cff: posts the ante 18
9157e86c: posts the ante 18
190de685: posts the ante 18
978f032e: posts the ante 18
Hero: posts the ante 18
f3948346: posts the ante 18
ba7abbaf: posts the ante 18
b7932ae1: posts the ante 18
f3948346: posts small blind 75
190de685: posts big blind 150
*** HOLE CARDS ***
Dealt to 9157e86c 
Dealt to ba7abbaf 
Dealt to Hero [4d 8d]
Dealt to 4c214cff 
Dealt to f3948346 
Dealt to 190de685 
Dealt to 978f032e 
Dealt to b7932ae1 
978f032e: folds
b7932ae1: raises 165 to 315
9157e86c: calls 315
ba7abbaf: folds
Hero: folds
4c214cff: folds
f3948346: folds
190de685: calls 165
*** FLOP *** [5h 8h 6s]
190de685: checks
b7932ae1: checks
9157e86c: checks
*** TURN *** [5h 8h 6s] [5s]
190de685: bets 582
b7932ae1: folds
9157e86c: calls 582
*** RIVER *** [5h 8h 6s 5s] [Qs]
190de685: checks
9157e86c: bets 1,746
190de685: folds
Uncalled bet (1,746) returned to 9157e86c
*** SHOWDOWN ***
9157e86c collected 2,328 from pot
*** SUMMARY ***
Total pot 2,328 | Rake 0 | Jackpot 0 | Bingo 0 | Fortune 0 | Tax 0
Board [5h 8h 6s 5s Qs]
Seat 1: 9157e86c won (2,328)
Seat 2: ba7abbaf folded before Flop
Seat 3: Hero folded before Flop
Seat 4: 4c214cff (button) folded before Flop
Seat 5: f3948346 (small blind) folded before Flop
Seat 6: 190de685 (big blind) folded on the River
Seat 7: 978f032e folded before Flop
Seat 8: b7932ae1 folded on the Turn


