Poker Hand #TM5545423808: Tournament #261013491, Bounty Hunters Deepstack Turbo $8.88 Hold'em No Limit - Level1(50/100(15)) - 2026/02/04 14:19:44
Table '39' 8-max Seat #5 is the button
Seat 1: 8e5847a3 (38,866 in chips)
Seat 2: 927e341 (41,875 in chips)
Seat 3: 220ab082 (19,985 in chips)
Seat 4: 430602a4 (18,300 in chips)
Seat 5: Hero (1,464 in chips)
Seat 6: 4c16b155 (19,870 in chips)
Seat 7: c49e1e6b (20,225 in chips)
Seat 8: cac642b1 (19,925 in chips)
220ab082: posts the ante 15
Hero: posts the ante 15
4c16b155: posts the ante 15
430602a4: posts the ante 15
cac642b1: posts the ante 15
c49e1e6b: posts the ante 15
927e341: posts the ante 15
8e5847a3: posts the ante 15
4c16b155: posts small blind 50
c49e1e6b: posts big blind 100
*** HOLE CARDS ***
Dealt to 8e5847a3 
Dealt to 927e341 
Dealt to 220ab082 
Dealt to 430602a4 
Dealt to Hero [As Ks]
Dealt to 4c16b155 
Dealt to c49e1e6b 
Dealt to cac642b1 
cac642b1: raises 300 to 400
8e5847a3: folds
927e341: calls 400
220ab082: folds
430602a4: folds
Hero: raises 1,049 to 1,449 and is all-in
4c16b155: folds
c49e1e6b: folds
cac642b1: calls 1,049
927e341: calls 1,049
*** FLOP *** [Qd 9h 3d]
cac642b1: bets 1,524
927e341: calls 1,524
*** TURN *** [Qd 9h 3d] [Qc]
cac642b1: bets 2,530
927e341: folds
Uncalled bet (2,530) returned to cac642b1
cac642b1: shows [2s 2c] (two pair, Queens and Twos)
Hero: shows [As Ks] (a pair of Queens)
*** RIVER *** [Qd 9h 3d Qc] [4d]
*** SHOWDOWN ***
cac642b1 collected 4,617 from pot
cac642b1 collected 3,048 from pot
*** SUMMARY ***
Total pot 7,665 | Rake 0 | Jackpot 0 | Bingo 0 | Fortune 0 | Tax 0
Board [Qd 9h 3d Qc 4d]
Seat 1: 8e5847a3 folded before Flop
Seat 2: 927e341 folded on the Turn
Seat 3: 220ab082 folded before Flop
Seat 4: 430602a4 folded before Flop
Seat 5: Hero (button) showed [As Ks] and lost with a pair of Queens
Seat 6: 4c16b155 (small blind) folded before Flop
Seat 7: c49e1e6b (big blind) folded before Flop
Seat 8: cac642b1 showed [2s 2c] and won (7,665) with two pair, Queens and Twos


Poker Hand #TM5545423795: Tournament #261013491, Bounty Hunters Deepstack Turbo $8.88 Hold'em No Limit - Level1(50/100(15)) - 2026/02/04 14:18:16
Table '39' 8-max Seat #4 is the button
Seat 1: 8e5847a3 (38,881 in chips)
Seat 2: 927e341 (40,015 in chips)
Seat 3: 220ab082 (20,000 in chips)
Seat 4: 430602a4 (19,920 in chips)
Seat 5: Hero (1,529 in chips)
Seat 6: 4c16b155 (19,985 in chips)
Seat 7: c49e1e6b (20,240 in chips)
Seat 8: cac642b1 (19,940 in chips)
220ab082: posts the ante 15
4c16b155: posts the ante 15
Hero: posts the ante 15
430602a4: posts the ante 15
cac642b1: posts the ante 15
c49e1e6b: posts the ante 15
927e341: posts the ante 15
8e5847a3: posts the ante 15
Hero: posts small blind 50
4c16b155: posts big blind 100
*** HOLE CARDS ***
Dealt to 8e5847a3 
Dealt to 927e341 
Dealt to 220ab082 
Dealt to 430602a4 
Dealt to Hero [Td 7c]
Dealt to 4c16b155 
Dealt to c49e1e6b 
Dealt to cac642b1 
c49e1e6b: folds
cac642b1: folds
8e5847a3: folds
927e341: raises 200 to 300
220ab082: folds
430602a4: calls 300
Hero: folds
4c16b155: folds
*** FLOP *** [6s Th Ah]
927e341: bets 435
430602a4: calls 435
*** TURN *** [6s Th Ah] [8s]
927e341: bets 870
430602a4: calls 870
*** RIVER *** [6s Th Ah 8s] [Qc]
927e341: checks
430602a4: checks
927e341: shows [9c Ac] (a pair of Aces)
430602a4: shows [Jc Ts] (a pair of Tens)
*** SHOWDOWN ***
927e341 collected 3,480 from pot
*** SUMMARY ***
Total pot 3,480 | Rake 0 | Jackpot 0 | Bingo 0 | Fortune 0 | Tax 0
Board [6s Th Ah 8s Qc]
Seat 1: 8e5847a3 folded before Flop
Seat 2: 927e341 showed [9c Ac] and won (3,480) with a pair of Aces
Seat 3: 220ab082 folded before Flop
Seat 4: 430602a4 (button) showed [Jc Ts] and lost with a pair of Tens
Seat 5: Hero (small blind) folded before Flop
Seat 6: 4c16b155 (big blind) folded before Flop
Seat 7: c49e1e6b folded before Flop
Seat 8: cac642b1 folded before Flop


Poker Hand #TM5545423780: Tournament #261013491, Bounty Hunters Deepstack Turbo $8.88 Hold'em No Limit - Level1(50/100(15)) - 2026/02/04 14:16:36
Table '39' 8-max Seat #2 is the button
Seat 1: 8e5847a3 (19,985 in chips)
Seat 2: 927e341 (40,030 in chips)
Seat 4: 430602a4 (19,985 in chips)
Seat 5: Hero (20,000 in chips)
Seat 6: 4c16b155 (20,000 in chips)
Seat 7: c49e1e6b (20,255 in chips)
Seat 8: cac642b1 (20,255 in chips)
4c16b155: posts the ante 15
Hero: posts the ante 15
cac642b1: posts the ante 15
c49e1e6b: posts the ante 15
430602a4: posts the ante 15
927e341: posts the ante 15
8e5847a3: posts the ante 15
430602a4: posts small blind 50
Hero: posts big blind 100
*** HOLE CARDS ***
Dealt to 8e5847a3 
Dealt to 927e341 
Dealt to 430602a4 
Dealt to Hero [Ts Tc]
Dealt to 4c16b155 
Dealt to c49e1e6b 
Dealt to cac642b1 
4c16b155: folds
c49e1e6b: folds
cac642b1: raises 200 to 300
8e5847a3: raises 900 to 1,200
927e341: folds
430602a4: folds
Hero: raises 2,242 to 3,442
cac642b1: folds
8e5847a3: calls 2,242
*** FLOP *** [Qs Ac 5c]
Hero: bets 2,422
8e5847a3: calls 2,422
*** TURN *** [Qs Ac 5c] [Qh]
Hero: bets 6,092
8e5847a3: calls 6,092
*** RIVER *** [Qs Ac 5c Qh] [8h]
Hero: checks
8e5847a3: bets 6,500
Hero: calls 6,500
8e5847a3: shows [Kd As] (two pair, Aces and Queens)
Hero: shows [Ts Tc] (two pair, Queens and Tens)
*** SHOWDOWN ***
8e5847a3 collected 37,367 from pot
*** SUMMARY ***
Total pot 37,367 | Rake 0 | Jackpot 0 | Bingo 0 | Fortune 0 | Tax 0
Board [Qs Ac 5c Qh 8h]
Seat 1: 8e5847a3 showed [Kd As] and won (37,367) with two pair, Aces and Queens
Seat 2: 927e341 (button) folded before Flop
Seat 4: 430602a4 (small blind) folded before Flop
Seat 5: Hero (big blind) showed [Ts Tc] and lost with two pair, Queens and Tens
Seat 6: 4c16b155 folded before Flop
Seat 7: c49e1e6b folded before Flop
Seat 8: cac642b1 folded before Flop


