Poker Hand #TM5618640593: Tournament #264779674, APL Series: ¥110 Zodiac Sunday Bounty + Rat Hold'em No Limit - Level6(125/250(30)) - 2026/02/22 16:29:57
Table '30' 8-max Seat #1 is the button
Seat 1: Hero (2,253 in chips)
Seat 2: 2f300a6c (14,862 in chips)
Seat 3: 82c4fbbf (25,793 in chips)
Seat 4: e64cc88 (14,859 in chips)
Seat 5: 344e32e8 (9,940 in chips)
Seat 6: b8af9690 (22,483 in chips)
Seat 7: 8d19160b (9,970 in chips)
Seat 8: 297e5479 (19,384 in chips)
e64cc88: posts the ante 30
2f300a6c: posts the ante 30
Hero: posts the ante 30
8d19160b: posts the ante 30
344e32e8: posts the ante 30
82c4fbbf: posts the ante 30
297e5479: posts the ante 30
b8af9690: posts the ante 30
2f300a6c: posts small blind 125
82c4fbbf: posts big blind 250
*** HOLE CARDS ***
Dealt to Hero [Ks Qh]
Dealt to 2f300a6c 
Dealt to 82c4fbbf 
Dealt to e64cc88 
Dealt to 344e32e8 
Dealt to b8af9690 
Dealt to 8d19160b 
Dealt to 297e5479 
e64cc88: folds
344e32e8: folds
b8af9690: folds
8d19160b: folds
297e5479: folds
Hero: raises 1,973 to 2,223 and is all-in
2f300a6c: folds
82c4fbbf: calls 1,973
Hero: shows [Ks Qh]
82c4fbbf: shows [Ah Qc]
*** FLOP *** [3c Jc 6s]
*** TURN *** [3c Jc 6s] [Js]
*** RIVER *** [3c Jc 6s Js] [7c]
2f300a6c: shows [Jd] (three of a kind, Jacks)
*** SHOWDOWN ***
82c4fbbf collected 4,811 from pot
*** SUMMARY ***
Total pot 4,811 | Rake 0 | Jackpot 0 | Bingo 0 | Fortune 0 | Tax 0
Board [3c Jc 6s Js 7c]
Seat 1: Hero (button) showed [Ks Qh] and lost with a pair of Jacks
Seat 2: 2f300a6c (small blind) folded before Flop
Seat 3: 82c4fbbf (big blind) showed [Ah Qc] and won (4,811) with a pair of Jacks
Seat 4: e64cc88 folded before Flop
Seat 5: 344e32e8 folded before Flop
Seat 6: b8af9690 folded before Flop
Seat 7: 8d19160b folded before Flop
Seat 8: 297e5479 folded before Flop


Poker Hand #TM5618640587: Tournament #264779674, APL Series: ¥110 Zodiac Sunday Bounty + Rat Hold'em No Limit - Level6(125/250(30)) - 2026/02/22 16:29:34
Table '30' 8-max Seat #8 is the button
Seat 1: Hero (2,408 in chips)
Seat 2: 2f300a6c (14,527 in chips)
Seat 3: 82c4fbbf (25,823 in chips)
Seat 4: e64cc88 (14,889 in chips)
Seat 5: 344e32e8 (9,970 in chips)
Seat 6: b8af9690 (22,513 in chips)
Seat 7: 8d19160b (10,000 in chips)
Seat 8: 297e5479 (19,414 in chips)
e64cc88: posts the ante 30
2f300a6c: posts the ante 30
Hero: posts the ante 30
8d19160b: posts the ante 30
344e32e8: posts the ante 30
82c4fbbf: posts the ante 30
297e5479: posts the ante 30
b8af9690: posts the ante 30
Hero: posts small blind 125
2f300a6c: posts big blind 250
*** HOLE CARDS ***
Dealt to Hero [4s 6d]
Dealt to 2f300a6c 
Dealt to 82c4fbbf 
Dealt to e64cc88 
Dealt to 344e32e8 
Dealt to b8af9690 
Dealt to 8d19160b 
Dealt to 297e5479 
82c4fbbf: folds
e64cc88: folds
344e32e8: folds
b8af9690: folds
8d19160b: folds
297e5479: folds
Hero: folds
Uncalled bet (125) returned to 2f300a6c
*** SHOWDOWN ***
2f300a6c collected 490 from pot
*** SUMMARY ***
Total pot 490 | Rake 0 | Jackpot 0 | Bingo 0 | Fortune 0 | Tax 0
Seat 1: Hero (small blind) folded before Flop
Seat 2: 2f300a6c (big blind) collected (490)
Seat 3: 82c4fbbf folded before Flop
Seat 4: e64cc88 folded before Flop
Seat 5: 344e32e8 folded before Flop
Seat 6: b8af9690 folded before Flop
Seat 7: 8d19160b folded before Flop
Seat 8: 297e5479 (button) folded before Flop


Poker Hand #TM5618640573: Tournament #264779674, APL Series: ¥110 Zodiac Sunday Bounty + Rat Hold'em No Limit - Level6(125/250(30)) - 2026/02/22 16:28:16
Table '30' 8-max Seat #7 is the button
Seat 1: Hero (2,688 in chips)
Seat 2: 2f300a6c (14,557 in chips)
Seat 3: 82c4fbbf (15,821 in chips)
Seat 4: e64cc88 (14,919 in chips)
Seat 5: 344e32e8 (10,000 in chips)
Seat 6: b8af9690 (22,543 in chips)
Seat 7: c8c5621f (9,447 in chips)
Seat 8: 297e5479 (19,569 in chips)
e64cc88: posts the ante 30
2f300a6c: posts the ante 30
Hero: posts the ante 30
82c4fbbf: posts the ante 30
297e5479: posts the ante 30
c8c5621f: posts the ante 30
344e32e8: posts the ante 30
b8af9690: posts the ante 30
297e5479: posts small blind 125
Hero: posts big blind 250
*** HOLE CARDS ***
Dealt to Hero [7c Kc]
Dealt to 2f300a6c 
Dealt to 82c4fbbf 
Dealt to e64cc88 
Dealt to 344e32e8 
Dealt to b8af9690 
Dealt to c8c5621f 
Dealt to 297e5479 
2f300a6c: folds
82c4fbbf: raises 250 to 500
e64cc88: folds
344e32e8: folds
b8af9690: folds
c8c5621f: calls 500
297e5479: folds
Hero: folds
*** FLOP *** [8c 2s 3c]
82c4fbbf: bets 533
c8c5621f: calls 533
*** TURN *** [8c 2s 3c] [8d]
82c4fbbf: checks
c8c5621f: bets 1,770
82c4fbbf: calls 1,770
*** RIVER *** [8c 2s 3c 8d] [5h]
82c4fbbf: checks
c8c5621f: bets 6,614 and is all-in
82c4fbbf: calls 6,614
c8c5621f: shows [Ts Ks] (a pair of Eights)
82c4fbbf: shows [5s Ad] (two pair, Eights and Fives)
*** SHOWDOWN ***
82c4fbbf collected 19,449 from pot
*** SUMMARY ***
Total pot 19,449 | Rake 0 | Jackpot 0 | Bingo 0 | Fortune 0 | Tax 0
Board [8c 2s 3c 8d 5h]
Seat 1: Hero (big blind) folded before Flop
Seat 2: 2f300a6c folded before Flop
Seat 3: 82c4fbbf showed [5s Ad] and won (19,449) with two pair, Eights and Fives
Seat 4: e64cc88 folded before Flop
Seat 5: 344e32e8 folded before Flop
Seat 6: b8af9690 folded before Flop
Seat 7: c8c5621f (button) showed [Ts Ks] and lost with a pair of Eights
Seat 8: 297e5479 (small blind) folded before Flop


Poker Hand #TM5618640562: Tournament #264779674, APL Series: ¥110 Zodiac Sunday Bounty + Rat Hold'em No Limit - Level6(125/250(30)) - 2026/02/22 16:27:18
Table '30' 8-max Seat #6 is the button
Seat 1: Hero (10,336 in chips)
Seat 2: 2f300a6c (14,587 in chips)
Seat 3: 82c4fbbf (7,648 in chips)
Seat 4: e64cc88 (14,949 in chips)
Seat 6: b8af9690 (22,573 in chips)
Seat 7: c8c5621f (9,602 in chips)
Seat 8: 297e5479 (19,849 in chips)
c8c5621f: posts the ante 30
e64cc88: posts the ante 30
2f300a6c: posts the ante 30
Hero: posts the ante 30
82c4fbbf: posts the ante 30
297e5479: posts the ante 30
b8af9690: posts the ante 30
c8c5621f: posts small blind 125
297e5479: posts big blind 250
*** HOLE CARDS ***
Dealt to Hero [Ts As]
Dealt to 2f300a6c 
Dealt to 82c4fbbf 
Dealt to e64cc88 
Dealt to b8af9690 
Dealt to c8c5621f 
Dealt to 297e5479 
Hero: raises 250 to 500
2f300a6c: folds
82c4fbbf: raises 7,118 to 7,618 and is all-in
e64cc88: folds
b8af9690: folds
c8c5621f: folds
297e5479: folds
Hero: calls 7,118
82c4fbbf: shows [7c 7h]
Hero: shows [Ts As]
*** FLOP *** [Tc 7s 5d]
*** TURN *** [Tc 7s 5d] [2d]
*** RIVER *** [Tc 7s 5d 2d] [4c]
*** SHOWDOWN ***
82c4fbbf collected 15,821 from pot
*** SUMMARY ***
Total pot 15,821 | Rake 0 | Jackpot 0 | Bingo 0 | Fortune 0 | Tax 0
Board [Tc 7s 5d 2d 4c]
Seat 1: Hero showed [Ts As] and lost with a pair of Tens
Seat 2: 2f300a6c folded before Flop
Seat 3: 82c4fbbf showed [7c 7h] and won (15,821) with three of a kind, Sevens
Seat 4: e64cc88 folded before Flop
Seat 6: b8af9690 (button) folded before Flop
Seat 7: c8c5621f (small blind) folded before Flop
Seat 8: 297e5479 (big blind) folded before Flop


Poker Hand #TM5618640543: Tournament #264779674, APL Series: ¥110 Zodiac Sunday Bounty + Rat Hold'em No Limit - Level5(100/200(25)) - 2026/02/22 16:25:41
Table '30' 8-max Seat #5 is the button
Seat 1: Hero (10,361 in chips)
Seat 2: 2f300a6c (6,262 in chips)
Seat 3: 82c4fbbf (13,910 in chips)
Seat 4: e64cc88 (14,974 in chips)
Seat 5: 42ccb310 (1,238 in chips)
Seat 6: b8af9690 (22,698 in chips)
Seat 7: c8c5621f (9,827 in chips)
Seat 8: 297e5479 (20,274 in chips)
c8c5621f: posts the ante 25
e64cc88: posts the ante 25
2f300a6c: posts the ante 25
Hero: posts the ante 25
42ccb310: posts the ante 25
82c4fbbf: posts the ante 25
297e5479: posts the ante 25
b8af9690: posts the ante 25
b8af9690: posts small blind 100
c8c5621f: posts big blind 200
*** HOLE CARDS ***
Dealt to Hero [8h Kd]
Dealt to 2f300a6c 
Dealt to 82c4fbbf 
Dealt to e64cc88 
Dealt to 42ccb310 
Dealt to b8af9690 
Dealt to c8c5621f 
Dealt to 297e5479 
297e5479: raises 200 to 400
Hero: folds
2f300a6c: calls 400
82c4fbbf: calls 400
e64cc88: folds
42ccb310: raises 813 to 1,213 and is all-in
b8af9690: folds
c8c5621f: folds
297e5479: folds
2f300a6c: raises 5,024 to 6,237 and is all-in
82c4fbbf: calls 5,837
2f300a6c: shows [3h 3s]
82c4fbbf: shows [9d Jh]
42ccb310: shows [Ad 9h]
*** FLOP *** [3d 8d Th]
*** TURN *** [3d 8d Th] [8s]
*** RIVER *** [3d 8d Th 8s] [2h]
*** SHOWDOWN ***
2f300a6c collected 4,539 from pot
2f300a6c collected 10,048 from pot
*** SUMMARY ***
Total pot 14,587 | Rake 0 | Jackpot 0 | Bingo 0 | Fortune 0 | Tax 0
Board [3d 8d Th 8s 2h]
Seat 1: Hero folded before Flop
Seat 2: 2f300a6c showed [3h 3s] and won (14,587) with a full house, Threes full of Eights
Seat 3: 82c4fbbf showed [9d Jh] and lost with a pair of Eights
Seat 4: e64cc88 folded before Flop
Seat 5: 42ccb310 (button) showed [Ad 9h] and lost with a pair of Eights
Seat 6: b8af9690 (small blind) folded before Flop
Seat 7: c8c5621f (big blind) folded before Flop
Seat 8: 297e5479 folded before Flop


Poker Hand #TM5618640529: Tournament #264779674, APL Series: ¥110 Zodiac Sunday Bounty + Rat Hold'em No Limit - Level5(100/200(25)) - 2026/02/22 16:24:34
Table '30' 8-max Seat #4 is the button
Seat 1: Hero (10,386 in chips)
Seat 2: 2f300a6c (16,174 in chips)
Seat 3: 82c4fbbf (13,935 in chips)
Seat 4: e64cc88 (14,999 in chips)
Seat 5: 42ccb310 (1,363 in chips)
Seat 6: b8af9690 (22,923 in chips)
Seat 7: c8c5621f (9,852 in chips)
Seat 8: 297e5479 (9,912 in chips)
c8c5621f: posts the ante 25
e64cc88: posts the ante 25
2f300a6c: posts the ante 25
Hero: posts the ante 25
82c4fbbf: posts the ante 25
42ccb310: posts the ante 25
297e5479: posts the ante 25
b8af9690: posts the ante 25
42ccb310: posts small blind 100
b8af9690: posts big blind 200
*** HOLE CARDS ***
Dealt to Hero [Ts 6s]
Dealt to 2f300a6c 
Dealt to 82c4fbbf 
Dealt to e64cc88 
Dealt to 42ccb310 
Dealt to b8af9690 
Dealt to c8c5621f 
Dealt to 297e5479 
c8c5621f: folds
297e5479: raises 259 to 459
Hero: folds
2f300a6c: calls 459
82c4fbbf: folds
e64cc88: folds
42ccb310: folds
b8af9690: folds
*** FLOP *** [7c Js 8c]
297e5479: checks
2f300a6c: bets 1,064
297e5479: raises 1,264 to 2,328
2f300a6c: raises 13,362 to 15,690 and is all-in
297e5479: calls 7,100 and is all-in
Uncalled bet (6,262) returned to 2f300a6c
2f300a6c: shows [Jc Kc] (a pair of Jacks)
297e5479: shows [Tc 9c] (a straight, Jack to Seven)
*** TURN *** [7c Js 8c] [Kd]
*** RIVER *** [7c Js 8c Kd] [5d]
*** SHOWDOWN ***
297e5479 collected 20,274 from pot
*** SUMMARY ***
Total pot 20,274 | Rake 0 | Jackpot 0 | Bingo 0 | Fortune 0 | Tax 0
Board [7c Js 8c Kd 5d]
Seat 1: Hero folded before Flop
Seat 2: 2f300a6c showed [Jc Kc] and lost with two pair, Kings and Jacks
Seat 3: 82c4fbbf folded before Flop
Seat 4: e64cc88 (button) folded before Flop
Seat 5: 42ccb310 (small blind) folded before Flop
Seat 6: b8af9690 (big blind) folded before Flop
Seat 7: c8c5621f folded before Flop
Seat 8: 297e5479 showed [Tc 9c] and won (20,274) with a straight, Jack to Seven


Poker Hand #TM5618640512: Tournament #264779674, APL Series: ¥110 Zodiac Sunday Bounty + Rat Hold'em No Limit - Level5(100/200(25)) - 2026/02/22 16:23:06
Table '30' 8-max Seat #3 is the button
Seat 1: Hero (10,411 in chips)
Seat 2: 2f300a6c (17,288 in chips)
Seat 3: 82c4fbbf (13,960 in chips)
Seat 4: e64cc88 (15,124 in chips)
Seat 5: 42ccb310 (12,155 in chips)
Seat 6: b8af9690 (10,792 in chips)
Seat 7: c8c5621f (9,877 in chips)
Seat 8: 297e5479 (9,937 in chips)
c8c5621f: posts the ante 25
e64cc88: posts the ante 25
2f300a6c: posts the ante 25
Hero: posts the ante 25
82c4fbbf: posts the ante 25
42ccb310: posts the ante 25
297e5479: posts the ante 25
b8af9690: posts the ante 25
e64cc88: posts small blind 100
42ccb310: posts big blind 200
*** HOLE CARDS ***
Dealt to Hero [6h 2d]
Dealt to 2f300a6c 
Dealt to 82c4fbbf 
Dealt to e64cc88 
Dealt to 42ccb310 
Dealt to b8af9690 
Dealt to c8c5621f 
Dealt to 297e5479 
b8af9690: raises 280 to 480
c8c5621f: folds
297e5479: folds
Hero: folds
2f300a6c: calls 480
82c4fbbf: folds
e64cc88: folds
42ccb310: calls 280
*** FLOP *** [Kh 2c 9c]
42ccb310: checks
b8af9690: bets 609
2f300a6c: calls 609
42ccb310: raises 1,784 to 2,393
b8af9690: raises 7,894 to 10,287 and is all-in
2f300a6c: folds
42ccb310: calls 7,894
b8af9690: shows [9s 9d] (three of a kind, Nines)
42ccb310: shows [Ks 9h] (two pair, Kings and Nines)
*** TURN *** [Kh 2c 9c] [Jh]
*** RIVER *** [Kh 2c 9c Jh] [7c]
2f300a6c: shows [Th Qh] (a straight, King to Nine)
*** SHOWDOWN ***
b8af9690 collected 22,923 from pot
*** SUMMARY ***
Total pot 22,923 | Rake 0 | Jackpot 0 | Bingo 0 | Fortune 0 | Tax 0
Board [Kh 2c 9c Jh 7c]
Seat 1: Hero folded before Flop
Seat 2: 2f300a6c folded on the Flop
Seat 3: 82c4fbbf (button) folded before Flop
Seat 4: e64cc88 (small blind) folded before Flop
Seat 5: 42ccb310 (big blind) showed [Ks 9h] and lost with two pair, Kings and Nines
Seat 6: b8af9690 showed [9s 9d] and won (22,923) with three of a kind, Nines
Seat 7: c8c5621f folded before Flop
Seat 8: 297e5479 folded before Flop


Poker Hand #TM5618640504: Tournament #264779674, APL Series: ¥110 Zodiac Sunday Bounty + Rat Hold'em No Limit - Level5(100/200(25)) - 2026/02/22 16:22:24
Table '30' 8-max Seat #2 is the button
Seat 1: Hero (10,436 in chips)
Seat 2: 2f300a6c (16,413 in chips)
Seat 3: 82c4fbbf (14,085 in chips)
Seat 4: e64cc88 (15,349 in chips)
Seat 5: 42ccb310 (12,580 in chips)
Seat 6: b8af9690 (10,817 in chips)
Seat 7: c8c5621f (9,902 in chips)
Seat 8: 297e5479 (9,962 in chips)
c8c5621f: posts the ante 25
e64cc88: posts the ante 25
2f300a6c: posts the ante 25
Hero: posts the ante 25
42ccb310: posts the ante 25
82c4fbbf: posts the ante 25
297e5479: posts the ante 25
b8af9690: posts the ante 25
82c4fbbf: posts small blind 100
e64cc88: posts big blind 200
*** HOLE CARDS ***
Dealt to Hero [2d 5s]
Dealt to 2f300a6c 
Dealt to 82c4fbbf 
Dealt to e64cc88 
Dealt to 42ccb310 
Dealt to b8af9690 
Dealt to c8c5621f 
Dealt to 297e5479 
42ccb310: raises 200 to 400
b8af9690: folds
c8c5621f: folds
297e5479: folds
Hero: folds
2f300a6c: raises 975 to 1,375
82c4fbbf: folds
e64cc88: folds
42ccb310: folds
Uncalled bet (975) returned to 2f300a6c
*** SHOWDOWN ***
2f300a6c collected 1,300 from pot
*** SUMMARY ***
Total pot 1,300 | Rake 0 | Jackpot 0 | Bingo 0 | Fortune 0 | Tax 0
Seat 1: Hero folded before Flop
Seat 2: 2f300a6c (button) collected (1,300)
Seat 3: 82c4fbbf (small blind) folded before Flop
Seat 4: e64cc88 (big blind) folded before Flop
Seat 5: 42ccb310 folded before Flop
Seat 6: b8af9690 folded before Flop
Seat 7: c8c5621f folded before Flop
Seat 8: 297e5479 folded before Flop


Poker Hand #TM5618640487: Tournament #264779674, APL Series: ¥110 Zodiac Sunday Bounty + Rat Hold'em No Limit - Level5(100/200(25)) - 2026/02/22 16:20:50
Table '30' 8-max Seat #1 is the button
Seat 1: Hero (10,861 in chips)
Seat 2: 2f300a6c (16,538 in chips)
Seat 3: 82c4fbbf (15,935 in chips)
Seat 4: e64cc88 (15,374 in chips)
Seat 5: 42ccb310 (13,005 in chips)
Seat 6: b8af9690 (7,917 in chips)
Seat 7: c8c5621f (9,927 in chips)
Seat 8: 297e5479 (9,987 in chips)
c8c5621f: posts the ante 25
e64cc88: posts the ante 25
2f300a6c: posts the ante 25
Hero: posts the ante 25
42ccb310: posts the ante 25
82c4fbbf: posts the ante 25
297e5479: posts the ante 25
b8af9690: posts the ante 25
2f300a6c: posts small blind 100
82c4fbbf: posts big blind 200
*** HOLE CARDS ***
Dealt to Hero [Qd Tc]
Dealt to 2f300a6c 
Dealt to 82c4fbbf 
Dealt to e64cc88 
Dealt to 42ccb310 
Dealt to b8af9690 
Dealt to c8c5621f 
Dealt to 297e5479 
e64cc88: folds
42ccb310: raises 200 to 400
b8af9690: calls 400
c8c5621f: folds
297e5479: folds
Hero: calls 400
2f300a6c: folds
82c4fbbf: calls 200
*** FLOP *** [3h 7s 5c]
82c4fbbf: checks
42ccb310: checks
b8af9690: checks
Hero: checks
*** TURN *** [3h 7s 5c] [6s]
82c4fbbf: checks
42ccb310: checks
b8af9690: bets 1,425
Hero: folds
82c4fbbf: calls 1,425
42ccb310: folds
*** RIVER *** [3h 7s 5c 6s] [Jd]
82c4fbbf: checks
b8af9690: checks
82c4fbbf: shows [Kh 5h] (a pair of Fives)
b8af9690: shows [Js Ks] (a pair of Jacks)
*** SHOWDOWN ***
b8af9690 collected 4,750 from pot
*** SUMMARY ***
Total pot 4,750 | Rake 0 | Jackpot 0 | Bingo 0 | Fortune 0 | Tax 0
Board [3h 7s 5c 6s Jd]
Seat 1: Hero (button) folded on the Turn
Seat 2: 2f300a6c (small blind) folded before Flop
Seat 3: 82c4fbbf (big blind) showed [Kh 5h] and lost with a pair of Fives
Seat 4: e64cc88 folded before Flop
Seat 5: 42ccb310 folded on the Turn
Seat 6: b8af9690 showed [Js Ks] and won (4,750) with a pair of Jacks
Seat 7: c8c5621f folded before Flop
Seat 8: 297e5479 folded before Flop


Poker Hand #TM5618640475: Tournament #264779674, APL Series: ¥110 Zodiac Sunday Bounty + Rat Hold'em No Limit - Level5(100/200(25)) - 2026/02/22 16:19:40
Table '30' 8-max Seat #8 is the button
Seat 1: Hero (11,326 in chips)
Seat 2: 2f300a6c (17,751 in chips)
Seat 4: e64cc88 (13,596 in chips)
Seat 5: 42ccb310 (13,030 in chips)
Seat 6: b8af9690 (7,942 in chips)
Seat 7: c8c5621f (9,952 in chips)
Seat 8: 297e5479 (10,012 in chips)
c8c5621f: posts the ante 25
e64cc88: posts the ante 25
2f300a6c: posts the ante 25
Hero: posts the ante 25
42ccb310: posts the ante 25
297e5479: posts the ante 25
b8af9690: posts the ante 25
Hero: posts small blind 100
2f300a6c: posts big blind 200
*** HOLE CARDS ***
Dealt to Hero [8d 8s]
Dealt to 2f300a6c 
Dealt to e64cc88 
Dealt to 42ccb310 
Dealt to b8af9690 
Dealt to c8c5621f 
Dealt to 297e5479 
e64cc88: raises 240 to 440
42ccb310: folds
b8af9690: folds
c8c5621f: folds
297e5479: folds
Hero: calls 340
2f300a6c: calls 240
*** FLOP *** [Kd Th Ad]
Hero: checks
2f300a6c: checks
e64cc88: bets 748
Hero: folds
2f300a6c: calls 748
*** TURN *** [Kd Th Ad] [6h]
2f300a6c: checks
e64cc88: bets 3,590
2f300a6c: folds
Uncalled bet (3,590) returned to e64cc88
*** SHOWDOWN ***
e64cc88 collected 2,991 from pot
*** SUMMARY ***
Total pot 2,991 | Rake 0 | Jackpot 0 | Bingo 0 | Fortune 0 | Tax 0
Board [Kd Th Ad 6h]
Seat 1: Hero (small blind) folded on the Flop
Seat 2: 2f300a6c (big blind) folded on the Turn
Seat 4: e64cc88 won (2,991)
Seat 5: 42ccb310 folded before Flop
Seat 6: b8af9690 folded before Flop
Seat 7: c8c5621f folded before Flop
Seat 8: 297e5479 (button) folded before Flop


Poker Hand #TM5618640463: Tournament #264779674, APL Series: ¥110 Zodiac Sunday Bounty + Rat Hold'em No Limit - Level5(100/200(25)) - 2026/02/22 16:18:35
Table '30' 8-max Seat #7 is the button
Seat 1: Hero (11,551 in chips)
Seat 2: 2f300a6c (12,345 in chips)
Seat 3: 9b4b8fe (4,956 in chips)
Seat 4: e64cc88 (13,621 in chips)
Seat 5: 42ccb310 (13,055 in chips)
Seat 6: b8af9690 (7,967 in chips)
Seat 7: c8c5621f (9,977 in chips)
Seat 8: 297e5479 (10,137 in chips)
c8c5621f: posts the ante 25
e64cc88: posts the ante 25
9b4b8fe: posts the ante 25
2f300a6c: posts the ante 25
Hero: posts the ante 25
42ccb310: posts the ante 25
297e5479: posts the ante 25
b8af9690: posts the ante 25
297e5479: posts small blind 100
Hero: posts big blind 200
*** HOLE CARDS ***
Dealt to Hero [Ts Jc]
Dealt to 2f300a6c 
Dealt to 9b4b8fe 
Dealt to e64cc88 
Dealt to 42ccb310 
Dealt to b8af9690 
Dealt to c8c5621f 
Dealt to 297e5479 
2f300a6c: raises 200 to 400
9b4b8fe: raises 4,531 to 4,931 and is all-in
e64cc88: folds
42ccb310: folds
b8af9690: folds
c8c5621f: folds
297e5479: folds
Hero: folds
2f300a6c: calls 4,531
9b4b8fe: shows [Ad Kc]
2f300a6c: shows [Qc Qs]
*** FLOP *** [Jh 2c 8c]
*** TURN *** [Jh 2c 8c] [9s]
*** RIVER *** [Jh 2c 8c 9s] [7d]
*** SHOWDOWN ***
2f300a6c collected 10,362 from pot
*** SUMMARY ***
Total pot 10,362 | Rake 0 | Jackpot 0 | Bingo 0 | Fortune 0 | Tax 0
Board [Jh 2c 8c 9s 7d]
Seat 1: Hero (big blind) folded before Flop
Seat 2: 2f300a6c showed [Qc Qs] and won (10,362) with a pair of Queens
Seat 3: 9b4b8fe showed [Ad Kc] and lost with Ace high
Seat 4: e64cc88 folded before Flop
Seat 5: 42ccb310 folded before Flop
Seat 6: b8af9690 folded before Flop
Seat 7: c8c5621f (button) folded before Flop
Seat 8: 297e5479 (small blind) folded before Flop


Poker Hand #TM5618640450: Tournament #264779674, APL Series: ¥110 Zodiac Sunday Bounty + Rat Hold'em No Limit - Level5(100/200(25)) - 2026/02/22 16:17:38
Table '30' 8-max Seat #6 is the button
Seat 1: Hero (11,576 in chips)
Seat 2: 2f300a6c (12,370 in chips)
Seat 3: 9b4b8fe (4,981 in chips)
Seat 4: e64cc88 (13,646 in chips)
Seat 5: 42ccb310 (12,180 in chips)
Seat 6: b8af9690 (7,992 in chips)
Seat 7: c8c5621f (10,502 in chips)
Seat 8: 297e5479 (10,362 in chips)
c8c5621f: posts the ante 25
e64cc88: posts the ante 25
9b4b8fe: posts the ante 25
2f300a6c: posts the ante 25
Hero: posts the ante 25
42ccb310: posts the ante 25
297e5479: posts the ante 25
b8af9690: posts the ante 25
c8c5621f: posts small blind 100
297e5479: posts big blind 200
*** HOLE CARDS ***
Dealt to Hero [4c Js]
Dealt to 2f300a6c 
Dealt to 9b4b8fe 
Dealt to e64cc88 
Dealt to 42ccb310 
Dealt to b8af9690 
Dealt to c8c5621f 
Dealt to 297e5479 
Hero: folds
2f300a6c: folds
9b4b8fe: folds
e64cc88: folds
42ccb310: raises 300 to 500
b8af9690: folds
c8c5621f: calls 400
297e5479: folds
*** FLOP *** [9s Jd 6c]
c8c5621f: checks
42ccb310: bets 462
c8c5621f: folds
Uncalled bet (462) returned to 42ccb310
*** SHOWDOWN ***
42ccb310 collected 1,400 from pot
*** SUMMARY ***
Total pot 1,400 | Rake 0 | Jackpot 0 | Bingo 0 | Fortune 0 | Tax 0
Board [9s Jd 6c]
Seat 1: Hero folded before Flop
Seat 2: 2f300a6c folded before Flop
Seat 3: 9b4b8fe folded before Flop
Seat 4: e64cc88 folded before Flop
Seat 5: 42ccb310 won (1,400)
Seat 6: b8af9690 (button) folded before Flop
Seat 7: c8c5621f (small blind) folded on the Flop
Seat 8: 297e5479 (big blind) folded before Flop


Poker Hand #TM5618640440: Tournament #264779674, APL Series: ¥110 Zodiac Sunday Bounty + Rat Hold'em No Limit - Level5(100/200(25)) - 2026/02/22 16:16:42
Table '30' 8-max Seat #5 is the button
Seat 1: Hero (11,601 in chips)
Seat 2: 2f300a6c (12,395 in chips)
Seat 3: 9b4b8fe (5,006 in chips)
Seat 4: e64cc88 (13,671 in chips)
Seat 5: 42ccb310 (12,205 in chips)
Seat 6: b8af9690 (8,517 in chips)
Seat 7: c8c5621f (11,688 in chips)
Seat 8: 297e5479 (8,526 in chips)
c8c5621f: posts the ante 25
e64cc88: posts the ante 25
9b4b8fe: posts the ante 25
2f300a6c: posts the ante 25
Hero: posts the ante 25
42ccb310: posts the ante 25
297e5479: posts the ante 25
b8af9690: posts the ante 25
b8af9690: posts small blind 100
c8c5621f: posts big blind 200
*** HOLE CARDS ***
Dealt to Hero [3h Qd]
Dealt to 2f300a6c 
Dealt to 9b4b8fe 
Dealt to e64cc88 
Dealt to 42ccb310 
Dealt to b8af9690 
Dealt to c8c5621f 
Dealt to 297e5479 
297e5479: raises 300 to 500
Hero: folds
2f300a6c: folds
9b4b8fe: folds
e64cc88: folds
42ccb310: folds
b8af9690: calls 400
c8c5621f: calls 300
*** FLOP *** [8s As 6c]
b8af9690: checks
c8c5621f: checks
297e5479: bets 661
b8af9690: folds
c8c5621f: calls 661
*** TURN *** [8s As 6c] [Kd]
c8c5621f: checks
297e5479: bets 1,800
c8c5621f: folds
Uncalled bet (1,800) returned to 297e5479
*** SHOWDOWN ***
297e5479 collected 3,022 from pot
*** SUMMARY ***
Total pot 3,022 | Rake 0 | Jackpot 0 | Bingo 0 | Fortune 0 | Tax 0
Board [8s As 6c Kd]
Seat 1: Hero folded before Flop
Seat 2: 2f300a6c folded before Flop
Seat 3: 9b4b8fe folded before Flop
Seat 4: e64cc88 folded before Flop
Seat 5: 42ccb310 (button) folded before Flop
Seat 6: b8af9690 (small blind) folded on the Flop
Seat 7: c8c5621f (big blind) folded on the Turn
Seat 8: 297e5479 won (3,022)


Poker Hand #TM5618640426: Tournament #264779674, APL Series: ¥110 Zodiac Sunday Bounty + Rat Hold'em No Limit - Level4(75/150(18)) - 2026/02/22 16:15:29
Table '30' 8-max Seat #4 is the button
Seat 1: Hero (11,619 in chips)
Seat 2: 2f300a6c (12,413 in chips)
Seat 3: 9b4b8fe (9,173 in chips)
Seat 4: e64cc88 (13,689 in chips)
Seat 5: 42ccb310 (12,298 in chips)
Seat 6: b8af9690 (4,167 in chips)
Seat 7: c8c5621f (11,706 in chips)
Seat 8: 297e5479 (8,544 in chips)
c8c5621f: posts the ante 18
e64cc88: posts the ante 18
9b4b8fe: posts the ante 18
2f300a6c: posts the ante 18
Hero: posts the ante 18
42ccb310: posts the ante 18
297e5479: posts the ante 18
b8af9690: posts the ante 18
42ccb310: posts small blind 75
b8af9690: posts big blind 150
*** HOLE CARDS ***
Dealt to Hero [Jd 6h]
Dealt to 2f300a6c 
Dealt to 9b4b8fe 
Dealt to e64cc88 
Dealt to 42ccb310 
Dealt to b8af9690 
Dealt to c8c5621f 
Dealt to 297e5479 
c8c5621f: folds
297e5479: folds
Hero: folds
2f300a6c: folds
9b4b8fe: raises 150 to 300
e64cc88: folds
42ccb310: folds
b8af9690: calls 150
*** FLOP *** [4h Ts 2d]
b8af9690: checks
9b4b8fe: checks
*** TURN *** [4h Ts 2d] [5c]
b8af9690: bets 3,849 and is all-in
9b4b8fe: calls 3,849
b8af9690: shows [4s 2h] (two pair, Fours and Twos)
9b4b8fe: shows [Jc Ah] (Ace high)
*** RIVER *** [4h Ts 2d 5c] [Td]
*** SHOWDOWN ***
b8af9690 collected 8,517 from pot
*** SUMMARY ***
Total pot 8,517 | Rake 0 | Jackpot 0 | Bingo 0 | Fortune 0 | Tax 0
Board [4h Ts 2d 5c Td]
Seat 1: Hero folded before Flop
Seat 2: 2f300a6c folded before Flop
Seat 3: 9b4b8fe showed [Jc Ah] and lost with a pair of Tens
Seat 4: e64cc88 (button) folded before Flop
Seat 5: 42ccb310 (small blind) folded before Flop
Seat 6: b8af9690 (big blind) showed [4s 2h] and won (8,517) with two pair, Tens and Fours
Seat 7: c8c5621f folded before Flop
Seat 8: 297e5479 folded before Flop


Poker Hand #TM5618640415: Tournament #264779674, APL Series: ¥110 Zodiac Sunday Bounty + Rat Hold'em No Limit - Level4(75/150(18)) - 2026/02/22 16:14:40
Table '30' 8-max Seat #3 is the button
Seat 1: Hero (11,937 in chips)
Seat 2: 2f300a6c (12,731 in chips)
Seat 3: 9b4b8fe (9,191 in chips)
Seat 4: e64cc88 (14,843 in chips)
Seat 5: 42ccb310 (10,436 in chips)
Seat 6: b8af9690 (4,185 in chips)
Seat 7: c8c5621f (11,724 in chips)
Seat 8: 297e5479 (8,562 in chips)
c8c5621f: posts the ante 18
e64cc88: posts the ante 18
9b4b8fe: posts the ante 18
2f300a6c: posts the ante 18
Hero: posts the ante 18
42ccb310: posts the ante 18
297e5479: posts the ante 18
b8af9690: posts the ante 18
e64cc88: posts small blind 75
42ccb310: posts big blind 150
*** HOLE CARDS ***
Dealt to Hero [9d Ac]
Dealt to 2f300a6c 
Dealt to 9b4b8fe 
Dealt to e64cc88 
Dealt to 42ccb310 
Dealt to b8af9690 
Dealt to c8c5621f 
Dealt to 297e5479 
b8af9690: folds
c8c5621f: folds
297e5479: folds
Hero: raises 150 to 300
2f300a6c: calls 300
9b4b8fe: folds
e64cc88: raises 836 to 1,136
42ccb310: raises 1,508 to 2,644
Hero: folds
2f300a6c: folds
e64cc88: folds
Uncalled bet (1,508) returned to 42ccb310
*** SHOWDOWN ***
42ccb310 collected 3,016 from pot
*** SUMMARY ***
Total pot 3,016 | Rake 0 | Jackpot 0 | Bingo 0 | Fortune 0 | Tax 0
Seat 1: Hero folded before Flop
Seat 2: 2f300a6c folded before Flop
Seat 3: 9b4b8fe (button) folded before Flop
Seat 4: e64cc88 (small blind) folded before Flop
Seat 5: 42ccb310 (big blind) collected (3,016)
Seat 6: b8af9690 folded before Flop
Seat 7: c8c5621f folded before Flop
Seat 8: 297e5479 folded before Flop


Poker Hand #TM5618640401: Tournament #264779674, APL Series: ¥110 Zodiac Sunday Bounty + Rat Hold'em No Limit - Level4(75/150(18)) - 2026/02/22 16:13:45
Table '30' 8-max Seat #2 is the button
Seat 1: Hero (11,955 in chips)
Seat 2: 2f300a6c (6,199 in chips)
Seat 3: 9b4b8fe (9,284 in chips)
Seat 4: e64cc88 (15,011 in chips)
Seat 5: 42ccb310 (10,454 in chips)
Seat 6: b8af9690 (10,384 in chips)
Seat 7: c8c5621f (11,742 in chips)
Seat 8: 297e5479 (8,580 in chips)
c8c5621f: posts the ante 18
e64cc88: posts the ante 18
2f300a6c: posts the ante 18
9b4b8fe: posts the ante 18
Hero: posts the ante 18
42ccb310: posts the ante 18
297e5479: posts the ante 18
b8af9690: posts the ante 18
9b4b8fe: posts small blind 75
e64cc88: posts big blind 150
*** HOLE CARDS ***
Dealt to Hero [9s Qh]
Dealt to 2f300a6c 
Dealt to 9b4b8fe 
Dealt to e64cc88 
Dealt to 42ccb310 
Dealt to b8af9690 
Dealt to c8c5621f 
Dealt to 297e5479 
42ccb310: folds
b8af9690: raises 210 to 360
c8c5621f: folds
297e5479: folds
Hero: folds
2f300a6c: raises 545 to 905
9b4b8fe: folds
e64cc88: folds
b8af9690: raises 9,461 to 10,366 and is all-in
2f300a6c: calls 5,276 and is all-in
Uncalled bet (4,185) returned to b8af9690
b8af9690: shows [Kc Ac]
2f300a6c: shows [Jh Ks]
*** FLOP *** [Js 6h Jc]
*** TURN *** [Js 6h Jc] [5c]
*** RIVER *** [Js 6h Jc 5c] [6c]
*** SHOWDOWN ***
2f300a6c collected 12,731 from pot
*** SUMMARY ***
Total pot 12,731 | Rake 0 | Jackpot 0 | Bingo 0 | Fortune 0 | Tax 0
Board [Js 6h Jc 5c 6c]
Seat 1: Hero folded before Flop
Seat 2: 2f300a6c (button) showed [Jh Ks] and won (12,731) with a full house, Jacks full of Sixes
Seat 3: 9b4b8fe (small blind) folded before Flop
Seat 4: e64cc88 (big blind) folded before Flop
Seat 5: 42ccb310 folded before Flop
Seat 6: b8af9690 showed [Kc Ac] and lost with a flush Ace high
Seat 7: c8c5621f folded before Flop
Seat 8: 297e5479 folded before Flop


Poker Hand #TM5618640391: Tournament #264779674, APL Series: ¥110 Zodiac Sunday Bounty + Rat Hold'em No Limit - Level4(75/150(18)) - 2026/02/22 16:12:47
Table '30' 8-max Seat #1 is the button
Seat 1: Hero (11,973 in chips)
Seat 2: 2f300a6c (10,655 in chips)
Seat 3: 9b4b8fe (9,452 in chips)
Seat 4: e64cc88 (10,297 in chips)
Seat 5: 42ccb310 (10,472 in chips)
Seat 6: b8af9690 (10,402 in chips)
Seat 7: c8c5621f (11,760 in chips)
Seat 8: 297e5479 (8,598 in chips)
c8c5621f: posts the ante 18
e64cc88: posts the ante 18
9b4b8fe: posts the ante 18
2f300a6c: posts the ante 18
Hero: posts the ante 18
42ccb310: posts the ante 18
297e5479: posts the ante 18
b8af9690: posts the ante 18
2f300a6c: posts small blind 75
9b4b8fe: posts big blind 150
*** HOLE CARDS ***
Dealt to Hero [Qd 8h]
Dealt to 2f300a6c 
Dealt to 9b4b8fe 
Dealt to e64cc88 
Dealt to 42ccb310 
Dealt to b8af9690 
Dealt to c8c5621f 
Dealt to 297e5479 
e64cc88: raises 180 to 330
42ccb310: folds
b8af9690: folds
c8c5621f: folds
297e5479: folds
Hero: folds
2f300a6c: calls 255
9b4b8fe: folds
*** FLOP *** [5h 2d 6d]
2f300a6c: checks
e64cc88: bets 287
2f300a6c: calls 287
*** TURN *** [5h 2d 6d] [Tc]
2f300a6c: checks
e64cc88: bets 1,070
2f300a6c: calls 1,070
*** RIVER *** [5h 2d 6d Tc] [7s]
2f300a6c: bets 2,751
e64cc88: calls 2,751
2f300a6c: shows [3h Ah] (Ace high)
e64cc88: shows [Ks Ts] (a pair of Tens)
*** SHOWDOWN ***
e64cc88 collected 9,170 from pot
*** SUMMARY ***
Total pot 9,170 | Rake 0 | Jackpot 0 | Bingo 0 | Fortune 0 | Tax 0
Board [5h 2d 6d Tc 7s]
Seat 1: Hero (button) folded before Flop
Seat 2: 2f300a6c (small blind) showed [3h Ah] and lost with Ace high
Seat 3: 9b4b8fe (big blind) folded before Flop
Seat 4: e64cc88 showed [Ks Ts] and won (9,170) with a pair of Tens
Seat 5: 42ccb310 folded before Flop
Seat 6: b8af9690 folded before Flop
Seat 7: c8c5621f folded before Flop
Seat 8: 297e5479 folded before Flop


Poker Hand #TM5618640382: Tournament #264779674, APL Series: ¥110 Zodiac Sunday Bounty + Rat Hold'em No Limit - Level4(75/150(18)) - 2026/02/22 16:12:03
Table '30' 8-max Seat #8 is the button
Seat 1: Hero (12,066 in chips)
Seat 2: 2f300a6c (11,264 in chips)
Seat 3: 9b4b8fe (9,470 in chips)
Seat 4: e64cc88 (10,315 in chips)
Seat 5: 42ccb310 (10,490 in chips)
Seat 6: b8af9690 (10,420 in chips)
Seat 7: c8c5621f (10,968 in chips)
Seat 8: 297e5479 (8,616 in chips)
c8c5621f: posts the ante 18
e64cc88: posts the ante 18
9b4b8fe: posts the ante 18
2f300a6c: posts the ante 18
Hero: posts the ante 18
42ccb310: posts the ante 18
297e5479: posts the ante 18
b8af9690: posts the ante 18
Hero: posts small blind 75
2f300a6c: posts big blind 150
*** HOLE CARDS ***
Dealt to Hero [Jd 2s]
Dealt to 2f300a6c 
Dealt to 9b4b8fe 
Dealt to e64cc88 
Dealt to 42ccb310 
Dealt to b8af9690 
Dealt to c8c5621f 
Dealt to 297e5479 
9b4b8fe: folds
e64cc88: folds
42ccb310: folds
b8af9690: folds
c8c5621f: raises 195 to 345
297e5479: folds
Hero: folds
2f300a6c: calls 195
*** FLOP *** [Tc 8s 7d]
2f300a6c: checks
c8c5621f: bets 246
2f300a6c: calls 246
*** TURN *** [Tc 8s 7d] [Kd]
2f300a6c: checks
c8c5621f: bets 631
2f300a6c: folds
Uncalled bet (631) returned to c8c5621f
*** SHOWDOWN ***
c8c5621f collected 1,401 from pot
*** SUMMARY ***
Total pot 1,401 | Rake 0 | Jackpot 0 | Bingo 0 | Fortune 0 | Tax 0
Board [Tc 8s 7d Kd]
Seat 1: Hero (small blind) folded before Flop
Seat 2: 2f300a6c (big blind) folded on the Turn
Seat 3: 9b4b8fe folded before Flop
Seat 4: e64cc88 folded before Flop
Seat 5: 42ccb310 folded before Flop
Seat 6: b8af9690 folded before Flop
Seat 7: c8c5621f won (1,401)
Seat 8: 297e5479 (button) folded before Flop


Poker Hand #TM5618640361: Tournament #264779674, APL Series: ¥110 Zodiac Sunday Bounty + Rat Hold'em No Limit - Level4(75/150(18)) - 2026/02/22 16:10:52
Table '30' 8-max Seat #7 is the button
Seat 1: Hero (9,811 in chips)
Seat 2: 2f300a6c (11,282 in chips)
Seat 3: 9b4b8fe (9,488 in chips)
Seat 4: e64cc88 (10,333 in chips)
Seat 5: 42ccb310 (11,535 in chips)
Seat 6: b8af9690 (11,465 in chips)
Seat 7: c8c5621f (10,986 in chips)
Seat 8: 297e5479 (8,709 in chips)
c8c5621f: posts the ante 18
e64cc88: posts the ante 18
9b4b8fe: posts the ante 18
2f300a6c: posts the ante 18
Hero: posts the ante 18
42ccb310: posts the ante 18
297e5479: posts the ante 18
b8af9690: posts the ante 18
297e5479: posts small blind 75
Hero: posts big blind 150
*** HOLE CARDS ***
Dealt to Hero [6c 6d]
Dealt to 2f300a6c 
Dealt to 9b4b8fe 
Dealt to e64cc88 
Dealt to 42ccb310 
Dealt to b8af9690 
Dealt to c8c5621f 
Dealt to 297e5479 
2f300a6c: folds
9b4b8fe: folds
e64cc88: folds
42ccb310: raises 150 to 300
b8af9690: raises 727 to 1,027
c8c5621f: folds
297e5479: folds
Hero: calls 877
42ccb310: calls 727
*** FLOP *** [3c Td 9c]
Hero: checks
42ccb310: checks
b8af9690: checks
*** TURN *** [3c Td 9c] [Ts]
Hero: bets 1,239
42ccb310: folds
b8af9690: folds
Uncalled bet (1,239) returned to Hero
*** SHOWDOWN ***
Hero collected 3,300 from pot
*** SUMMARY ***
Total pot 3,300 | Rake 0 | Jackpot 0 | Bingo 0 | Fortune 0 | Tax 0
Board [3c Td 9c Ts]
Seat 1: Hero (big blind) won (3,300)
Seat 2: 2f300a6c folded before Flop
Seat 3: 9b4b8fe folded before Flop
Seat 4: e64cc88 folded before Flop
Seat 5: 42ccb310 folded on the Turn
Seat 6: b8af9690 folded on the Turn
Seat 7: c8c5621f (button) folded before Flop
Seat 8: 297e5479 (small blind) folded before Flop


Poker Hand #TM5618640356: Tournament #264779674, APL Series: ¥110 Zodiac Sunday Bounty + Rat Hold'em No Limit - Level4(75/150(18)) - 2026/02/22 16:10:23
Table '30' 8-max Seat #6 is the button
Seat 1: Hero (9,829 in chips)
Seat 2: 2f300a6c (10,931 in chips)
Seat 3: 9b4b8fe (9,506 in chips)
Seat 4: e64cc88 (10,351 in chips)
Seat 5: 42ccb310 (11,553 in chips)
Seat 6: b8af9690 (11,483 in chips)
Seat 7: c8c5621f (11,079 in chips)
Seat 8: 297e5479 (8,877 in chips)
c8c5621f: posts the ante 18
e64cc88: posts the ante 18
9b4b8fe: posts the ante 18
2f300a6c: posts the ante 18
Hero: posts the ante 18
42ccb310: posts the ante 18
297e5479: posts the ante 18
b8af9690: posts the ante 18
c8c5621f: posts small blind 75
297e5479: posts big blind 150
*** HOLE CARDS ***
Dealt to Hero [2s Kd]
Dealt to 2f300a6c 
Dealt to 9b4b8fe 
Dealt to e64cc88 
Dealt to 42ccb310 
Dealt to b8af9690 
Dealt to c8c5621f 
Dealt to 297e5479 
Hero: folds
2f300a6c: raises 150 to 300
9b4b8fe: folds
e64cc88: folds
42ccb310: folds
b8af9690: folds
c8c5621f: folds
297e5479: folds
Uncalled bet (150) returned to 2f300a6c
*** SHOWDOWN ***
2f300a6c collected 519 from pot
*** SUMMARY ***
Total pot 519 | Rake 0 | Jackpot 0 | Bingo 0 | Fortune 0 | Tax 0
Seat 1: Hero folded before Flop
Seat 2: 2f300a6c collected (519)
Seat 3: 9b4b8fe folded before Flop
Seat 4: e64cc88 folded before Flop
Seat 5: 42ccb310 folded before Flop
Seat 6: b8af9690 (button) folded before Flop
Seat 7: c8c5621f (small blind) folded before Flop
Seat 8: 297e5479 (big blind) folded before Flop


Poker Hand #TM5618640347: Tournament #264779674, APL Series: ¥110 Zodiac Sunday Bounty + Rat Hold'em No Limit - Level4(75/150(18)) - 2026/02/22 16:09:45
Table '30' 8-max Seat #5 is the button
Seat 1: Hero (9,847 in chips)
Seat 2: 2f300a6c (10,949 in chips)
Seat 3: 9b4b8fe (9,524 in chips)
Seat 4: e64cc88 (10,000 in chips)
Seat 5: 42ccb310 (11,571 in chips)
Seat 6: b8af9690 (11,576 in chips)
Seat 7: c8c5621f (11,247 in chips)
Seat 8: 297e5479 (8,895 in chips)
c8c5621f: posts the ante 18
e64cc88: posts the ante 18
9b4b8fe: posts the ante 18
2f300a6c: posts the ante 18
Hero: posts the ante 18
42ccb310: posts the ante 18
297e5479: posts the ante 18
b8af9690: posts the ante 18
b8af9690: posts small blind 75
c8c5621f: posts big blind 150
*** HOLE CARDS ***
Dealt to Hero [Ad 9h]
Dealt to 2f300a6c 
Dealt to 9b4b8fe 
Dealt to e64cc88 
Dealt to 42ccb310 
Dealt to b8af9690 
Dealt to c8c5621f 
Dealt to 297e5479 
297e5479: folds
Hero: folds
2f300a6c: folds
9b4b8fe: folds
e64cc88: raises 180 to 330
42ccb310: folds
b8af9690: folds
c8c5621f: folds
Uncalled bet (180) returned to e64cc88
*** SHOWDOWN ***
e64cc88 collected 519 from pot
*** SUMMARY ***
Total pot 519 | Rake 0 | Jackpot 0 | Bingo 0 | Fortune 0 | Tax 0
Seat 1: Hero folded before Flop
Seat 2: 2f300a6c folded before Flop
Seat 3: 9b4b8fe folded before Flop
Seat 4: e64cc88 collected (519)
Seat 5: 42ccb310 (button) folded before Flop
Seat 6: b8af9690 (small blind) folded before Flop
Seat 7: c8c5621f (big blind) folded before Flop
Seat 8: 297e5479 folded before Flop


Poker Hand #TM5618640342: Tournament #264779674, APL Series: ¥110 Zodiac Sunday Bounty + Rat Hold'em No Limit - Level4(75/150(18)) - 2026/02/22 16:09:12
Table '30' 8-max Seat #3 is the button
Seat 1: Hero (10,240 in chips)
Seat 2: 2f300a6c (9,866 in chips)
Seat 3: 9b4b8fe (9,542 in chips)
Seat 5: 42ccb310 (11,664 in chips)
Seat 6: b8af9690 (11,744 in chips)
Seat 7: c8c5621f (11,265 in chips)
Seat 8: 297e5479 (9,288 in chips)
c8c5621f: posts the ante 18
9b4b8fe: posts the ante 18
2f300a6c: posts the ante 18
Hero: posts the ante 18
42ccb310: posts the ante 18
297e5479: posts the ante 18
b8af9690: posts the ante 18
42ccb310: posts small blind 75
b8af9690: posts big blind 150
*** HOLE CARDS ***
Dealt to Hero [3d 3h]
Dealt to 2f300a6c 
Dealt to 9b4b8fe 
Dealt to 42ccb310 
Dealt to b8af9690 
Dealt to c8c5621f 
Dealt to 297e5479 
c8c5621f: folds
297e5479: raises 225 to 375
Hero: calls 375
2f300a6c: raises 1,476 to 1,851
9b4b8fe: folds
42ccb310: folds
b8af9690: folds
297e5479: folds
Hero: folds
Uncalled bet (1,476) returned to 2f300a6c
*** SHOWDOWN ***
2f300a6c collected 1,476 from pot
*** SUMMARY ***
Total pot 1,476 | Rake 0 | Jackpot 0 | Bingo 0 | Fortune 0 | Tax 0
Seat 1: Hero folded before Flop
Seat 2: 2f300a6c collected (1,476)
Seat 3: 9b4b8fe (button) folded before Flop
Seat 5: 42ccb310 (small blind) folded before Flop
Seat 6: b8af9690 (big blind) folded before Flop
Seat 7: c8c5621f folded before Flop
Seat 8: 297e5479 folded before Flop


Poker Hand #TM5618640325: Tournament #264779674, APL Series: ¥110 Zodiac Sunday Bounty + Rat Hold'em No Limit - Level4(75/150(18)) - 2026/02/22 16:08:01
Table '30' 8-max Seat #2 is the button
Seat 1: Hero (10,258 in chips)
Seat 2: 2f300a6c (9,118 in chips)
Seat 3: 9b4b8fe (9,635 in chips)
Seat 5: 42ccb310 (12,247 in chips)
Seat 6: b8af9690 (11,762 in chips)
Seat 7: c8c5621f (11,283 in chips)
Seat 8: 297e5479 (9,306 in chips)
c8c5621f: posts the ante 18
2f300a6c: posts the ante 18
9b4b8fe: posts the ante 18
Hero: posts the ante 18
42ccb310: posts the ante 18
297e5479: posts the ante 18
b8af9690: posts the ante 18
9b4b8fe: posts small blind 75
42ccb310: posts big blind 150
*** HOLE CARDS ***
Dealt to Hero [Jd 9s]
Dealt to 2f300a6c 
Dealt to 9b4b8fe 
Dealt to 42ccb310 
Dealt to b8af9690 
Dealt to c8c5621f 
Dealt to 297e5479 
b8af9690: folds
c8c5621f: folds
297e5479: folds
Hero: folds
2f300a6c: raises 150 to 300
9b4b8fe: folds
42ccb310: calls 150
*** FLOP *** [9c 7h 7c]
42ccb310: checks
2f300a6c: bets 265
42ccb310: calls 265
*** TURN *** [9c 7h 7c] [2h]
42ccb310: checks
2f300a6c: checks
*** RIVER *** [9c 7h 7c 2h] [2s]
42ccb310: checks
2f300a6c: checks
42ccb310: shows [Th Qc] (two pair, Sevens and Twos)
2f300a6c: shows [4s 4c] (two pair, Sevens and Fours)
*** SHOWDOWN ***
2f300a6c collected 1,331 from pot
*** SUMMARY ***
Total pot 1,331 | Rake 0 | Jackpot 0 | Bingo 0 | Fortune 0 | Tax 0
Board [9c 7h 7c 2h 2s]
Seat 1: Hero folded before Flop
Seat 2: 2f300a6c (button) showed [4s 4c] and won (1,331) with two pair, Sevens and Fours
Seat 3: 9b4b8fe (small blind) folded before Flop
Seat 5: 42ccb310 (big blind) showed [Th Qc] and lost with two pair, Sevens and Twos
Seat 6: b8af9690 folded before Flop
Seat 7: c8c5621f folded before Flop
Seat 8: 297e5479 folded before Flop


Poker Hand #TM5618640314: Tournament #264779674, APL Series: ¥110 Zodiac Sunday Bounty + Rat Hold'em No Limit - Level4(75/150(18)) - 2026/02/22 16:07:11
Table '30' 8-max Seat #1 is the button
Seat 1: Hero (10,276 in chips)
Seat 2: 2f300a6c (9,211 in chips)
Seat 3: 9b4b8fe (9,803 in chips)
Seat 4: 456fe695 (7,183 in chips)
Seat 5: 42ccb310 (12,265 in chips)
Seat 6: b8af9690 (11,051 in chips)
Seat 7: c8c5621f (11,301 in chips)
Seat 8: 297e5479 (9,684 in chips)
c8c5621f: posts the ante 18
9b4b8fe: posts the ante 18
2f300a6c: posts the ante 18
Hero: posts the ante 18
42ccb310: posts the ante 18
297e5479: posts the ante 18
456fe695: posts the ante 18
b8af9690: posts the ante 18
2f300a6c: posts small blind 75
9b4b8fe: posts big blind 150
*** HOLE CARDS ***
Dealt to Hero [2c 6c]
Dealt to 2f300a6c 
Dealt to 9b4b8fe 
Dealt to 456fe695 
Dealt to 42ccb310 
Dealt to b8af9690 
Dealt to c8c5621f 
Dealt to 297e5479 
456fe695: folds
42ccb310: folds
b8af9690: raises 210 to 360
c8c5621f: folds
297e5479: calls 360
Hero: folds
2f300a6c: folds
9b4b8fe: folds
*** FLOP *** [Ah Qh 7s]
b8af9690: checks
297e5479: checks
*** TURN *** [Ah Qh 7s] [9s]
b8af9690: bets 817
297e5479: folds
Uncalled bet (817) returned to b8af9690
*** SHOWDOWN ***
b8af9690 collected 1,089 from pot
*** SUMMARY ***
Total pot 1,089 | Rake 0 | Jackpot 0 | Bingo 0 | Fortune 0 | Tax 0
Board [Ah Qh 7s 9s]
Seat 1: Hero (button) folded before Flop
Seat 2: 2f300a6c (small blind) folded before Flop
Seat 3: 9b4b8fe (big blind) folded before Flop
Seat 4: 456fe695 folded before Flop
Seat 5: 42ccb310 folded before Flop
Seat 6: b8af9690 won (1,089)
Seat 7: c8c5621f folded before Flop
Seat 8: 297e5479 folded on the Turn


Poker Hand #TM5618640306: Tournament #264779674, APL Series: ¥110 Zodiac Sunday Bounty + Rat Hold'em No Limit - Level3(50/100(12)) - 2026/02/22 16:06:32
Table '30' 8-max Seat #8 is the button
Seat 1: Hero (9,852 in chips)
Seat 2: 2f300a6c (9,323 in chips)
Seat 3: 9b4b8fe (9,815 in chips)
Seat 4: 456fe695 (7,195 in chips)
Seat 5: 42ccb310 (12,277 in chips)
Seat 6: b8af9690 (11,303 in chips)
Seat 7: c8c5621f (11,313 in chips)
Seat 8: 297e5479 (9,696 in chips)
c8c5621f: posts the ante 12
9b4b8fe: posts the ante 12
2f300a6c: posts the ante 12
Hero: posts the ante 12
42ccb310: posts the ante 12
297e5479: posts the ante 12
456fe695: posts the ante 12
b8af9690: posts the ante 12
Hero: posts small blind 50
2f300a6c: posts big blind 100
*** HOLE CARDS ***
Dealt to Hero [Ts Ad]
Dealt to 2f300a6c 
Dealt to 9b4b8fe 
Dealt to 456fe695 
Dealt to 42ccb310 
Dealt to b8af9690 
Dealt to c8c5621f 
Dealt to 297e5479 
9b4b8fe: folds
456fe695: folds
42ccb310: folds
b8af9690: raises 140 to 240
c8c5621f: folds
297e5479: folds
Hero: raises 807 to 1,047
2f300a6c: folds
b8af9690: folds
Uncalled bet (807) returned to Hero
*** SHOWDOWN ***
Hero collected 676 from pot
*** SUMMARY ***
Total pot 676 | Rake 0 | Jackpot 0 | Bingo 0 | Fortune 0 | Tax 0
Seat 1: Hero (small blind) collected (676)
Seat 2: 2f300a6c (big blind) folded before Flop
Seat 3: 9b4b8fe folded before Flop
Seat 4: 456fe695 folded before Flop
Seat 5: 42ccb310 folded before Flop
Seat 6: b8af9690 folded before Flop
Seat 7: c8c5621f folded before Flop
Seat 8: 297e5479 (button) folded before Flop


Poker Hand #TM5618640296: Tournament #264779674, APL Series: ¥110 Zodiac Sunday Bounty + Rat Hold'em No Limit - Level3(50/100(12)) - 2026/02/22 16:05:07
Table '30' 8-max Seat #7 is the button
Seat 1: Hero (9,964 in chips)
Seat 2: 2f300a6c (9,335 in chips)
Seat 3: 9b4b8fe (9,827 in chips)
Seat 4: 456fe695 (7,207 in chips)
Seat 5: 42ccb310 (12,289 in chips)
Seat 6: b8af9690 (9,419 in chips)
Seat 7: c8c5621f (11,325 in chips)
Seat 8: 297e5479 (11,408 in chips)
c8c5621f: posts the ante 12
9b4b8fe: posts the ante 12
2f300a6c: posts the ante 12
Hero: posts the ante 12
42ccb310: posts the ante 12
297e5479: posts the ante 12
456fe695: posts the ante 12
b8af9690: posts the ante 12
297e5479: posts small blind 50
Hero: posts big blind 100
*** HOLE CARDS ***
Dealt to Hero [5h Js]
Dealt to 2f300a6c 
Dealt to 9b4b8fe 
Dealt to 456fe695 
Dealt to 42ccb310 
Dealt to b8af9690 
Dealt to c8c5621f 
Dealt to 297e5479 
2f300a6c: folds
9b4b8fe: folds
456fe695: folds
42ccb310: folds
b8af9690: raises 140 to 240
c8c5621f: folds
297e5479: raises 760 to 1,000
Hero: folds
b8af9690: calls 760
*** FLOP *** [4s Qc Td]
297e5479: bets 700
b8af9690: calls 700
*** TURN *** [4s Qc Td] [8c]
297e5479: checks
b8af9690: bets 2,697
297e5479: folds
Uncalled bet (2,697) returned to b8af9690
*** SHOWDOWN ***
b8af9690 collected 3,596 from pot
*** SUMMARY ***
Total pot 3,596 | Rake 0 | Jackpot 0 | Bingo 0 | Fortune 0 | Tax 0
Board [4s Qc Td 8c]
Seat 1: Hero (big blind) folded before Flop
Seat 2: 2f300a6c folded before Flop
Seat 3: 9b4b8fe folded before Flop
Seat 4: 456fe695 folded before Flop
Seat 5: 42ccb310 folded before Flop
Seat 6: b8af9690 won (3,596)
Seat 7: c8c5621f (button) folded before Flop
Seat 8: 297e5479 (small blind) folded on the Turn


Poker Hand #TM5618640288: Tournament #264779674, APL Series: ¥110 Zodiac Sunday Bounty + Rat Hold'em No Limit - Level3(50/100(12)) - 2026/02/22 16:04:16
Table '30' 8-max Seat #6 is the button
Seat 1: Hero (9,976 in chips)
Seat 2: 2f300a6c (9,347 in chips)
Seat 3: 9b4b8fe (9,839 in chips)
Seat 4: 456fe695 (7,219 in chips)
Seat 5: 42ccb310 (12,301 in chips)
Seat 6: b8af9690 (9,651 in chips)
Seat 7: c8c5621f (11,387 in chips)
Seat 8: 297e5479 (11,054 in chips)
c8c5621f: posts the ante 12
9b4b8fe: posts the ante 12
2f300a6c: posts the ante 12
Hero: posts the ante 12
42ccb310: posts the ante 12
297e5479: posts the ante 12
456fe695: posts the ante 12
b8af9690: posts the ante 12
c8c5621f: posts small blind 50
297e5479: posts big blind 100
*** HOLE CARDS ***
Dealt to Hero [Jd Th]
Dealt to 2f300a6c 
Dealt to 9b4b8fe 
Dealt to 456fe695 
Dealt to 42ccb310 
Dealt to b8af9690 
Dealt to c8c5621f 
Dealt to 297e5479 
Hero: folds
2f300a6c: folds
9b4b8fe: folds
456fe695: folds
42ccb310: folds
b8af9690: raises 120 to 220
c8c5621f: folds
297e5479: raises 758 to 978
b8af9690: folds
Uncalled bet (758) returned to 297e5479
*** SHOWDOWN ***
297e5479 collected 586 from pot
*** SUMMARY ***
Total pot 586 | Rake 0 | Jackpot 0 | Bingo 0 | Fortune 0 | Tax 0
Seat 1: Hero folded before Flop
Seat 2: 2f300a6c folded before Flop
Seat 3: 9b4b8fe folded before Flop
Seat 4: 456fe695 folded before Flop
Seat 5: 42ccb310 folded before Flop
Seat 6: b8af9690 (button) folded before Flop
Seat 7: c8c5621f (small blind) folded before Flop
Seat 8: 297e5479 (big blind) collected (586)


Poker Hand #TM5618640273: Tournament #264779674, APL Series: ¥110 Zodiac Sunday Bounty + Rat Hold'em No Limit - Level3(50/100(12)) - 2026/02/22 16:02:29
Table '30' 8-max Seat #5 is the button
Seat 1: Hero (9,988 in chips)
Seat 2: 2f300a6c (9,988 in chips)
Seat 3: 9b4b8fe (9,851 in chips)
Seat 4: 456fe695 (7,481 in chips)
Seat 5: 42ccb310 (12,313 in chips)
Seat 6: b8af9690 (9,713 in chips)
Seat 7: c8c5621f (11,649 in chips)
Seat 8: 297e5479 (9,791 in chips)
c8c5621f: posts the ante 12
9b4b8fe: posts the ante 12
2f300a6c: posts the ante 12
Hero: posts the ante 12
42ccb310: posts the ante 12
297e5479: posts the ante 12
456fe695: posts the ante 12
b8af9690: posts the ante 12
b8af9690: posts small blind 50
c8c5621f: posts big blind 100
*** HOLE CARDS ***
Dealt to Hero [Qs Jd]
Dealt to 2f300a6c 
Dealt to 9b4b8fe 
Dealt to 456fe695 
Dealt to 42ccb310 
Dealt to b8af9690 
Dealt to c8c5621f 
Dealt to 297e5479 
297e5479: raises 150 to 250
Hero: folds
2f300a6c: calls 250
9b4b8fe: folds
456fe695: calls 250
42ccb310: folds
b8af9690: folds
c8c5621f: calls 150
*** FLOP *** [Ks 3s 5h]
c8c5621f: checks
297e5479: checks
2f300a6c: checks
456fe695: checks
*** TURN *** [Ks 3s 5h] [Th]
c8c5621f: checks
297e5479: checks
2f300a6c: bets 379
456fe695: folds
c8c5621f: folds
297e5479: calls 379
*** RIVER *** [Ks 3s 5h Th] [4h]
297e5479: checks
2f300a6c: checks
297e5479: shows [Ah Qc] (Ace high)
2f300a6c: shows [Qh Jc] (King high)
*** SHOWDOWN ***
297e5479 collected 1,904 from pot
*** SUMMARY ***
Total pot 1,904 | Rake 0 | Jackpot 0 | Bingo 0 | Fortune 0 | Tax 0
Board [Ks 3s 5h Th 4h]
Seat 1: Hero folded before Flop
Seat 2: 2f300a6c showed [Qh Jc] and lost with King high
Seat 3: 9b4b8fe folded before Flop
Seat 4: 456fe695 folded on the Turn
Seat 5: 42ccb310 (button) folded before Flop
Seat 6: b8af9690 (small blind) folded before Flop
Seat 7: c8c5621f (big blind) folded on the Turn
Seat 8: 297e5479 showed [Ah Qc] and won (1,904) with Ace high


Poker Hand #TM5618640267: Tournament #264779674, APL Series: ¥110 Zodiac Sunday Bounty + Rat Hold'em No Limit - Level3(50/100(12)) - 2026/02/22 16:01:36
Table '30' 8-max Seat #4 is the button
Seat 1: Hero (10,000 in chips)
Seat 2: 2f300a6c (10,000 in chips)
Seat 3: 9b4b8fe (9,863 in chips)
Seat 4: 456fe695 (7,493 in chips)
Seat 5: 42ccb310 (11,829 in chips)
Seat 6: b8af9690 (10,125 in chips)
Seat 7: c8c5621f (11,661 in chips)
Seat 8: 297e5479 (9,803 in chips)
c8c5621f: posts the ante 12
9b4b8fe: posts the ante 12
2f300a6c: posts the ante 12
Hero: posts the ante 12
42ccb310: posts the ante 12
297e5479: posts the ante 12
456fe695: posts the ante 12
b8af9690: posts the ante 12
42ccb310: posts small blind 50
b8af9690: posts big blind 100
*** HOLE CARDS ***
Dealt to Hero [Td 6d]
Dealt to 2f300a6c 
Dealt to 9b4b8fe 
Dealt to 456fe695 
Dealt to 42ccb310 
Dealt to b8af9690 
Dealt to c8c5621f 
Dealt to 297e5479 
c8c5621f: folds
297e5479: folds
Hero: folds
2f300a6c: folds
9b4b8fe: folds
456fe695: folds
42ccb310: raises 300 to 400
b8af9690: calls 300
*** FLOP *** [Th 2c As]
42ccb310: bets 496
b8af9690: folds
Uncalled bet (496) returned to 42ccb310
*** SHOWDOWN ***
42ccb310 collected 896 from pot
*** SUMMARY ***
Total pot 896 | Rake 0 | Jackpot 0 | Bingo 0 | Fortune 0 | Tax 0
Board [Th 2c As]
Seat 1: Hero folded before Flop
Seat 2: 2f300a6c folded before Flop
Seat 3: 9b4b8fe folded before Flop
Seat 4: 456fe695 (button) folded before Flop
Seat 5: 42ccb310 (small blind) won (896)
Seat 6: b8af9690 (big blind) folded on the Flop
Seat 7: c8c5621f folded before Flop
Seat 8: 297e5479 folded before Flop


