Poker Hand #TM5575537705: Tournament #262679494, Bounty Hunters Deepstack Turbo $10.80 Hold'em No Limit - Level16(1,250/2,500(350)) - 2026/02/12 00:29:59
Table '17' 8-max Seat #2 is the button
Seat 1: 2bf111a (59,010 in chips)
Seat 2: 56853896 (8,410 in chips)
Seat 3: 5d69faaf (206,298 in chips)
Seat 4: Hero (67,760 in chips)
Seat 5: cdc3e76a (53,428 in chips)
Seat 6: c79f8dc7 (64,371 in chips)
Seat 7: 509c5baa (122,154 in chips)
Seat 8: 1b01a50b (115,750 in chips)
2bf111a: posts the ante 350
cdc3e76a: posts the ante 350
Hero: posts the ante 350
1b01a50b: posts the ante 350
509c5baa: posts the ante 350
5d69faaf: posts the ante 350
c79f8dc7: posts the ante 350
56853896: posts the ante 350
5d69faaf: posts small blind 1,250
Hero: posts big blind 2,500
*** HOLE CARDS ***
Dealt to 2bf111a 
Dealt to 56853896 
Dealt to 5d69faaf 
Dealt to Hero [8s 6s]
Dealt to cdc3e76a 
Dealt to c79f8dc7 
Dealt to 509c5baa 
Dealt to 1b01a50b 
cdc3e76a: folds
c79f8dc7: folds
509c5baa: folds
1b01a50b: folds
2bf111a: folds
56853896: folds
5d69faaf: raises 5,000 to 7,500
Hero: calls 5,000
*** FLOP *** [9c Kh Ac]
5d69faaf: bets 4,450
Hero: calls 4,450
*** TURN *** [9c Kh Ac] [Kc]
5d69faaf: checks
Hero: bets 13,350
5d69faaf: calls 13,350
*** RIVER *** [9c Kh Ac Kc] [Ad]
5d69faaf: bets 180,648 and is all-in
Hero: calls 42,110 and is all-in
Uncalled bet (138,538) returned to 5d69faaf
5d69faaf: shows [3d As] (a full house, Aces full of Kings)
Hero: shows [8s 6s] (two pair, Aces and Kings)
*** SHOWDOWN ***
5d69faaf collected 137,620 from pot
*** SUMMARY ***
Total pot 137,620 | Rake 0 | Jackpot 0 | Bingo 0 | Fortune 0 | Tax 0
Board [9c Kh Ac Kc Ad]
Seat 1: 2bf111a folded before Flop
Seat 2: 56853896 (button) folded before Flop
Seat 3: 5d69faaf (small blind) showed [3d As] and won (137,620) with a full house, Aces full of Kings
Seat 4: Hero (big blind) showed [8s 6s] and lost with two pair, Aces and Kings
Seat 5: cdc3e76a folded before Flop
Seat 6: c79f8dc7 folded before Flop
Seat 7: 509c5baa folded before Flop
Seat 8: 1b01a50b folded before Flop


Poker Hand #TM5575537677: Tournament #262679494, Bounty Hunters Deepstack Turbo $10.80 Hold'em No Limit - Level16(1,250/2,500(350)) - 2026/02/12 00:28:39
Table '17' 8-max Seat #1 is the button
Seat 1: 2bf111a (27,830 in chips)
Seat 2: 56853896 (10,010 in chips)
Seat 3: 5d69faaf (234,128 in chips)
Seat 4: Hero (68,110 in chips)
Seat 5: cdc3e76a (53,778 in chips)
Seat 6: c79f8dc7 (64,721 in chips)
Seat 7: 509c5baa (122,504 in chips)
Seat 8: 1b01a50b (116,100 in chips)
2bf111a: posts the ante 350
cdc3e76a: posts the ante 350
Hero: posts the ante 350
1b01a50b: posts the ante 350
509c5baa: posts the ante 350
5d69faaf: posts the ante 350
c79f8dc7: posts the ante 350
56853896: posts the ante 350
56853896: posts small blind 1,250
5d69faaf: posts big blind 2,500
*** HOLE CARDS ***
Dealt to 2bf111a 
Dealt to 56853896 
Dealt to 5d69faaf 
Dealt to Hero [2h 8d]
Dealt to cdc3e76a 
Dealt to c79f8dc7 
Dealt to 509c5baa 
Dealt to 1b01a50b 
Hero: folds
cdc3e76a: folds
c79f8dc7: folds
509c5baa: folds
1b01a50b: folds
2bf111a: raises 24,980 to 27,480 and is all-in
56853896: folds
5d69faaf: calls 24,980
2bf111a: shows [3d Ad]
5d69faaf: shows [Js 7s]
*** FLOP *** [2c 4c 8c]
*** TURN *** [2c 4c 8c] [9c]
*** RIVER *** [2c 4c 8c 9c] [9h]
*** SHOWDOWN ***
2bf111a collected 59,010 from pot
*** SUMMARY ***
Total pot 59,010 | Rake 0 | Jackpot 0 | Bingo 0 | Fortune 0 | Tax 0
Board [2c 4c 8c 9c 9h]
Seat 1: 2bf111a (button) showed [3d Ad] and won (59,010) with a pair of Nines
Seat 2: 56853896 (small blind) folded before Flop
Seat 3: 5d69faaf (big blind) showed [Js 7s] and lost with a pair of Nines
Seat 4: Hero folded before Flop
Seat 5: cdc3e76a folded before Flop
Seat 6: c79f8dc7 folded before Flop
Seat 7: 509c5baa folded before Flop
Seat 8: 1b01a50b folded before Flop


Poker Hand #TM5575537662: Tournament #262679494, Bounty Hunters Deepstack Turbo $10.80 Hold'em No Limit - Level16(1,250/2,500(350)) - 2026/02/12 00:27:49
Table '17' 8-max Seat #8 is the button
Seat 1: 2bf111a (29,430 in chips)
Seat 2: 56853896 (12,860 in chips)
Seat 3: 5d69faaf (234,478 in chips)
Seat 4: Hero (61,910 in chips)
Seat 5: cdc3e76a (54,128 in chips)
Seat 6: c79f8dc7 (65,071 in chips)
Seat 7: 509c5baa (122,854 in chips)
Seat 8: 1b01a50b (116,450 in chips)
cdc3e76a: posts the ante 350
2bf111a: posts the ante 350
Hero: posts the ante 350
1b01a50b: posts the ante 350
509c5baa: posts the ante 350
5d69faaf: posts the ante 350
c79f8dc7: posts the ante 350
56853896: posts the ante 350
2bf111a: posts small blind 1,250
56853896: posts big blind 2,500
*** HOLE CARDS ***
Dealt to 2bf111a 
Dealt to 56853896 
Dealt to 5d69faaf 
Dealt to Hero [9d Ah]
Dealt to cdc3e76a 
Dealt to c79f8dc7 
Dealt to 509c5baa 
Dealt to 1b01a50b 
5d69faaf: folds
Hero: raises 2,500 to 5,000
cdc3e76a: folds
c79f8dc7: folds
509c5baa: folds
1b01a50b: folds
2bf111a: folds
56853896: folds
Uncalled bet (2,500) returned to Hero
*** SHOWDOWN ***
Hero collected 9,050 from pot
*** SUMMARY ***
Total pot 9,050 | Rake 0 | Jackpot 0 | Bingo 0 | Fortune 0 | Tax 0
Seat 1: 2bf111a (small blind) folded before Flop
Seat 2: 56853896 (big blind) folded before Flop
Seat 3: 5d69faaf folded before Flop
Seat 4: Hero collected (9,050)
Seat 5: cdc3e76a folded before Flop
Seat 6: c79f8dc7 folded before Flop
Seat 7: 509c5baa folded before Flop
Seat 8: 1b01a50b (button) folded before Flop


Poker Hand #TM5575537644: Tournament #262679494, Bounty Hunters Deepstack Turbo $10.80 Hold'em No Limit - Level16(1,250/2,500(350)) - 2026/02/12 00:27:05
Table '17' 8-max Seat #7 is the button
Seat 1: 2bf111a (25,730 in chips)
Seat 2: 56853896 (13,210 in chips)
Seat 3: 5d69faaf (234,828 in chips)
Seat 4: Hero (62,260 in chips)
Seat 5: cdc3e76a (54,478 in chips)
Seat 6: c79f8dc7 (65,421 in chips)
Seat 7: 509c5baa (123,204 in chips)
Seat 8: 1b01a50b (118,050 in chips)
cdc3e76a: posts the ante 350
2bf111a: posts the ante 350
Hero: posts the ante 350
509c5baa: posts the ante 350
1b01a50b: posts the ante 350
5d69faaf: posts the ante 350
c79f8dc7: posts the ante 350
56853896: posts the ante 350
1b01a50b: posts small blind 1,250
2bf111a: posts big blind 2,500
*** HOLE CARDS ***
Dealt to 2bf111a 
Dealt to 56853896 
Dealt to 5d69faaf 
Dealt to Hero [8c Qd]
Dealt to cdc3e76a 
Dealt to c79f8dc7 
Dealt to 509c5baa 
Dealt to 1b01a50b 
56853896: folds
5d69faaf: folds
Hero: folds
cdc3e76a: folds
c79f8dc7: folds
509c5baa: folds
1b01a50b: folds
Uncalled bet (1,250) returned to 2bf111a
*** SHOWDOWN ***
2bf111a collected 5,300 from pot
*** SUMMARY ***
Total pot 5,300 | Rake 0 | Jackpot 0 | Bingo 0 | Fortune 0 | Tax 0
Seat 1: 2bf111a (big blind) collected (5,300)
Seat 2: 56853896 folded before Flop
Seat 3: 5d69faaf folded before Flop
Seat 4: Hero folded before Flop
Seat 5: cdc3e76a folded before Flop
Seat 6: c79f8dc7 folded before Flop
Seat 7: 509c5baa (button) folded before Flop
Seat 8: 1b01a50b (small blind) folded before Flop


Poker Hand #TM5575537612: Tournament #262679494, Bounty Hunters Deepstack Turbo $10.80 Hold'em No Limit - Level16(1,250/2,500(350)) - 2026/02/12 00:25:43
Table '17' 8-max Seat #6 is the button
Seat 1: 2bf111a (9,940 in chips)
Seat 2: 56853896 (23,150 in chips)
Seat 3: 5d69faaf (235,178 in chips)
Seat 4: Hero (62,610 in chips)
Seat 5: cdc3e76a (54,828 in chips)
Seat 6: c79f8dc7 (65,771 in chips)
Seat 7: 509c5baa (124,804 in chips)
Seat 8: 1b01a50b (120,900 in chips)
cdc3e76a: posts the ante 350
2bf111a: posts the ante 350
Hero: posts the ante 350
1b01a50b: posts the ante 350
509c5baa: posts the ante 350
5d69faaf: posts the ante 350
c79f8dc7: posts the ante 350
56853896: posts the ante 350
509c5baa: posts small blind 1,250
1b01a50b: posts big blind 2,500
*** HOLE CARDS ***
Dealt to 2bf111a 
Dealt to 56853896 
Dealt to 5d69faaf 
Dealt to Hero [4s 2h]
Dealt to cdc3e76a 
Dealt to c79f8dc7 
Dealt to 509c5baa 
Dealt to 1b01a50b 
2bf111a: raises 7,090 to 9,590 and is all-in
56853896: raises 13,210 to 22,800 and is all-in
5d69faaf: folds
Hero: folds
cdc3e76a: folds
c79f8dc7: folds
509c5baa: folds
1b01a50b: folds
Uncalled bet (13,210) returned to 56853896
56853896: shows [Kh 7h]
2bf111a: shows [4d Ah]
*** FLOP *** [Ac 6c Jc]
*** TURN *** [Ac 6c Jc] [9c]
*** RIVER *** [Ac 6c Jc 9c] [5s]
*** SHOWDOWN ***
2bf111a collected 25,730 from pot
*** SUMMARY ***
Total pot 25,730 | Rake 0 | Jackpot 0 | Bingo 0 | Fortune 0 | Tax 0
Board [Ac 6c Jc 9c 5s]
Seat 1: 2bf111a showed [4d Ah] and won (25,730) with a pair of Aces
Seat 2: 56853896 showed [Kh 7h] and lost with Ace high
Seat 3: 5d69faaf folded before Flop
Seat 4: Hero folded before Flop
Seat 5: cdc3e76a folded before Flop
Seat 6: c79f8dc7 (button) folded before Flop
Seat 7: 509c5baa (small blind) folded before Flop
Seat 8: 1b01a50b (big blind) folded before Flop


Poker Hand #TM5575537560: Tournament #262679494, Bounty Hunters Deepstack Turbo $10.80 Hold'em No Limit - Level15(1,000/2,000(300)) - 2026/02/12 00:23:46
Table '17' 8-max Seat #5 is the button
Seat 1: 2bf111a (10,240 in chips)
Seat 2: 56853896 (23,450 in chips)
Seat 3: 5d69faaf (235,478 in chips)
Seat 4: Hero (62,910 in chips)
Seat 5: cdc3e76a (55,128 in chips)
Seat 6: c79f8dc7 (67,071 in chips)
Seat 7: 509c5baa (97,514 in chips)
Seat 8: 1b01a50b (145,390 in chips)
cdc3e76a: posts the ante 300
2bf111a: posts the ante 300
Hero: posts the ante 300
1b01a50b: posts the ante 300
509c5baa: posts the ante 300
5d69faaf: posts the ante 300
c79f8dc7: posts the ante 300
56853896: posts the ante 300
c79f8dc7: posts small blind 1,000
509c5baa: posts big blind 2,000
*** HOLE CARDS ***
Dealt to 2bf111a 
Dealt to 56853896 
Dealt to 5d69faaf 
Dealt to Hero [Jc 6h]
Dealt to cdc3e76a 
Dealt to c79f8dc7 
Dealt to 509c5baa 
Dealt to 1b01a50b 
1b01a50b: raises 2,000 to 4,000
2bf111a: folds
56853896: folds
5d69faaf: folds
Hero: folds
cdc3e76a: folds
c79f8dc7: folds
509c5baa: calls 2,000
*** FLOP *** [Ah 4s 4h]
509c5baa: checks
1b01a50b: bets 2,964
509c5baa: calls 2,964
*** TURN *** [Ah 4s 4h] [2c]
509c5baa: checks
1b01a50b: bets 6,932
509c5baa: raises 10,294 to 17,226
1b01a50b: calls 10,294
*** RIVER *** [Ah 4s 4h 2c] [Ts]
509c5baa: bets 25,890
1b01a50b: folds
Uncalled bet (25,890) returned to 509c5baa
*** SHOWDOWN ***
509c5baa collected 51,780 from pot
*** SUMMARY ***
Total pot 51,780 | Rake 0 | Jackpot 0 | Bingo 0 | Fortune 0 | Tax 0
Board [Ah 4s 4h 2c Ts]
Seat 1: 2bf111a folded before Flop
Seat 2: 56853896 folded before Flop
Seat 3: 5d69faaf folded before Flop
Seat 4: Hero folded before Flop
Seat 5: cdc3e76a (button) folded before Flop
Seat 6: c79f8dc7 (small blind) folded before Flop
Seat 7: 509c5baa (big blind) won (51,780)
Seat 8: 1b01a50b folded on the River


Poker Hand #TM5575537543: Tournament #262679494, Bounty Hunters Deepstack Turbo $10.80 Hold'em No Limit - Level15(1,000/2,000(300)) - 2026/02/12 00:23:04
Table '17' 8-max Seat #4 is the button
Seat 1: 2bf111a (10,540 in chips)
Seat 3: 5d69faaf (228,678 in chips)
Seat 4: Hero (63,210 in chips)
Seat 5: cdc3e76a (56,428 in chips)
Seat 6: c79f8dc7 (71,371 in chips)
Seat 7: 509c5baa (97,814 in chips)
Seat 8: 1b01a50b (145,690 in chips)
2bf111a: posts the ante 300
cdc3e76a: posts the ante 300
Hero: posts the ante 300
1b01a50b: posts the ante 300
509c5baa: posts the ante 300
5d69faaf: posts the ante 300
c79f8dc7: posts the ante 300
cdc3e76a: posts small blind 1,000
c79f8dc7: posts big blind 2,000
*** HOLE CARDS ***
Dealt to 2bf111a 
Dealt to 5d69faaf 
Dealt to Hero [7d Kh]
Dealt to cdc3e76a 
Dealt to c79f8dc7 
Dealt to 509c5baa 
Dealt to 1b01a50b 
509c5baa: folds
1b01a50b: folds
2bf111a: folds
5d69faaf: raises 2,000 to 4,000
Hero: folds
cdc3e76a: folds
c79f8dc7: calls 2,000
*** FLOP *** [6d 5c Ac]
c79f8dc7: checks
5d69faaf: bets 3,330
c79f8dc7: folds
Uncalled bet (3,330) returned to 5d69faaf
*** SHOWDOWN ***
5d69faaf collected 11,100 from pot
*** SUMMARY ***
Total pot 11,100 | Rake 0 | Jackpot 0 | Bingo 0 | Fortune 0 | Tax 0
Board [6d 5c Ac]
Seat 1: 2bf111a folded before Flop
Seat 3: 5d69faaf won (11,100)
Seat 4: Hero (button) folded before Flop
Seat 5: cdc3e76a (small blind) folded before Flop
Seat 6: c79f8dc7 (big blind) folded on the Flop
Seat 7: 509c5baa folded before Flop
Seat 8: 1b01a50b folded before Flop


Poker Hand #TM5575537523: Tournament #262679494, Bounty Hunters Deepstack Turbo $10.80 Hold'em No Limit - Level15(1,000/2,000(300)) - 2026/02/12 00:22:08
Table '17' 8-max Seat #3 is the button
Seat 1: 2bf111a (10,840 in chips)
Seat 2: aaca67d0 (41,580 in chips)
Seat 3: 5d69faaf (228,978 in chips)
Seat 4: Hero (64,510 in chips)
Seat 5: cdc3e76a (58,728 in chips)
Seat 6: c79f8dc7 (71,671 in chips)
Seat 7: 509c5baa (98,114 in chips)
Seat 8: 1b01a50b (99,310 in chips)
aaca67d0: posts the ante 300
2bf111a: posts the ante 300
cdc3e76a: posts the ante 300
Hero: posts the ante 300
1b01a50b: posts the ante 300
509c5baa: posts the ante 300
5d69faaf: posts the ante 300
c79f8dc7: posts the ante 300
Hero: posts small blind 1,000
cdc3e76a: posts big blind 2,000
*** HOLE CARDS ***
Dealt to 2bf111a 
Dealt to aaca67d0 
Dealt to 5d69faaf 
Dealt to Hero [Qs Jh]
Dealt to cdc3e76a 
Dealt to c79f8dc7 
Dealt to 509c5baa 
Dealt to 1b01a50b 
c79f8dc7: folds
509c5baa: folds
1b01a50b: raises 2,000 to 4,000
2bf111a: folds
aaca67d0: raises 13,400 to 17,400
5d69faaf: folds
Hero: folds
cdc3e76a: folds
1b01a50b: raises 81,610 to 99,010 and is all-in
aaca67d0: calls 23,880 and is all-in
Uncalled bet (57,730) returned to 1b01a50b
1b01a50b: shows [As Ac]
aaca67d0: shows [Ah Qh]
*** FLOP *** [9d 6d 7s]
*** TURN *** [9d 6d 7s] [Th]
*** RIVER *** [9d 6d 7s Th] [9s]
*** SHOWDOWN ***
1b01a50b collected 87,960 from pot
*** SUMMARY ***
Total pot 87,960 | Rake 0 | Jackpot 0 | Bingo 0 | Fortune 0 | Tax 0
Board [9d 6d 7s Th 9s]
Seat 1: 2bf111a folded before Flop
Seat 2: aaca67d0 showed [Ah Qh] and lost with a pair of Nines
Seat 3: 5d69faaf (button) folded before Flop
Seat 4: Hero (small blind) folded before Flop
Seat 5: cdc3e76a (big blind) folded before Flop
Seat 6: c79f8dc7 folded before Flop
Seat 7: 509c5baa folded before Flop
Seat 8: 1b01a50b showed [As Ac] and won (87,960) with two pair, Aces and Nines


Poker Hand #TM5575537503: Tournament #262679494, Bounty Hunters Deepstack Turbo $10.80 Hold'em No Limit - Level15(1,000/2,000(300)) - 2026/02/12 00:21:18
Table '17' 8-max Seat #2 is the button
Seat 1: 2bf111a (11,140 in chips)
Seat 2: aaca67d0 (36,780 in chips)
Seat 3: 5d69faaf (230,278 in chips)
Seat 4: Hero (66,810 in chips)
Seat 5: cdc3e76a (59,028 in chips)
Seat 6: c79f8dc7 (71,971 in chips)
Seat 8: 1b01a50b (99,610 in chips)
aaca67d0: posts the ante 300
2bf111a: posts the ante 300
cdc3e76a: posts the ante 300
Hero: posts the ante 300
1b01a50b: posts the ante 300
5d69faaf: posts the ante 300
c79f8dc7: posts the ante 300
5d69faaf: posts small blind 1,000
Hero: posts big blind 2,000
*** HOLE CARDS ***
Dealt to 2bf111a 
Dealt to aaca67d0 
Dealt to 5d69faaf 
Dealt to Hero [Kc 2d]
Dealt to cdc3e76a 
Dealt to c79f8dc7 
Dealt to 1b01a50b 
cdc3e76a: folds
c79f8dc7: folds
1b01a50b: folds
2bf111a: folds
aaca67d0: raises 34,480 to 36,480 and is all-in
5d69faaf: folds
Hero: folds
Uncalled bet (34,480) returned to aaca67d0
*** SHOWDOWN ***
aaca67d0 collected 7,100 from pot
*** SUMMARY ***
Total pot 7,100 | Rake 0 | Jackpot 0 | Bingo 0 | Fortune 0 | Tax 0
Seat 1: 2bf111a folded before Flop
Seat 2: aaca67d0 (button) collected (7,100)
Seat 3: 5d69faaf (small blind) folded before Flop
Seat 4: Hero (big blind) folded before Flop
Seat 5: cdc3e76a folded before Flop
Seat 6: c79f8dc7 folded before Flop
Seat 8: 1b01a50b folded before Flop


Poker Hand #TM5575537489: Tournament #262679494, Bounty Hunters Deepstack Turbo $10.80 Hold'em No Limit - Level15(1,000/2,000(300)) - 2026/02/12 00:20:35
Table '17' 8-max Seat #1 is the button
Seat 1: 2bf111a (2,880 in chips)
Seat 2: aaca67d0 (38,080 in chips)
Seat 3: 5d69faaf (219,185 in chips)
Seat 4: Hero (67,110 in chips)
Seat 5: cdc3e76a (59,328 in chips)
Seat 6: c79f8dc7 (72,271 in chips)
Seat 7: b5b3c711 (16,853 in chips)
Seat 8: 1b01a50b (99,910 in chips)
2bf111a: posts the ante 300
cdc3e76a: posts the ante 300
aaca67d0: posts the ante 300
Hero: posts the ante 300
1b01a50b: posts the ante 300
b5b3c711: posts the ante 300
5d69faaf: posts the ante 300
c79f8dc7: posts the ante 300
aaca67d0: posts small blind 1,000
5d69faaf: posts big blind 2,000
*** HOLE CARDS ***
Dealt to 2bf111a 
Dealt to aaca67d0 
Dealt to 5d69faaf 
Dealt to Hero [3d Qs]
Dealt to cdc3e76a 
Dealt to c79f8dc7 
Dealt to b5b3c711 
Dealt to 1b01a50b 
Hero: folds
cdc3e76a: folds
c79f8dc7: folds
b5b3c711: raises 14,553 to 16,553 and is all-in
1b01a50b: folds
2bf111a: calls 2,580 and is all-in
aaca67d0: folds
5d69faaf: calls 14,553
b5b3c711: shows [Kh 9c]
2bf111a: shows [9d 8h]
5d69faaf: shows [9h 2h]
*** FLOP *** [2c Tc 7c]
*** TURN *** [2c Tc 7c] [Ah]
*** RIVER *** [2c Tc 7c Ah] [Jh]
*** SHOWDOWN ***
2bf111a collected 11,140 from pot
5d69faaf collected 27,946 from pot
*** SUMMARY ***
Total pot 39,086 | Rake 0 | Jackpot 0 | Bingo 0 | Fortune 0 | Tax 0
Board [2c Tc 7c Ah Jh]
Seat 1: 2bf111a (button) showed [9d 8h] and won (11,140) with a straight, Jack to Seven
Seat 2: aaca67d0 (small blind) folded before Flop
Seat 3: 5d69faaf (big blind) showed [9h 2h] and won (27,946) with a pair of Twos
Seat 4: Hero folded before Flop
Seat 5: cdc3e76a folded before Flop
Seat 6: c79f8dc7 folded before Flop
Seat 7: b5b3c711 showed [Kh 9c] and lost with Ace high
Seat 8: 1b01a50b folded before Flop


Poker Hand #TM5575537468: Tournament #262679494, Bounty Hunters Deepstack Turbo $10.80 Hold'em No Limit - Level14(750/1,500(200)) - 2026/02/12 00:19:43
Table '17' 8-max Seat #8 is the button
Seat 1: 2bf111a (21,320 in chips)
Seat 2: aaca67d0 (18,440 in chips)
Seat 3: 5d69faaf (219,385 in chips)
Seat 4: Hero (67,310 in chips)
Seat 5: cdc3e76a (59,528 in chips)
Seat 6: c79f8dc7 (72,471 in chips)
Seat 7: b5b3c711 (17,053 in chips)
Seat 8: 1b01a50b (100,110 in chips)
cdc3e76a: posts the ante 200
aaca67d0: posts the ante 200
2bf111a: posts the ante 200
Hero: posts the ante 200
1b01a50b: posts the ante 200
b5b3c711: posts the ante 200
5d69faaf: posts the ante 200
c79f8dc7: posts the ante 200
2bf111a: posts small blind 750
aaca67d0: posts big blind 1,500
*** HOLE CARDS ***
Dealt to 2bf111a 
Dealt to aaca67d0 
Dealt to 5d69faaf 
Dealt to Hero [8c 7s]
Dealt to cdc3e76a 
Dealt to c79f8dc7 
Dealt to b5b3c711 
Dealt to 1b01a50b 
5d69faaf: folds
Hero: folds
cdc3e76a: folds
c79f8dc7: folds
b5b3c711: folds
1b01a50b: folds
2bf111a: raises 19,620 to 21,120 and is all-in
aaca67d0: calls 16,740 and is all-in
Uncalled bet (2,880) returned to 2bf111a
2bf111a: shows [Kd 5s]
aaca67d0: shows [5c Ah]
*** FLOP *** [9s Jd 5h]
*** TURN *** [9s Jd 5h] [Jc]
*** RIVER *** [9s Jd 5h Jc] [Qc]
*** SHOWDOWN ***
aaca67d0 collected 38,080 from pot
*** SUMMARY ***
Total pot 38,080 | Rake 0 | Jackpot 0 | Bingo 0 | Fortune 0 | Tax 0
Board [9s Jd 5h Jc Qc]
Seat 1: 2bf111a (small blind) showed [Kd 5s] and lost with two pair, Jacks and Fives
Seat 2: aaca67d0 (big blind) showed [5c Ah] and won (38,080) with two pair, Jacks and Fives
Seat 3: 5d69faaf folded before Flop
Seat 4: Hero folded before Flop
Seat 5: cdc3e76a folded before Flop
Seat 6: c79f8dc7 folded before Flop
Seat 7: b5b3c711 folded before Flop
Seat 8: 1b01a50b (button) folded before Flop


Poker Hand #TM5575537445: Tournament #262679494, Bounty Hunters Deepstack Turbo $10.80 Hold'em No Limit - Level14(750/1,500(200)) - 2026/02/12 00:18:43
Table '17' 8-max Seat #7 is the button
Seat 1: 2bf111a (23,020 in chips)
Seat 2: aaca67d0 (7,495 in chips)
Seat 3: 5d69faaf (219,585 in chips)
Seat 4: Hero (67,510 in chips)
Seat 5: cdc3e76a (59,728 in chips)
Seat 6: c79f8dc7 (72,671 in chips)
Seat 7: b5b3c711 (24,548 in chips)
Seat 8: 1b01a50b (101,060 in chips)
cdc3e76a: posts the ante 200
aaca67d0: posts the ante 200
2bf111a: posts the ante 200
Hero: posts the ante 200
b5b3c711: posts the ante 200
1b01a50b: posts the ante 200
5d69faaf: posts the ante 200
c79f8dc7: posts the ante 200
1b01a50b: posts small blind 750
2bf111a: posts big blind 1,500
*** HOLE CARDS ***
Dealt to 2bf111a 
Dealt to aaca67d0 
Dealt to 5d69faaf 
Dealt to Hero [4h 8h]
Dealt to cdc3e76a 
Dealt to c79f8dc7 
Dealt to b5b3c711 
Dealt to 1b01a50b 
aaca67d0: raises 5,795 to 7,295 and is all-in
5d69faaf: folds
Hero: folds
cdc3e76a: folds
c79f8dc7: folds
b5b3c711: raises 17,053 to 24,348 and is all-in
1b01a50b: folds
2bf111a: folds
Uncalled bet (17,053) returned to b5b3c711
b5b3c711: shows [Th Kh]
aaca67d0: shows [9h Jh]
*** FLOP *** [7c Ac 8d]
*** TURN *** [7c Ac 8d] [Js]
*** RIVER *** [7c Ac 8d Js] [3s]
*** SHOWDOWN ***
aaca67d0 collected 18,440 from pot
*** SUMMARY ***
Total pot 18,440 | Rake 0 | Jackpot 0 | Bingo 0 | Fortune 0 | Tax 0
Board [7c Ac 8d Js 3s]
Seat 1: 2bf111a (big blind) folded before Flop
Seat 2: aaca67d0 showed [9h Jh] and won (18,440) with a pair of Jacks
Seat 3: 5d69faaf folded before Flop
Seat 4: Hero folded before Flop
Seat 5: cdc3e76a folded before Flop
Seat 6: c79f8dc7 folded before Flop
Seat 7: b5b3c711 (button) showed [Th Kh] and lost with Ace high
Seat 8: 1b01a50b (small blind) folded before Flop


Poker Hand #TM5575537411: Tournament #262679494, Bounty Hunters Deepstack Turbo $10.80 Hold'em No Limit - Level14(750/1,500(200)) - 2026/02/12 00:17:15
Table '17' 8-max Seat #6 is the button
Seat 1: 2bf111a (23,220 in chips)
Seat 2: aaca67d0 (7,695 in chips)
Seat 3: 5d69faaf (209,980 in chips)
Seat 4: Hero (67,710 in chips)
Seat 5: cdc3e76a (59,928 in chips)
Seat 6: c79f8dc7 (78,826 in chips)
Seat 7: b5b3c711 (25,498 in chips)
Seat 8: 1b01a50b (102,760 in chips)
cdc3e76a: posts the ante 200
aaca67d0: posts the ante 200
2bf111a: posts the ante 200
Hero: posts the ante 200
1b01a50b: posts the ante 200
b5b3c711: posts the ante 200
5d69faaf: posts the ante 200
c79f8dc7: posts the ante 200
b5b3c711: posts small blind 750
1b01a50b: posts big blind 1,500
*** HOLE CARDS ***
Dealt to 2bf111a 
Dealt to aaca67d0 
Dealt to 5d69faaf 
Dealt to Hero [3s 6d]
Dealt to cdc3e76a 
Dealt to c79f8dc7 
Dealt to b5b3c711 
Dealt to 1b01a50b 
2bf111a: folds
aaca67d0: folds
5d69faaf: raises 1,500 to 3,000
Hero: folds
cdc3e76a: folds
c79f8dc7: calls 3,000
b5b3c711: folds
1b01a50b: folds
*** FLOP *** [2c 8h Th]
5d69faaf: bets 2,955
c79f8dc7: calls 2,955
*** TURN *** [2c 8h Th] [4c]
5d69faaf: bets 18,000
c79f8dc7: folds
Uncalled bet (18,000) returned to 5d69faaf
*** SHOWDOWN ***
5d69faaf collected 15,760 from pot
*** SUMMARY ***
Total pot 15,760 | Rake 0 | Jackpot 0 | Bingo 0 | Fortune 0 | Tax 0
Board [2c 8h Th 4c]
Seat 1: 2bf111a folded before Flop
Seat 2: aaca67d0 folded before Flop
Seat 3: 5d69faaf won (15,760)
Seat 4: Hero folded before Flop
Seat 5: cdc3e76a folded before Flop
Seat 6: c79f8dc7 (button) folded on the Turn
Seat 7: b5b3c711 (small blind) folded before Flop
Seat 8: 1b01a50b (big blind) folded before Flop


Poker Hand #TM5575537390: Tournament #262679494, Bounty Hunters Deepstack Turbo $10.80 Hold'em No Limit - Level14(750/1,500(200)) - 2026/02/12 00:16:26
Table '17' 8-max Seat #5 is the button
Seat 1: 2bf111a (23,420 in chips)
Seat 2: aaca67d0 (7,895 in chips)
Seat 3: 5d69faaf (210,180 in chips)
Seat 4: Hero (67,910 in chips)
Seat 5: cdc3e76a (52,528 in chips)
Seat 6: c79f8dc7 (82,026 in chips)
Seat 7: b5b3c711 (28,698 in chips)
Seat 8: 1b01a50b (102,960 in chips)
cdc3e76a: posts the ante 200
aaca67d0: posts the ante 200
2bf111a: posts the ante 200
Hero: posts the ante 200
1b01a50b: posts the ante 200
b5b3c711: posts the ante 200
5d69faaf: posts the ante 200
c79f8dc7: posts the ante 200
c79f8dc7: posts small blind 750
b5b3c711: posts big blind 1,500
*** HOLE CARDS ***
Dealt to 2bf111a 
Dealt to aaca67d0 
Dealt to 5d69faaf 
Dealt to Hero [6d Ts]
Dealt to cdc3e76a 
Dealt to c79f8dc7 
Dealt to b5b3c711 
Dealt to 1b01a50b 
1b01a50b: folds
2bf111a: folds
aaca67d0: folds
5d69faaf: folds
Hero: folds
cdc3e76a: raises 1,500 to 3,000
c79f8dc7: calls 2,250
b5b3c711: calls 1,500
*** FLOP *** [Th 3s 4d]
c79f8dc7: checks
b5b3c711: checks
cdc3e76a: bets 4,664
c79f8dc7: folds
b5b3c711: folds
Uncalled bet (4,664) returned to cdc3e76a
*** SHOWDOWN ***
cdc3e76a collected 10,600 from pot
*** SUMMARY ***
Total pot 10,600 | Rake 0 | Jackpot 0 | Bingo 0 | Fortune 0 | Tax 0
Board [Th 3s 4d]
Seat 1: 2bf111a folded before Flop
Seat 2: aaca67d0 folded before Flop
Seat 3: 5d69faaf folded before Flop
Seat 4: Hero folded before Flop
Seat 5: cdc3e76a (button) won (10,600)
Seat 6: c79f8dc7 (small blind) folded on the Flop
Seat 7: b5b3c711 (big blind) folded on the Flop
Seat 8: 1b01a50b folded before Flop


Poker Hand #TM5575537379: Tournament #262679494, Bounty Hunters Deepstack Turbo $10.80 Hold'em No Limit - Level14(750/1,500(200)) - 2026/02/12 00:16:01
Table '17' 8-max Seat #4 is the button
Seat 1: 2bf111a (19,770 in chips)
Seat 2: aaca67d0 (8,095 in chips)
Seat 3: 5d69faaf (210,380 in chips)
Seat 4: Hero (68,110 in chips)
Seat 5: cdc3e76a (53,478 in chips)
Seat 6: c79f8dc7 (83,726 in chips)
Seat 7: b5b3c711 (28,898 in chips)
Seat 8: 1b01a50b (103,160 in chips)
aaca67d0: posts the ante 200
2bf111a: posts the ante 200
cdc3e76a: posts the ante 200
Hero: posts the ante 200
1b01a50b: posts the ante 200
b5b3c711: posts the ante 200
5d69faaf: posts the ante 200
c79f8dc7: posts the ante 200
cdc3e76a: posts small blind 750
c79f8dc7: posts big blind 1,500
*** HOLE CARDS ***
Dealt to 2bf111a 
Dealt to aaca67d0 
Dealt to 5d69faaf 
Dealt to Hero [2c 2h]
Dealt to cdc3e76a 
Dealt to c79f8dc7 
Dealt to b5b3c711 
Dealt to 1b01a50b 
b5b3c711: folds
1b01a50b: folds
2bf111a: raises 18,070 to 19,570 and is all-in
aaca67d0: folds
5d69faaf: folds
Hero: folds
cdc3e76a: folds
c79f8dc7: folds
Uncalled bet (18,070) returned to 2bf111a
*** SHOWDOWN ***
2bf111a collected 5,350 from pot
*** SUMMARY ***
Total pot 5,350 | Rake 0 | Jackpot 0 | Bingo 0 | Fortune 0 | Tax 0
Seat 1: 2bf111a collected (5,350)
Seat 2: aaca67d0 folded before Flop
Seat 3: 5d69faaf folded before Flop
Seat 4: Hero (button) folded before Flop
Seat 5: cdc3e76a (small blind) folded before Flop
Seat 6: c79f8dc7 (big blind) folded before Flop
Seat 7: b5b3c711 folded before Flop
Seat 8: 1b01a50b folded before Flop


Poker Hand #TM5575537367: Tournament #262679494, Bounty Hunters Deepstack Turbo $10.80 Hold'em No Limit - Level14(750/1,500(200)) - 2026/02/12 00:15:30
Table '17' 8-max Seat #3 is the button
Seat 1: 2bf111a (19,970 in chips)
Seat 2: aaca67d0 (8,295 in chips)
Seat 3: 5d69faaf (206,730 in chips)
Seat 4: Hero (69,060 in chips)
Seat 5: cdc3e76a (55,178 in chips)
Seat 6: c79f8dc7 (83,926 in chips)
Seat 7: b5b3c711 (29,098 in chips)
Seat 8: 1b01a50b (103,360 in chips)
aaca67d0: posts the ante 200
2bf111a: posts the ante 200
cdc3e76a: posts the ante 200
Hero: posts the ante 200
1b01a50b: posts the ante 200
b5b3c711: posts the ante 200
5d69faaf: posts the ante 200
c79f8dc7: posts the ante 200
Hero: posts small blind 750
cdc3e76a: posts big blind 1,500
*** HOLE CARDS ***
Dealt to 2bf111a 
Dealt to aaca67d0 
Dealt to 5d69faaf 
Dealt to Hero [5d Qh]
Dealt to cdc3e76a 
Dealt to c79f8dc7 
Dealt to b5b3c711 
Dealt to 1b01a50b 
c79f8dc7: folds
b5b3c711: folds
1b01a50b: folds
2bf111a: folds
aaca67d0: folds
5d69faaf: raises 1,500 to 3,000
Hero: folds
cdc3e76a: folds
Uncalled bet (1,500) returned to 5d69faaf
*** SHOWDOWN ***
5d69faaf collected 5,350 from pot
*** SUMMARY ***
Total pot 5,350 | Rake 0 | Jackpot 0 | Bingo 0 | Fortune 0 | Tax 0
Seat 1: 2bf111a folded before Flop
Seat 2: aaca67d0 folded before Flop
Seat 3: 5d69faaf (button) collected (5,350)
Seat 4: Hero (small blind) folded before Flop
Seat 5: cdc3e76a (big blind) folded before Flop
Seat 6: c79f8dc7 folded before Flop
Seat 7: b5b3c711 folded before Flop
Seat 8: 1b01a50b folded before Flop


Poker Hand #TM5575537348: Tournament #262679494, Bounty Hunters Deepstack Turbo $10.80 Hold'em No Limit - Level14(750/1,500(200)) - 2026/02/12 00:14:38
Table '17' 8-max Seat #2 is the button
Seat 1: 2bf111a (20,170 in chips)
Seat 2: aaca67d0 (8,495 in chips)
Seat 3: 5d69faaf (207,680 in chips)
Seat 4: Hero (72,260 in chips)
Seat 5: cdc3e76a (55,378 in chips)
Seat 6: c79f8dc7 (84,126 in chips)
Seat 7: b5b3c711 (29,298 in chips)
Seat 8: 1b01a50b (98,210 in chips)
aaca67d0: posts the ante 200
2bf111a: posts the ante 200
cdc3e76a: posts the ante 200
Hero: posts the ante 200
1b01a50b: posts the ante 200
b5b3c711: posts the ante 200
5d69faaf: posts the ante 200
c79f8dc7: posts the ante 200
5d69faaf: posts small blind 750
Hero: posts big blind 1,500
*** HOLE CARDS ***
Dealt to 2bf111a 
Dealt to aaca67d0 
Dealt to 5d69faaf 
Dealt to Hero [Ks 9s]
Dealt to cdc3e76a 
Dealt to c79f8dc7 
Dealt to b5b3c711 
Dealt to 1b01a50b 
cdc3e76a: folds
c79f8dc7: folds
b5b3c711: folds
1b01a50b: raises 1,500 to 3,000
2bf111a: folds
aaca67d0: folds
5d69faaf: folds
Hero: calls 1,500
*** FLOP *** [Tc 8h 8s]
Hero: checks
1b01a50b: bets 2,171
Hero: folds
Uncalled bet (2,171) returned to 1b01a50b
*** SHOWDOWN ***
1b01a50b collected 8,350 from pot
*** SUMMARY ***
Total pot 8,350 | Rake 0 | Jackpot 0 | Bingo 0 | Fortune 0 | Tax 0
Board [Tc 8h 8s]
Seat 1: 2bf111a folded before Flop
Seat 2: aaca67d0 (button) folded before Flop
Seat 3: 5d69faaf (small blind) folded before Flop
Seat 4: Hero (big blind) folded on the Flop
Seat 5: cdc3e76a folded before Flop
Seat 6: c79f8dc7 folded before Flop
Seat 7: b5b3c711 folded before Flop
Seat 8: 1b01a50b won (8,350)


Poker Hand #TM5575537332: Tournament #262679494, Bounty Hunters Deepstack Turbo $10.80 Hold'em No Limit - Level14(750/1,500(200)) - 2026/02/12 00:14:04
Table '17' 8-max Seat #1 is the button
Seat 1: 2bf111a (20,370 in chips)
Seat 2: aaca67d0 (9,445 in chips)
Seat 3: 5d69faaf (209,380 in chips)
Seat 4: Hero (72,460 in chips)
Seat 5: cdc3e76a (44,394 in chips)
Seat 6: c79f8dc7 (91,660 in chips)
Seat 7: b5b3c711 (29,498 in chips)
Seat 8: 1b01a50b (98,410 in chips)
2bf111a: posts the ante 200
cdc3e76a: posts the ante 200
aaca67d0: posts the ante 200
Hero: posts the ante 200
1b01a50b: posts the ante 200
b5b3c711: posts the ante 200
5d69faaf: posts the ante 200
c79f8dc7: posts the ante 200
aaca67d0: posts small blind 750
5d69faaf: posts big blind 1,500
*** HOLE CARDS ***
Dealt to 2bf111a 
Dealt to aaca67d0 
Dealt to 5d69faaf 
Dealt to Hero [6h Qd]
Dealt to cdc3e76a 
Dealt to c79f8dc7 
Dealt to b5b3c711 
Dealt to 1b01a50b 
Hero: folds
cdc3e76a: raises 1,500 to 3,000
c79f8dc7: calls 3,000
b5b3c711: folds
1b01a50b: folds
2bf111a: folds
aaca67d0: folds
5d69faaf: folds
*** FLOP *** [4d 6s 6d]
cdc3e76a: bets 4,334
c79f8dc7: calls 4,334
*** TURN *** [4d 6s 6d] [5c]
cdc3e76a: bets 8,148
c79f8dc7: folds
Uncalled bet (8,148) returned to cdc3e76a
*** SHOWDOWN ***
cdc3e76a collected 18,518 from pot
*** SUMMARY ***
Total pot 18,518 | Rake 0 | Jackpot 0 | Bingo 0 | Fortune 0 | Tax 0
Board [4d 6s 6d 5c]
Seat 1: 2bf111a (button) folded before Flop
Seat 2: aaca67d0 (small blind) folded before Flop
Seat 3: 5d69faaf (big blind) folded before Flop
Seat 4: Hero folded before Flop
Seat 5: cdc3e76a won (18,518)
Seat 6: c79f8dc7 folded on the Turn
Seat 7: b5b3c711 folded before Flop
Seat 8: 1b01a50b folded before Flop


Poker Hand #TM5575537303: Tournament #262679494, Bounty Hunters Deepstack Turbo $10.80 Hold'em No Limit - Level14(750/1,500(200)) - 2026/02/12 00:12:56
Table '17' 8-max Seat #8 is the button
Seat 1: 2bf111a (21,320 in chips)
Seat 2: aaca67d0 (54,300 in chips)
Seat 3: 5d69faaf (209,580 in chips)
Seat 4: Hero (72,660 in chips)
Seat 5: cdc3e76a (44,594 in chips)
Seat 6: c79f8dc7 (44,855 in chips)
Seat 7: b5b3c711 (29,698 in chips)
Seat 8: 1b01a50b (98,610 in chips)
cdc3e76a: posts the ante 200
aaca67d0: posts the ante 200
2bf111a: posts the ante 200
Hero: posts the ante 200
1b01a50b: posts the ante 200
b5b3c711: posts the ante 200
5d69faaf: posts the ante 200
c79f8dc7: posts the ante 200
2bf111a: posts small blind 750
aaca67d0: posts big blind 1,500
*** HOLE CARDS ***
Dealt to 2bf111a 
Dealt to aaca67d0 
Dealt to 5d69faaf 
Dealt to Hero [2h 6c]
Dealt to cdc3e76a 
Dealt to c79f8dc7 
Dealt to b5b3c711 
Dealt to 1b01a50b 
5d69faaf: folds
Hero: folds
cdc3e76a: folds
c79f8dc7: raises 3,000 to 4,500
b5b3c711: folds
1b01a50b: folds
2bf111a: folds
aaca67d0: raises 11,350 to 15,850
c79f8dc7: raises 28,805 to 44,655 and is all-in
aaca67d0: calls 28,805
c79f8dc7: shows [As Ad]
aaca67d0: shows [Qd Qc]
*** FLOP *** [8d Ah 7h]
*** TURN *** [8d Ah 7h] [5h]
*** RIVER *** [8d Ah 7h 5h] [Jd]
b5b3c711: shows [Ts 9s] (a straight, Jack to Seven)
*** SHOWDOWN ***
c79f8dc7 collected 91,660 from pot
*** SUMMARY ***
Total pot 91,660 | Rake 0 | Jackpot 0 | Bingo 0 | Fortune 0 | Tax 0
Board [8d Ah 7h 5h Jd]
Seat 1: 2bf111a (small blind) folded before Flop
Seat 2: aaca67d0 (big blind) showed [Qd Qc] and lost with a pair of Queens
Seat 3: 5d69faaf folded before Flop
Seat 4: Hero folded before Flop
Seat 5: cdc3e76a folded before Flop
Seat 6: c79f8dc7 showed [As Ad] and won (91,660) with three of a kind, Aces
Seat 7: b5b3c711 folded before Flop
Seat 8: 1b01a50b (button) folded before Flop


Poker Hand #TM5575537285: Tournament #262679494, Bounty Hunters Deepstack Turbo $10.80 Hold'em No Limit - Level13(600/1,200(180)) - 2026/02/12 00:12:10
Table '17' 8-max Seat #7 is the button
Seat 1: 2bf111a (22,700 in chips)
Seat 2: aaca67d0 (54,480 in chips)
Seat 3: 5d69faaf (209,760 in chips)
Seat 4: Hero (72,840 in chips)
Seat 5: cdc3e76a (44,774 in chips)
Seat 6: c79f8dc7 (41,795 in chips)
Seat 7: b5b3c711 (29,878 in chips)
Seat 8: 1b01a50b (99,390 in chips)
cdc3e76a: posts the ante 180
aaca67d0: posts the ante 180
2bf111a: posts the ante 180
Hero: posts the ante 180
b5b3c711: posts the ante 180
1b01a50b: posts the ante 180
5d69faaf: posts the ante 180
c79f8dc7: posts the ante 180
1b01a50b: posts small blind 600
2bf111a: posts big blind 1,200
*** HOLE CARDS ***
Dealt to 2bf111a 
Dealt to aaca67d0 
Dealt to 5d69faaf 
Dealt to Hero [9s Kc]
Dealt to cdc3e76a 
Dealt to c79f8dc7 
Dealt to b5b3c711 
Dealt to 1b01a50b 
aaca67d0: folds
5d69faaf: folds
Hero: folds
cdc3e76a: folds
c79f8dc7: raises 1,200 to 2,400
b5b3c711: folds
1b01a50b: folds
2bf111a: folds
Uncalled bet (1,200) returned to c79f8dc7
*** SHOWDOWN ***
c79f8dc7 collected 4,440 from pot
*** SUMMARY ***
Total pot 4,440 | Rake 0 | Jackpot 0 | Bingo 0 | Fortune 0 | Tax 0
Seat 1: 2bf111a (big blind) folded before Flop
Seat 2: aaca67d0 folded before Flop
Seat 3: 5d69faaf folded before Flop
Seat 4: Hero folded before Flop
Seat 5: cdc3e76a folded before Flop
Seat 6: c79f8dc7 collected (4,440)
Seat 7: b5b3c711 (button) folded before Flop
Seat 8: 1b01a50b (small blind) folded before Flop


Poker Hand #TM5575537267: Tournament #262679494, Bounty Hunters Deepstack Turbo $10.80 Hold'em No Limit - Level13(600/1,200(180)) - 2026/02/12 00:11:34
Table '17' 8-max Seat #6 is the button
Seat 1: 2bf111a (19,640 in chips)
Seat 2: aaca67d0 (54,660 in chips)
Seat 3: 5d69faaf (209,940 in chips)
Seat 4: Hero (73,020 in chips)
Seat 5: cdc3e76a (44,954 in chips)
Seat 6: c79f8dc7 (41,975 in chips)
Seat 7: b5b3c711 (30,658 in chips)
Seat 8: 1b01a50b (100,770 in chips)
cdc3e76a: posts the ante 180
aaca67d0: posts the ante 180
2bf111a: posts the ante 180
Hero: posts the ante 180
1b01a50b: posts the ante 180
b5b3c711: posts the ante 180
5d69faaf: posts the ante 180
c79f8dc7: posts the ante 180
b5b3c711: posts small blind 600
1b01a50b: posts big blind 1,200
*** HOLE CARDS ***
Dealt to 2bf111a 
Dealt to aaca67d0 
Dealt to 5d69faaf 
Dealt to Hero [Jd 9s]
Dealt to cdc3e76a 
Dealt to c79f8dc7 
Dealt to b5b3c711 
Dealt to 1b01a50b 
2bf111a: raises 18,260 to 19,460 and is all-in
aaca67d0: folds
5d69faaf: folds
Hero: folds
cdc3e76a: folds
c79f8dc7: folds
b5b3c711: folds
1b01a50b: folds
Uncalled bet (18,260) returned to 2bf111a
*** SHOWDOWN ***
2bf111a collected 4,440 from pot
*** SUMMARY ***
Total pot 4,440 | Rake 0 | Jackpot 0 | Bingo 0 | Fortune 0 | Tax 0
Seat 1: 2bf111a collected (4,440)
Seat 2: aaca67d0 folded before Flop
Seat 3: 5d69faaf folded before Flop
Seat 4: Hero folded before Flop
Seat 5: cdc3e76a folded before Flop
Seat 6: c79f8dc7 (button) folded before Flop
Seat 7: b5b3c711 (small blind) folded before Flop
Seat 8: 1b01a50b (big blind) folded before Flop


Poker Hand #TM5575537252: Tournament #262679494, Bounty Hunters Deepstack Turbo $10.80 Hold'em No Limit - Level13(600/1,200(180)) - 2026/02/12 00:10:59
Table '17' 8-max Seat #5 is the button
Seat 1: 2bf111a (19,820 in chips)
Seat 2: aaca67d0 (54,840 in chips)
Seat 4: Hero (73,200 in chips)
Seat 5: cdc3e76a (45,134 in chips)
Seat 6: c79f8dc7 (42,755 in chips)
Seat 7: b5b3c711 (26,578 in chips)
Seat 8: 1b01a50b (103,350 in chips)
cdc3e76a: posts the ante 180
aaca67d0: posts the ante 180
2bf111a: posts the ante 180
Hero: posts the ante 180
1b01a50b: posts the ante 180
b5b3c711: posts the ante 180
c79f8dc7: posts the ante 180
c79f8dc7: posts small blind 600
b5b3c711: posts big blind 1,200
*** HOLE CARDS ***
Dealt to 2bf111a 
Dealt to aaca67d0 
Dealt to Hero [6h 9d]
Dealt to cdc3e76a 
Dealt to c79f8dc7 
Dealt to b5b3c711 
Dealt to 1b01a50b 
1b01a50b: raises 1,200 to 2,400
2bf111a: folds
aaca67d0: folds
Hero: folds
cdc3e76a: folds
c79f8dc7: folds
b5b3c711: calls 1,200
*** FLOP *** [Ac 7c 3s]
b5b3c711: checks
1b01a50b: checks
*** TURN *** [Ac 7c 3s] [5h]
b5b3c711: bets 3,330
1b01a50b: folds
Uncalled bet (3,330) returned to b5b3c711
*** SHOWDOWN ***
b5b3c711 collected 6,660 from pot
*** SUMMARY ***
Total pot 6,660 | Rake 0 | Jackpot 0 | Bingo 0 | Fortune 0 | Tax 0
Board [Ac 7c 3s 5h]
Seat 1: 2bf111a folded before Flop
Seat 2: aaca67d0 folded before Flop
Seat 4: Hero folded before Flop
Seat 5: cdc3e76a (button) folded before Flop
Seat 6: c79f8dc7 (small blind) folded before Flop
Seat 7: b5b3c711 (big blind) won (6,660)
Seat 8: 1b01a50b folded on the Turn


Poker Hand #TM5575537241: Tournament #262679494, Bounty Hunters Deepstack Turbo $10.80 Hold'em No Limit - Level13(600/1,200(180)) - 2026/02/12 00:10:26
Table '17' 8-max Seat #4 is the button
Seat 1: 2bf111a (20,000 in chips)
Seat 2: aaca67d0 (55,020 in chips)
Seat 4: Hero (75,780 in chips)
Seat 5: cdc3e76a (40,454 in chips)
Seat 6: c79f8dc7 (44,135 in chips)
Seat 7: b5b3c711 (26,758 in chips)
Seat 8: 1b01a50b (103,530 in chips)
aaca67d0: posts the ante 180
2bf111a: posts the ante 180
cdc3e76a: posts the ante 180
Hero: posts the ante 180
1b01a50b: posts the ante 180
b5b3c711: posts the ante 180
c79f8dc7: posts the ante 180
cdc3e76a: posts small blind 600
c79f8dc7: posts big blind 1,200
*** HOLE CARDS ***
Dealt to 2bf111a 
Dealt to aaca67d0 
Dealt to Hero [Ad 2d]
Dealt to cdc3e76a 
Dealt to c79f8dc7 
Dealt to b5b3c711 
Dealt to 1b01a50b 
b5b3c711: folds
1b01a50b: folds
2bf111a: folds
aaca67d0: folds
Hero: raises 1,200 to 2,400
cdc3e76a: raises 4,792 to 7,192
c79f8dc7: folds
Hero: folds
Uncalled bet (4,792) returned to cdc3e76a
*** SHOWDOWN ***
cdc3e76a collected 7,260 from pot
*** SUMMARY ***
Total pot 7,260 | Rake 0 | Jackpot 0 | Bingo 0 | Fortune 0 | Tax 0
Seat 1: 2bf111a folded before Flop
Seat 2: aaca67d0 folded before Flop
Seat 4: Hero (button) folded before Flop
Seat 5: cdc3e76a (small blind) collected (7,260)
Seat 6: c79f8dc7 (big blind) folded before Flop
Seat 7: b5b3c711 folded before Flop
Seat 8: 1b01a50b folded before Flop


Poker Hand #TM5575537220: Tournament #262679494, Bounty Hunters Deepstack Turbo $10.80 Hold'em No Limit - Level13(600/1,200(180)) - 2026/02/12 00:09:34
Table '17' 8-max Seat #3 is the button
Seat 2: aaca67d0 (55,200 in chips)
Seat 3: dd03c6da (12,606 in chips)
Seat 4: Hero (76,560 in chips)
Seat 5: cdc3e76a (41,834 in chips)
Seat 6: c79f8dc7 (44,315 in chips)
Seat 7: b5b3c711 (26,938 in chips)
Seat 8: 1b01a50b (88,224 in chips)
aaca67d0: posts the ante 180
cdc3e76a: posts the ante 180
Hero: posts the ante 180
dd03c6da: posts the ante 180
1b01a50b: posts the ante 180
b5b3c711: posts the ante 180
c79f8dc7: posts the ante 180
Hero: posts small blind 600
cdc3e76a: posts big blind 1,200
*** HOLE CARDS ***
Dealt to aaca67d0 
Dealt to dd03c6da 
Dealt to Hero [9d Ah]
Dealt to cdc3e76a 
Dealt to c79f8dc7 
Dealt to b5b3c711 
Dealt to 1b01a50b 
c79f8dc7: folds
b5b3c711: folds
1b01a50b: raises 1,200 to 2,400
aaca67d0: folds
dd03c6da: raises 10,026 to 12,426 and is all-in
Hero: folds
cdc3e76a: folds
1b01a50b: calls 10,026
dd03c6da: shows [As 7s]
1b01a50b: shows [Jh Ks]
*** FLOP *** [Jc 2s 7h]
*** TURN *** [Jc 2s 7h] [Tc]
*** RIVER *** [Jc 2s 7h Tc] [Kh]
*** SHOWDOWN ***
1b01a50b collected 27,912 from pot
*** SUMMARY ***
Total pot 27,912 | Rake 0 | Jackpot 0 | Bingo 0 | Fortune 0 | Tax 0
Board [Jc 2s 7h Tc Kh]
Seat 2: aaca67d0 folded before Flop
Seat 3: dd03c6da (button) showed [As 7s] and lost with a pair of Sevens
Seat 4: Hero (small blind) folded before Flop
Seat 5: cdc3e76a (big blind) folded before Flop
Seat 6: c79f8dc7 folded before Flop
Seat 7: b5b3c711 folded before Flop
Seat 8: 1b01a50b showed [Jh Ks] and won (27,912) with two pair, Kings and Jacks


Poker Hand #TM5575537200: Tournament #262679494, Bounty Hunters Deepstack Turbo $10.80 Hold'em No Limit - Level13(600/1,200(180)) - 2026/02/12 00:08:49
Table '17' 8-max Seat #2 is the button
Seat 1: ba055f82 (15,965 in chips)
Seat 2: aaca67d0 (55,380 in chips)
Seat 3: dd03c6da (13,386 in chips)
Seat 4: Hero (51,715 in chips)
Seat 5: cdc3e76a (42,014 in chips)
Seat 6: c79f8dc7 (48,095 in chips)
Seat 7: b5b3c711 (30,718 in chips)
Seat 8: 1b01a50b (88,404 in chips)
aaca67d0: posts the ante 180
cdc3e76a: posts the ante 180
ba055f82: posts the ante 180
Hero: posts the ante 180
dd03c6da: posts the ante 180
1b01a50b: posts the ante 180
b5b3c711: posts the ante 180
c79f8dc7: posts the ante 180
dd03c6da: posts small blind 600
Hero: posts big blind 1,200
*** HOLE CARDS ***
Dealt to ba055f82 
Dealt to aaca67d0 
Dealt to dd03c6da 
Dealt to Hero [Ts Tc]
Dealt to cdc3e76a 
Dealt to c79f8dc7 
Dealt to b5b3c711 
Dealt to 1b01a50b 
cdc3e76a: folds
c79f8dc7: raises 2,400 to 3,600
b5b3c711: calls 3,600
1b01a50b: folds
ba055f82: raises 12,185 to 15,785 and is all-in
aaca67d0: folds
dd03c6da: folds
Hero: raises 35,750 to 51,535 and is all-in
c79f8dc7: folds
b5b3c711: folds
Uncalled bet (35,750) returned to Hero
Hero: shows [Ts Tc]
ba055f82: shows [6h 6c]
*** FLOP *** [4c Ac Jd]
*** TURN *** [4c Ac Jd] [2s]
*** RIVER *** [4c Ac Jd 2s] [Ad]
*** SHOWDOWN ***
Hero collected 40,810 from pot
*** SUMMARY ***
Total pot 40,810 | Rake 0 | Jackpot 0 | Bingo 0 | Fortune 0 | Tax 0
Board [4c Ac Jd 2s Ad]
Seat 1: ba055f82 showed [6h 6c] and lost with two pair, Aces and Sixes
Seat 2: aaca67d0 (button) folded before Flop
Seat 3: dd03c6da (small blind) folded before Flop
Seat 4: Hero (big blind) showed [Ts Tc] and won (40,810) with two pair, Aces and Tens
Seat 5: cdc3e76a folded before Flop
Seat 6: c79f8dc7 folded before Flop
Seat 7: b5b3c711 folded before Flop
Seat 8: 1b01a50b folded before Flop


Poker Hand #TM5575537185: Tournament #262679494, Bounty Hunters Deepstack Turbo $10.80 Hold'em No Limit - Level13(600/1,200(180)) - 2026/02/12 00:08:06
Table '17' 8-max Seat #1 is the button
Seat 1: ba055f82 (16,145 in chips)
Seat 2: aaca67d0 (56,160 in chips)
Seat 3: dd03c6da (14,766 in chips)
Seat 4: Hero (43,601 in chips)
Seat 5: cdc3e76a (42,194 in chips)
Seat 6: c79f8dc7 (53,329 in chips)
Seat 7: b5b3c711 (30,898 in chips)
Seat 8: 1b01a50b (88,584 in chips)
cdc3e76a: posts the ante 180
aaca67d0: posts the ante 180
ba055f82: posts the ante 180
Hero: posts the ante 180
dd03c6da: posts the ante 180
1b01a50b: posts the ante 180
b5b3c711: posts the ante 180
c79f8dc7: posts the ante 180
aaca67d0: posts small blind 600
dd03c6da: posts big blind 1,200
*** HOLE CARDS ***
Dealt to ba055f82 
Dealt to aaca67d0 
Dealt to dd03c6da 
Dealt to Hero [8h 9h]
Dealt to cdc3e76a 
Dealt to c79f8dc7 
Dealt to b5b3c711 
Dealt to 1b01a50b 
Hero: raises 1,200 to 2,400
cdc3e76a: folds
c79f8dc7: calls 2,400
b5b3c711: folds
1b01a50b: folds
ba055f82: folds
aaca67d0: folds
dd03c6da: folds
*** FLOP *** [5c Kd 6h]
Hero: bets 2,654
c79f8dc7: calls 2,654
*** TURN *** [5c Kd 6h] [3h]
Hero: bets 7,874
c79f8dc7: folds
Uncalled bet (7,874) returned to Hero
*** SHOWDOWN ***
Hero collected 13,348 from pot
*** SUMMARY ***
Total pot 13,348 | Rake 0 | Jackpot 0 | Bingo 0 | Fortune 0 | Tax 0
Board [5c Kd 6h 3h]
Seat 1: ba055f82 (button) folded before Flop
Seat 2: aaca67d0 (small blind) folded before Flop
Seat 3: dd03c6da (big blind) folded before Flop
Seat 4: Hero won (13,348)
Seat 5: cdc3e76a folded before Flop
Seat 6: c79f8dc7 folded on the Turn
Seat 7: b5b3c711 folded before Flop
Seat 8: 1b01a50b folded before Flop


Poker Hand #TM5575537158: Tournament #262679494, Bounty Hunters Deepstack Turbo $10.80 Hold'em No Limit - Level13(600/1,200(180)) - 2026/02/12 00:07:04
Table '17' 8-max Seat #8 is the button
Seat 1: ba055f82 (16,925 in chips)
Seat 2: aaca67d0 (57,540 in chips)
Seat 3: dd03c6da (20,000 in chips)
Seat 4: Hero (43,781 in chips)
Seat 5: cdc3e76a (42,374 in chips)
Seat 6: c79f8dc7 (53,509 in chips)
Seat 7: b5b3c711 (31,078 in chips)
Seat 8: 1b01a50b (80,470 in chips)
cdc3e76a: posts the ante 180
aaca67d0: posts the ante 180
Hero: posts the ante 180
ba055f82: posts the ante 180
dd03c6da: posts the ante 180
1b01a50b: posts the ante 180
b5b3c711: posts the ante 180
c79f8dc7: posts the ante 180
ba055f82: posts small blind 600
aaca67d0: posts big blind 1,200
*** HOLE CARDS ***
Dealt to ba055f82 
Dealt to aaca67d0 
Dealt to dd03c6da 
Dealt to Hero [4s 2c]
Dealt to cdc3e76a 
Dealt to c79f8dc7 
Dealt to b5b3c711 
Dealt to 1b01a50b 
dd03c6da: raises 1,200 to 2,400
Hero: folds
cdc3e76a: folds
c79f8dc7: folds
b5b3c711: folds
1b01a50b: calls 2,400
ba055f82: folds
aaca67d0: folds
*** FLOP *** [Ac Kc Jd]
dd03c6da: bets 2,654
1b01a50b: calls 2,654
*** TURN *** [Ac Kc Jd] [Jh]
dd03c6da: checks
1b01a50b: bets 3,471
dd03c6da: folds
Uncalled bet (3,471) returned to 1b01a50b
*** SHOWDOWN ***
1b01a50b collected 13,348 from pot
*** SUMMARY ***
Total pot 13,348 | Rake 0 | Jackpot 0 | Bingo 0 | Fortune 0 | Tax 0
Board [Ac Kc Jd Jh]
Seat 1: ba055f82 (small blind) folded before Flop
Seat 2: aaca67d0 (big blind) folded before Flop
Seat 3: dd03c6da folded on the Turn
Seat 4: Hero folded before Flop
Seat 5: cdc3e76a folded before Flop
Seat 6: c79f8dc7 folded before Flop
Seat 7: b5b3c711 folded before Flop
Seat 8: 1b01a50b (button) won (13,348)


Poker Hand #TM5575537133: Tournament #262679494, Bounty Hunters Deepstack Turbo $10.80 Hold'em No Limit - Level13(600/1,200(180)) - 2026/02/12 00:05:46
Table '17' 8-max Seat #7 is the button
Seat 1: ba055f82 (18,305 in chips)
Seat 2: aaca67d0 (27,420 in chips)
Seat 4: Hero (71,201 in chips)
Seat 5: cdc3e76a (42,554 in chips)
Seat 6: c79f8dc7 (53,689 in chips)
Seat 7: b5b3c711 (31,258 in chips)
Seat 8: 1b01a50b (81,250 in chips)
cdc3e76a: posts the ante 180
aaca67d0: posts the ante 180
Hero: posts the ante 180
ba055f82: posts the ante 180
b5b3c711: posts the ante 180
1b01a50b: posts the ante 180
c79f8dc7: posts the ante 180
1b01a50b: posts small blind 600
ba055f82: posts big blind 1,200
*** HOLE CARDS ***
Dealt to ba055f82 
Dealt to aaca67d0 
Dealt to Hero [9d 9s]
Dealt to cdc3e76a 
Dealt to c79f8dc7 
Dealt to b5b3c711 
Dealt to 1b01a50b 
aaca67d0: raises 1,200 to 2,400
Hero: raises 5,130 to 7,530
cdc3e76a: folds
c79f8dc7: folds
b5b3c711: folds
1b01a50b: folds
ba055f82: folds
aaca67d0: calls 5,130
*** FLOP *** [3h 7s 7c]
aaca67d0: checks
Hero: bets 20,520
aaca67d0: calls 19,710 and is all-in
Uncalled bet (810) returned to Hero
Hero: shows [9d 9s] (two pair, Nines and Sevens)
aaca67d0: shows [Ah Jd] (a pair of Sevens)
*** TURN *** [3h 7s 7c] [5h]
*** RIVER *** [3h 7s 7c 5h] [Jh]
*** SHOWDOWN ***
aaca67d0 collected 57,540 from pot
*** SUMMARY ***
Total pot 57,540 | Rake 0 | Jackpot 0 | Bingo 0 | Fortune 0 | Tax 0
Board [3h 7s 7c 5h Jh]
Seat 1: ba055f82 (big blind) folded before Flop
Seat 2: aaca67d0 showed [Ah Jd] and won (57,540) with two pair, Jacks and Sevens
Seat 4: Hero showed [9d 9s] and lost with two pair, Nines and Sevens
Seat 5: cdc3e76a folded before Flop
Seat 6: c79f8dc7 folded before Flop
Seat 7: b5b3c711 (button) folded before Flop
Seat 8: 1b01a50b (small blind) folded before Flop


Poker Hand #TM5575537111: Tournament #262679494, Bounty Hunters Deepstack Turbo $10.80 Hold'em No Limit - Level13(600/1,200(180)) - 2026/02/12 00:04:54
Table '17' 8-max Seat #6 is the button
Seat 1: ba055f82 (18,485 in chips)
Seat 2: aaca67d0 (27,600 in chips)
Seat 3: 32b7914f (19,398 in chips)
Seat 4: Hero (71,381 in chips)
Seat 5: cdc3e76a (42,734 in chips)
Seat 6: c79f8dc7 (53,869 in chips)
Seat 7: b5b3c711 (32,038 in chips)
Seat 8: 1b01a50b (60,172 in chips)
cdc3e76a: posts the ante 180
aaca67d0: posts the ante 180
Hero: posts the ante 180
ba055f82: posts the ante 180
1b01a50b: posts the ante 180
b5b3c711: posts the ante 180
32b7914f: posts the ante 180
c79f8dc7: posts the ante 180
b5b3c711: posts small blind 600
1b01a50b: posts big blind 1,200
*** HOLE CARDS ***
Dealt to ba055f82 
Dealt to aaca67d0 
Dealt to 32b7914f 
Dealt to Hero [3s Ad]
Dealt to cdc3e76a 
Dealt to c79f8dc7 
Dealt to b5b3c711 
Dealt to 1b01a50b 
ba055f82: folds
aaca67d0: folds
32b7914f: raises 15,600 to 16,800
Hero: folds
cdc3e76a: folds
c79f8dc7: folds
b5b3c711: folds
1b01a50b: raises 15,600 to 32,400
32b7914f: calls 2,418 and is all-in
Uncalled bet (13,182) returned to 1b01a50b
1b01a50b: shows [As Qh]
32b7914f: shows [9h 9c]
*** FLOP *** [7d Jc 7c]
*** TURN *** [7d Jc 7c] [6h]
*** RIVER *** [7d Jc 7c 6h] [Qs]
*** SHOWDOWN ***
1b01a50b collected 40,476 from pot
*** SUMMARY ***
Total pot 40,476 | Rake 0 | Jackpot 0 | Bingo 0 | Fortune 0 | Tax 0
Board [7d Jc 7c 6h Qs]
Seat 1: ba055f82 folded before Flop
Seat 2: aaca67d0 folded before Flop
Seat 3: 32b7914f showed [9h 9c] and lost with two pair, Nines and Sevens
Seat 4: Hero folded before Flop
Seat 5: cdc3e76a folded before Flop
Seat 6: c79f8dc7 (button) folded before Flop
Seat 7: b5b3c711 (small blind) folded before Flop
Seat 8: 1b01a50b (big blind) showed [As Qh] and won (40,476) with two pair, Queens and Sevens


Poker Hand #TM5575537093: Tournament #262679494, Bounty Hunters Deepstack Turbo $10.80 Hold'em No Limit - Level12(500/1,000(150)) - 2026/02/12 00:04:07
Table '17' 8-max Seat #5 is the button
Seat 1: ba055f82 (18,635 in chips)
Seat 2: aaca67d0 (27,750 in chips)
Seat 3: 32b7914f (19,548 in chips)
Seat 4: Hero (67,831 in chips)
Seat 5: cdc3e76a (42,884 in chips)
Seat 6: c79f8dc7 (54,519 in chips)
Seat 7: b5b3c711 (34,188 in chips)
Seat 8: 1b01a50b (60,322 in chips)
cdc3e76a: posts the ante 150
aaca67d0: posts the ante 150
Hero: posts the ante 150
ba055f82: posts the ante 150
1b01a50b: posts the ante 150
b5b3c711: posts the ante 150
32b7914f: posts the ante 150
c79f8dc7: posts the ante 150
c79f8dc7: posts small blind 500
b5b3c711: posts big blind 1,000
*** HOLE CARDS ***
Dealt to ba055f82 
Dealt to aaca67d0 
Dealt to 32b7914f 
Dealt to Hero [7d Ah]
Dealt to cdc3e76a 
Dealt to c79f8dc7 
Dealt to b5b3c711 
Dealt to 1b01a50b 
1b01a50b: folds
ba055f82: folds
aaca67d0: folds
32b7914f: folds
Hero: raises 1,000 to 2,000
cdc3e76a: folds
c79f8dc7: folds
b5b3c711: calls 1,000
*** FLOP *** [Td Jd 5h]
b5b3c711: checks
Hero: bets 2,850
b5b3c711: folds
Uncalled bet (2,850) returned to Hero
*** SHOWDOWN ***
Hero collected 5,700 from pot
*** SUMMARY ***
Total pot 5,700 | Rake 0 | Jackpot 0 | Bingo 0 | Fortune 0 | Tax 0
Board [Td Jd 5h]
Seat 1: ba055f82 folded before Flop
Seat 2: aaca67d0 folded before Flop
Seat 3: 32b7914f folded before Flop
Seat 4: Hero won (5,700)
Seat 5: cdc3e76a (button) folded before Flop
Seat 6: c79f8dc7 (small blind) folded before Flop
Seat 7: b5b3c711 (big blind) folded on the Flop
Seat 8: 1b01a50b folded before Flop


Poker Hand #TM5575537075: Tournament #262679494, Bounty Hunters Deepstack Turbo $10.80 Hold'em No Limit - Level12(500/1,000(150)) - 2026/02/12 00:03:24
Table '17' 8-max Seat #4 is the button
Seat 1: ba055f82 (18,785 in chips)
Seat 2: aaca67d0 (27,900 in chips)
Seat 3: 32b7914f (19,698 in chips)
Seat 4: Hero (67,981 in chips)
Seat 5: cdc3e76a (43,534 in chips)
Seat 6: c79f8dc7 (55,669 in chips)
Seat 7: b5b3c711 (34,338 in chips)
Seat 8: 1b01a50b (57,772 in chips)
aaca67d0: posts the ante 150
cdc3e76a: posts the ante 150
Hero: posts the ante 150
ba055f82: posts the ante 150
1b01a50b: posts the ante 150
b5b3c711: posts the ante 150
32b7914f: posts the ante 150
c79f8dc7: posts the ante 150
cdc3e76a: posts small blind 500
c79f8dc7: posts big blind 1,000
*** HOLE CARDS ***
Dealt to ba055f82 
Dealt to aaca67d0 
Dealt to 32b7914f 
Dealt to Hero [3c Jh]
Dealt to cdc3e76a 
Dealt to c79f8dc7 
Dealt to b5b3c711 
Dealt to 1b01a50b 
b5b3c711: folds
1b01a50b: raises 1,000 to 2,000
ba055f82: folds
aaca67d0: folds
32b7914f: folds
Hero: folds
cdc3e76a: folds
c79f8dc7: folds
Uncalled bet (1,000) returned to 1b01a50b
*** SHOWDOWN ***
1b01a50b collected 3,700 from pot
*** SUMMARY ***
Total pot 3,700 | Rake 0 | Jackpot 0 | Bingo 0 | Fortune 0 | Tax 0
Seat 1: ba055f82 folded before Flop
Seat 2: aaca67d0 folded before Flop
Seat 3: 32b7914f folded before Flop
Seat 4: Hero (button) folded before Flop
Seat 5: cdc3e76a (small blind) folded before Flop
Seat 6: c79f8dc7 (big blind) folded before Flop
Seat 7: b5b3c711 folded before Flop
Seat 8: 1b01a50b collected (3,700)


Poker Hand #TM5575537044: Tournament #262679494, Bounty Hunters Deepstack Turbo $10.80 Hold'em No Limit - Level12(500/1,000(150)) - 2026/02/12 00:01:51
Table '17' 8-max Seat #3 is the button
Seat 1: ba055f82 (18,935 in chips)
Seat 2: aaca67d0 (20,000 in chips)
Seat 3: 32b7914f (19,848 in chips)
Seat 4: Hero (68,631 in chips)
Seat 5: cdc3e76a (44,684 in chips)
Seat 6: c79f8dc7 (55,819 in chips)
Seat 7: b5b3c711 (39,838 in chips)
Seat 8: 1b01a50b (57,922 in chips)
aaca67d0: posts the ante 150
cdc3e76a: posts the ante 150
ba055f82: posts the ante 150
Hero: posts the ante 150
1b01a50b: posts the ante 150
b5b3c711: posts the ante 150
32b7914f: posts the ante 150
c79f8dc7: posts the ante 150
Hero: posts small blind 500
cdc3e76a: posts big blind 1,000
*** HOLE CARDS ***
Dealt to ba055f82 
Dealt to aaca67d0 
Dealt to 32b7914f 
Dealt to Hero [3c Kd]
Dealt to cdc3e76a 
Dealt to c79f8dc7 
Dealt to b5b3c711 
Dealt to 1b01a50b 
c79f8dc7: folds
b5b3c711: raises 1,000 to 2,000
1b01a50b: folds
ba055f82: folds
aaca67d0: calls 2,000
32b7914f: folds
Hero: folds
cdc3e76a: folds
*** FLOP *** [Jd Ac 5d]
b5b3c711: bets 3,350
aaca67d0: calls 3,350
*** TURN *** [Jd Ac 5d] [Th]
b5b3c711: checks
aaca67d0: bets 13,400
b5b3c711: folds
Uncalled bet (13,400) returned to aaca67d0
*** SHOWDOWN ***
aaca67d0 collected 13,400 from pot
*** SUMMARY ***
Total pot 13,400 | Rake 0 | Jackpot 0 | Bingo 0 | Fortune 0 | Tax 0
Board [Jd Ac 5d Th]
Seat 1: ba055f82 folded before Flop
Seat 2: aaca67d0 won (13,400)
Seat 3: 32b7914f (button) folded before Flop
Seat 4: Hero (small blind) folded before Flop
Seat 5: cdc3e76a (big blind) folded before Flop
Seat 6: c79f8dc7 folded before Flop
Seat 7: b5b3c711 folded on the Turn
Seat 8: 1b01a50b folded before Flop


Poker Hand #TM5575536993: Tournament #262679494, Bounty Hunters Deepstack Turbo $10.80 Hold'em No Limit - Level12(500/1,000(150)) - 2026/02/11 23:54:02
Table '17' 8-max Seat #2 is the button
Seat 1: ba055f82 (19,085 in chips)
Seat 2: bb7a42cb (71,033 in chips)
Seat 3: 32b7914f (20,498 in chips)
Seat 4: Hero (70,781 in chips)
Seat 5: cdc3e76a (44,834 in chips)
Seat 6: c79f8dc7 (57,969 in chips)
Seat 7: b5b3c711 (34,288 in chips)
Seat 8: 1b01a50b (58,072 in chips)
bb7a42cb: posts the ante 150
cdc3e76a: posts the ante 150
ba055f82: posts the ante 150
Hero: posts the ante 150
1b01a50b: posts the ante 150
b5b3c711: posts the ante 150
32b7914f: posts the ante 150
c79f8dc7: posts the ante 150
32b7914f: posts small blind 500
Hero: posts big blind 1,000
*** HOLE CARDS ***
Dealt to ba055f82 
Dealt to bb7a42cb 
Dealt to 32b7914f 
Dealt to Hero [4h Ac]
Dealt to cdc3e76a 
Dealt to c79f8dc7 
Dealt to b5b3c711 
Dealt to 1b01a50b 
cdc3e76a: folds
c79f8dc7: raises 1,000 to 2,000
b5b3c711: calls 2,000
1b01a50b: folds
ba055f82: folds
bb7a42cb: folds
32b7914f: folds
Hero: calls 1,000
*** FLOP *** [Jd 5s Kc]
Hero: checks
c79f8dc7: checks
b5b3c711: checks
*** TURN *** [Jd 5s Kc] [5h]
Hero: checks
c79f8dc7: checks
b5b3c711: bets 3,850
Hero: folds
c79f8dc7: folds
Uncalled bet (3,850) returned to b5b3c711
*** SHOWDOWN ***
b5b3c711 collected 7,700 from pot
*** SUMMARY ***
Total pot 7,700 | Rake 0 | Jackpot 0 | Bingo 0 | Fortune 0 | Tax 0
Board [Jd 5s Kc 5h]
Seat 1: ba055f82 folded before Flop
Seat 2: bb7a42cb (button) folded before Flop
Seat 3: 32b7914f (small blind) folded before Flop
Seat 4: Hero (big blind) folded on the Turn
Seat 5: cdc3e76a folded before Flop
Seat 6: c79f8dc7 folded on the Turn
Seat 7: b5b3c711 won (7,700)
Seat 8: 1b01a50b folded before Flop


Poker Hand #TM5575536971: Tournament #262679494, Bounty Hunters Deepstack Turbo $10.80 Hold'em No Limit - Level12(500/1,000(150)) - 2026/02/11 23:53:00
Table '17' 8-max Seat #1 is the button
Seat 1: ba055f82 (19,235 in chips)
Seat 2: bb7a42cb (71,683 in chips)
Seat 3: 32b7914f (21,648 in chips)
Seat 4: Hero (70,931 in chips)
Seat 5: cdc3e76a (60,317 in chips)
Seat 6: c79f8dc7 (40,086 in chips)
Seat 7: b5b3c711 (34,438 in chips)
Seat 8: 1b01a50b (58,222 in chips)
cdc3e76a: posts the ante 150
bb7a42cb: posts the ante 150
ba055f82: posts the ante 150
Hero: posts the ante 150
1b01a50b: posts the ante 150
b5b3c711: posts the ante 150
32b7914f: posts the ante 150
c79f8dc7: posts the ante 150
bb7a42cb: posts small blind 500
32b7914f: posts big blind 1,000
*** HOLE CARDS ***
Dealt to ba055f82 
Dealt to bb7a42cb 
Dealt to 32b7914f 
Dealt to Hero [Kh 7d]
Dealt to cdc3e76a 
Dealt to c79f8dc7 
Dealt to b5b3c711 
Dealt to 1b01a50b 
Hero: folds
cdc3e76a: raises 1,000 to 2,000
c79f8dc7: raises 6,700 to 8,700
b5b3c711: folds
1b01a50b: folds
ba055f82: folds
bb7a42cb: folds
32b7914f: folds
cdc3e76a: calls 6,700
*** FLOP *** [Qd 6c Ts]
cdc3e76a: checks
c79f8dc7: bets 6,633
cdc3e76a: calls 6,633
*** TURN *** [Qd 6c Ts] [Kc]
cdc3e76a: checks
c79f8dc7: checks
*** RIVER *** [Qd 6c Ts Kc] [Ah]
cdc3e76a: checks
c79f8dc7: bets 24,603 and is all-in
cdc3e76a: folds
Uncalled bet (24,603) returned to c79f8dc7
*** SHOWDOWN ***
c79f8dc7 collected 33,366 from pot
*** SUMMARY ***
Total pot 33,366 | Rake 0 | Jackpot 0 | Bingo 0 | Fortune 0 | Tax 0
Board [Qd 6c Ts Kc Ah]
Seat 1: ba055f82 (button) folded before Flop
Seat 2: bb7a42cb (small blind) folded before Flop
Seat 3: 32b7914f (big blind) folded before Flop
Seat 4: Hero folded before Flop
Seat 5: cdc3e76a folded on the River
Seat 6: c79f8dc7 won (33,366)
Seat 7: b5b3c711 folded before Flop
Seat 8: 1b01a50b folded before Flop


Poker Hand #TM5575536952: Tournament #262679494, Bounty Hunters Deepstack Turbo $10.80 Hold'em No Limit - Level12(500/1,000(150)) - 2026/02/11 23:52:10
Table '17' 8-max Seat #8 is the button
Seat 1: ba055f82 (19,885 in chips)
Seat 2: bb7a42cb (72,833 in chips)
Seat 3: 32b7914f (21,798 in chips)
Seat 4: Hero (71,081 in chips)
Seat 5: cdc3e76a (60,467 in chips)
Seat 6: c79f8dc7 (40,236 in chips)
Seat 7: b5b3c711 (16,019 in chips)
Seat 8: 1b01a50b (74,241 in chips)
cdc3e76a: posts the ante 150
bb7a42cb: posts the ante 150
Hero: posts the ante 150
ba055f82: posts the ante 150
1b01a50b: posts the ante 150
b5b3c711: posts the ante 150
32b7914f: posts the ante 150
c79f8dc7: posts the ante 150
ba055f82: posts small blind 500
bb7a42cb: posts big blind 1,000
*** HOLE CARDS ***
Dealt to ba055f82 
Dealt to bb7a42cb 
Dealt to 32b7914f 
Dealt to Hero [3c 2h]
Dealt to cdc3e76a 
Dealt to c79f8dc7 
Dealt to b5b3c711 
Dealt to 1b01a50b 
32b7914f: folds
Hero: folds
cdc3e76a: folds
c79f8dc7: folds
b5b3c711: raises 14,869 to 15,869 and is all-in
1b01a50b: calls 15,869
ba055f82: folds
bb7a42cb: folds
b5b3c711: shows [Ac Jd]
1b01a50b: shows [4c Kc]
*** FLOP *** [Qc Qh Jh]
*** TURN *** [Qc Qh Jh] [3h]
*** RIVER *** [Qc Qh Jh 3h] [5h]
*** SHOWDOWN ***
b5b3c711 collected 34,438 from pot
*** SUMMARY ***
Total pot 34,438 | Rake 0 | Jackpot 0 | Bingo 0 | Fortune 0 | Tax 0
Board [Qc Qh Jh 3h 5h]
Seat 1: ba055f82 (small blind) folded before Flop
Seat 2: bb7a42cb (big blind) folded before Flop
Seat 3: 32b7914f folded before Flop
Seat 4: Hero folded before Flop
Seat 5: cdc3e76a folded before Flop
Seat 6: c79f8dc7 folded before Flop
Seat 7: b5b3c711 showed [Ac Jd] and won (34,438) with two pair, Queens and Jacks
Seat 8: 1b01a50b (button) showed [4c Kc] and lost with a pair of Queens


Poker Hand #TM5575536903: Tournament #262679494, Bounty Hunters Deepstack Turbo $10.80 Hold'em No Limit - Level12(500/1,000(150)) - 2026/02/11 23:50:19
Table '17' 8-max Seat #7 is the button
Seat 1: ba055f82 (22,235 in chips)
Seat 2: bb7a42cb (78,843 in chips)
Seat 3: 32b7914f (21,948 in chips)
Seat 4: Hero (71,231 in chips)
Seat 5: cdc3e76a (46,957 in chips)
Seat 6: c79f8dc7 (42,586 in chips)
Seat 7: b5b3c711 (16,169 in chips)
Seat 8: 1b01a50b (76,591 in chips)
cdc3e76a: posts the ante 150
bb7a42cb: posts the ante 150
Hero: posts the ante 150
ba055f82: posts the ante 150
b5b3c711: posts the ante 150
1b01a50b: posts the ante 150
32b7914f: posts the ante 150
c79f8dc7: posts the ante 150
1b01a50b: posts small blind 500
ba055f82: posts big blind 1,000
*** HOLE CARDS ***
Dealt to ba055f82 
Dealt to bb7a42cb 
Dealt to 32b7914f 
Dealt to Hero [6s Kd]
Dealt to cdc3e76a 
Dealt to c79f8dc7 
Dealt to b5b3c711 
Dealt to 1b01a50b 
bb7a42cb: raises 1,200 to 2,200
32b7914f: folds
Hero: folds
cdc3e76a: calls 2,200
c79f8dc7: calls 2,200
b5b3c711: folds
1b01a50b: calls 1,700
ba055f82: calls 1,200
*** FLOP *** [2s Qd 9c]
1b01a50b: checks
ba055f82: checks
bb7a42cb: bets 3,660
cdc3e76a: calls 3,660
c79f8dc7: folds
1b01a50b: folds
ba055f82: folds
*** TURN *** [2s Qd 9c] [Ks]
bb7a42cb: checks
cdc3e76a: bets 12,884
bb7a42cb: folds
Uncalled bet (12,884) returned to cdc3e76a
*** SHOWDOWN ***
cdc3e76a collected 19,520 from pot
*** SUMMARY ***
Total pot 19,520 | Rake 0 | Jackpot 0 | Bingo 0 | Fortune 0 | Tax 0
Board [2s Qd 9c Ks]
Seat 1: ba055f82 (big blind) folded on the Flop
Seat 2: bb7a42cb folded on the Turn
Seat 3: 32b7914f folded before Flop
Seat 4: Hero folded before Flop
Seat 5: cdc3e76a won (19,520)
Seat 6: c79f8dc7 folded on the Flop
Seat 7: b5b3c711 (button) folded before Flop
Seat 8: 1b01a50b (small blind) folded on the Flop


Poker Hand #TM5575536889: Tournament #262679494, Bounty Hunters Deepstack Turbo $10.80 Hold'em No Limit - Level12(500/1,000(150)) - 2026/02/11 23:49:52
Table '17' 8-max Seat #6 is the button
Seat 1: ba055f82 (22,385 in chips)
Seat 2: bb7a42cb (78,993 in chips)
Seat 3: 32b7914f (24,098 in chips)
Seat 4: Hero (71,381 in chips)
Seat 5: cdc3e76a (42,407 in chips)
Seat 6: c79f8dc7 (42,736 in chips)
Seat 7: b5b3c711 (16,819 in chips)
Seat 8: 1b01a50b (77,741 in chips)
cdc3e76a: posts the ante 150
bb7a42cb: posts the ante 150
Hero: posts the ante 150
ba055f82: posts the ante 150
1b01a50b: posts the ante 150
b5b3c711: posts the ante 150
32b7914f: posts the ante 150
c79f8dc7: posts the ante 150
b5b3c711: posts small blind 500
1b01a50b: posts big blind 1,000
*** HOLE CARDS ***
Dealt to ba055f82 
Dealt to bb7a42cb 
Dealt to 32b7914f 
Dealt to Hero [8s 6d]
Dealt to cdc3e76a 
Dealt to c79f8dc7 
Dealt to b5b3c711 
Dealt to 1b01a50b 
ba055f82: folds
bb7a42cb: folds
32b7914f: raises 1,000 to 2,000
Hero: folds
cdc3e76a: raises 4,422 to 6,422
c79f8dc7: folds
b5b3c711: folds
1b01a50b: folds
32b7914f: folds
Uncalled bet (4,422) returned to cdc3e76a
*** SHOWDOWN ***
cdc3e76a collected 6,700 from pot
*** SUMMARY ***
Total pot 6,700 | Rake 0 | Jackpot 0 | Bingo 0 | Fortune 0 | Tax 0
Seat 1: ba055f82 folded before Flop
Seat 2: bb7a42cb folded before Flop
Seat 3: 32b7914f folded before Flop
Seat 4: Hero folded before Flop
Seat 5: cdc3e76a collected (6,700)
Seat 6: c79f8dc7 (button) folded before Flop
Seat 7: b5b3c711 (small blind) folded before Flop
Seat 8: 1b01a50b (big blind) folded before Flop


Poker Hand #TM5575536867: Tournament #262679494, Bounty Hunters Deepstack Turbo $10.80 Hold'em No Limit - Level11(400/800(120)) - 2026/02/11 23:48:57
Table '17' 8-max Seat #5 is the button
Seat 1: ba055f82 (22,505 in chips)
Seat 2: bb7a42cb (79,113 in chips)
Seat 3: 32b7914f (11,489 in chips)
Seat 4: Hero (71,501 in chips)
Seat 5: cdc3e76a (42,527 in chips)
Seat 6: c79f8dc7 (43,256 in chips)
Seat 7: b5b3c711 (28,308 in chips)
Seat 8: 1b01a50b (77,861 in chips)
cdc3e76a: posts the ante 120
bb7a42cb: posts the ante 120
Hero: posts the ante 120
ba055f82: posts the ante 120
1b01a50b: posts the ante 120
b5b3c711: posts the ante 120
32b7914f: posts the ante 120
c79f8dc7: posts the ante 120
c79f8dc7: posts small blind 400
b5b3c711: posts big blind 800
*** HOLE CARDS ***
Dealt to ba055f82 
Dealt to bb7a42cb 
Dealt to 32b7914f 
Dealt to Hero [7h 3s]
Dealt to cdc3e76a 
Dealt to c79f8dc7 
Dealt to b5b3c711 
Dealt to 1b01a50b 
1b01a50b: folds
ba055f82: folds
bb7a42cb: folds
32b7914f: raises 1,200 to 2,000
Hero: folds
cdc3e76a: folds
c79f8dc7: folds
b5b3c711: raises 11,600 to 13,600
32b7914f: calls 9,369 and is all-in
Uncalled bet (2,231) returned to b5b3c711
b5b3c711: shows [Ac Kd]
32b7914f: shows [2c 2d]
*** FLOP *** [3d Qc 2s]
*** TURN *** [3d Qc 2s] [Kc]
*** RIVER *** [3d Qc 2s Kc] [5s]
*** SHOWDOWN ***
32b7914f collected 24,098 from pot
*** SUMMARY ***
Total pot 24,098 | Rake 0 | Jackpot 0 | Bingo 0 | Fortune 0 | Tax 0
Board [3d Qc 2s Kc 5s]
Seat 1: ba055f82 folded before Flop
Seat 2: bb7a42cb folded before Flop
Seat 3: 32b7914f showed [2c 2d] and won (24,098) with three of a kind, Twos
Seat 4: Hero folded before Flop
Seat 5: cdc3e76a (button) folded before Flop
Seat 6: c79f8dc7 (small blind) folded before Flop
Seat 7: b5b3c711 (big blind) showed [Ac Kd] and lost with a pair of Kings
Seat 8: 1b01a50b folded before Flop


Poker Hand #TM5576050802: Tournament #262679494, Bounty Hunters Deepstack Turbo $10.80 Hold'em No Limit - Level11(400/800(120)) - 2026/02/11 23:46:54
Table '149' 8-max Seat #7 is the button
Seat 1: 691897cc (22,940 in chips)
Seat 2: 537ce301 (35,010 in chips)
Seat 3: 7cdccc70 (14,484 in chips)
Seat 4: Hero (71,621 in chips)
Seat 5: 946d377 (91,002 in chips)
Seat 6: 6b41b7ec (44,977 in chips)
Seat 7: ff7948e2 (12,713 in chips)
Seat 8: 6179b184 (11,812 in chips)
6b41b7ec: posts the ante 120
Hero: posts the ante 120
691897cc: posts the ante 120
7cdccc70: posts the ante 120
537ce301: posts the ante 120
ff7948e2: posts the ante 120
946d377: posts the ante 120
6179b184: posts the ante 120
6179b184: posts small blind 400
691897cc: posts big blind 800
*** HOLE CARDS ***
Dealt to 691897cc 
Dealt to 537ce301 
Dealt to 7cdccc70 
Dealt to Hero [Kh 2c]
Dealt to 946d377 
Dealt to 6b41b7ec 
Dealt to ff7948e2 
Dealt to 6179b184 
537ce301: folds
7cdccc70: folds
Hero: folds
946d377: folds
6b41b7ec: folds
ff7948e2: raises 11,793 to 12,593 and is all-in
6179b184: calls 11,292 and is all-in
691897cc: calls 11,793
ff7948e2: shows [9s Ah]
6179b184: shows [Jd Qd]
691897cc: shows [9h 2h]
*** FLOP *** [8d 4h Kd]
*** TURN *** [8d 4h Kd] [5h]
*** RIVER *** [8d 4h Kd 5h] [8h]
*** SHOWDOWN ***
691897cc collected 36,036 from pot
691897cc collected 1,802 from pot
*** SUMMARY ***
Total pot 37,838 | Rake 0 | Jackpot 0 | Bingo 0 | Fortune 0 | Tax 0
Board [8d 4h Kd 5h 8h]
Seat 1: 691897cc (big blind) showed [9h 2h] and won (37,838) with a flush Nine high
Seat 2: 537ce301 folded before Flop
Seat 3: 7cdccc70 folded before Flop
Seat 4: Hero folded before Flop
Seat 5: 946d377 folded before Flop
Seat 6: 6b41b7ec folded before Flop
Seat 7: ff7948e2 (button) showed [9s Ah] and lost with a pair of Eights
Seat 8: 6179b184 (small blind) showed [Jd Qd] and lost with a pair of Eights


Poker Hand #TM5576050785: Tournament #262679494, Bounty Hunters Deepstack Turbo $10.80 Hold'em No Limit - Level11(400/800(120)) - 2026/02/11 23:45:57
Table '149' 8-max Seat #6 is the button
Seat 1: 691897cc (24,660 in chips)
Seat 2: 537ce301 (33,250 in chips)
Seat 3: 7cdccc70 (14,604 in chips)
Seat 4: Hero (71,741 in chips)
Seat 5: 946d377 (91,122 in chips)
Seat 6: 6b41b7ec (43,217 in chips)
Seat 7: ff7948e2 (13,233 in chips)
Seat 8: 6179b184 (12,732 in chips)
6b41b7ec: posts the ante 120
Hero: posts the ante 120
691897cc: posts the ante 120
7cdccc70: posts the ante 120
537ce301: posts the ante 120
ff7948e2: posts the ante 120
946d377: posts the ante 120
6179b184: posts the ante 120
ff7948e2: posts small blind 400
6179b184: posts big blind 800
*** HOLE CARDS ***
Dealt to 691897cc 
Dealt to 537ce301 
Dealt to 7cdccc70 
Dealt to Hero [Th Kd]
Dealt to 946d377 
Dealt to 6b41b7ec 
Dealt to ff7948e2 
Dealt to 6179b184 
691897cc: raises 800 to 1,600
537ce301: raises 3,200 to 4,800
7cdccc70: folds
Hero: folds
946d377: folds
6b41b7ec: raises 38,297 to 43,097 and is all-in
ff7948e2: folds
6179b184: folds
691897cc: folds
537ce301: calls 28,330 and is all-in
Uncalled bet (9,967) returned to 6b41b7ec
6b41b7ec: shows [Ks Ah]
537ce301: shows [Kc Ad]
*** FLOP *** [Qd Qs 4d]
*** TURN *** [Qd Qs 4d] [5c]
*** RIVER *** [Qd Qs 4d 5c] [4c]
*** SHOWDOWN ***
6b41b7ec collected 35,010 from pot
537ce301 collected 35,010 from pot
*** SUMMARY ***
Total pot 70,020 | Rake 0 | Jackpot 0 | Bingo 0 | Fortune 0 | Tax 0
Board [Qd Qs 4d 5c 4c]
Seat 1: 691897cc folded before Flop
Seat 2: 537ce301 showed [Kc Ad] and won (35,010) with two pair, Queens and Fours
Seat 3: 7cdccc70 folded before Flop
Seat 4: Hero folded before Flop
Seat 5: 946d377 folded before Flop
Seat 6: 6b41b7ec (button) showed [Ks Ah] and won (35,010) with two pair, Queens and Fours
Seat 7: ff7948e2 (small blind) folded before Flop
Seat 8: 6179b184 (big blind) folded before Flop


Poker Hand #TM5576050762: Tournament #262679494, Bounty Hunters Deepstack Turbo $10.80 Hold'em No Limit - Level11(400/800(120)) - 2026/02/11 23:45:05
Table '149' 8-max Seat #5 is the button
Seat 1: 691897cc (24,780 in chips)
Seat 2: 537ce301 (29,610 in chips)
Seat 3: 7cdccc70 (14,724 in chips)
Seat 4: Hero (71,861 in chips)
Seat 5: 946d377 (91,242 in chips)
Seat 6: 6b41b7ec (43,737 in chips)
Seat 7: ff7948e2 (14,153 in chips)
Seat 8: 6179b184 (14,452 in chips)
6b41b7ec: posts the ante 120
Hero: posts the ante 120
691897cc: posts the ante 120
7cdccc70: posts the ante 120
537ce301: posts the ante 120
ff7948e2: posts the ante 120
946d377: posts the ante 120
6179b184: posts the ante 120
6b41b7ec: posts small blind 400
ff7948e2: posts big blind 800
*** HOLE CARDS ***
Dealt to 691897cc 
Dealt to 537ce301 
Dealt to 7cdccc70 
Dealt to Hero [3h Jd]
Dealt to 946d377 
Dealt to 6b41b7ec 
Dealt to ff7948e2 
Dealt to 6179b184 
6179b184: raises 800 to 1,600
691897cc: folds
537ce301: raises 3,200 to 4,800
7cdccc70: folds
Hero: folds
946d377: folds
6b41b7ec: folds
ff7948e2: folds
6179b184: folds
Uncalled bet (3,200) returned to 537ce301
*** SHOWDOWN ***
537ce301 collected 5,360 from pot
*** SUMMARY ***
Total pot 5,360 | Rake 0 | Jackpot 0 | Bingo 0 | Fortune 0 | Tax 0
Seat 1: 691897cc folded before Flop
Seat 2: 537ce301 collected (5,360)
Seat 3: 7cdccc70 folded before Flop
Seat 4: Hero folded before Flop
Seat 5: 946d377 (button) folded before Flop
Seat 6: 6b41b7ec (small blind) folded before Flop
Seat 7: ff7948e2 (big blind) folded before Flop
Seat 8: 6179b184 folded before Flop


Poker Hand #TM5576050746: Tournament #262679494, Bounty Hunters Deepstack Turbo $10.80 Hold'em No Limit - Level11(400/800(120)) - 2026/02/11 23:44:25
Table '149' 8-max Seat #4 is the button
Seat 1: 691897cc (21,140 in chips)
Seat 2: 537ce301 (29,730 in chips)
Seat 3: 7cdccc70 (14,844 in chips)
Seat 4: Hero (71,981 in chips)
Seat 5: 946d377 (91,762 in chips)
Seat 6: 6b41b7ec (44,657 in chips)
Seat 7: ff7948e2 (14,273 in chips)
Seat 8: 6179b184 (16,172 in chips)
6b41b7ec: posts the ante 120
Hero: posts the ante 120
691897cc: posts the ante 120
7cdccc70: posts the ante 120
537ce301: posts the ante 120
ff7948e2: posts the ante 120
6179b184: posts the ante 120
946d377: posts the ante 120
946d377: posts small blind 400
6b41b7ec: posts big blind 800
*** HOLE CARDS ***
Dealt to 691897cc 
Dealt to 537ce301 
Dealt to 7cdccc70 
Dealt to Hero [Ks 9s]
Dealt to 946d377 
Dealt to 6b41b7ec 
Dealt to ff7948e2 
Dealt to 6179b184 
ff7948e2: folds
6179b184: raises 800 to 1,600
691897cc: raises 19,420 to 21,020 and is all-in
537ce301: folds
7cdccc70: folds
Hero: folds
946d377: folds
6b41b7ec: folds
6179b184: folds
Uncalled bet (19,420) returned to 691897cc
*** SHOWDOWN ***
691897cc collected 5,360 from pot
*** SUMMARY ***
Total pot 5,360 | Rake 0 | Jackpot 0 | Bingo 0 | Fortune 0 | Tax 0
Seat 1: 691897cc collected (5,360)
Seat 2: 537ce301 folded before Flop
Seat 3: 7cdccc70 folded before Flop
Seat 4: Hero (button) folded before Flop
Seat 5: 946d377 (small blind) folded before Flop
Seat 6: 6b41b7ec (big blind) folded before Flop
Seat 7: ff7948e2 folded before Flop
Seat 8: 6179b184 folded before Flop


Poker Hand #TM5576050731: Tournament #262679494, Bounty Hunters Deepstack Turbo $10.80 Hold'em No Limit - Level11(400/800(120)) - 2026/02/11 23:43:35
Table '149' 8-max Seat #3 is the button
Seat 1: 691897cc (21,260 in chips)
Seat 2: 537ce301 (31,450 in chips)
Seat 3: 7cdccc70 (14,964 in chips)
Seat 4: Hero (68,741 in chips)
Seat 5: 946d377 (92,682 in chips)
Seat 6: 6b41b7ec (44,777 in chips)
Seat 7: ff7948e2 (14,393 in chips)
Seat 8: 6179b184 (16,292 in chips)
6b41b7ec: posts the ante 120
691897cc: posts the ante 120
Hero: posts the ante 120
7cdccc70: posts the ante 120
537ce301: posts the ante 120
ff7948e2: posts the ante 120
6179b184: posts the ante 120
946d377: posts the ante 120
Hero: posts small blind 400
946d377: posts big blind 800
*** HOLE CARDS ***
Dealt to 691897cc 
Dealt to 537ce301 
Dealt to 7cdccc70 
Dealt to Hero [Kh Ks]
Dealt to 946d377 
Dealt to 6b41b7ec 
Dealt to ff7948e2 
Dealt to 6179b184 
6b41b7ec: folds
ff7948e2: folds
6179b184: folds
691897cc: folds
537ce301: raises 800 to 1,600
7cdccc70: folds
Hero: raises 6,560 to 8,160
946d377: folds
537ce301: folds
Uncalled bet (6,560) returned to Hero
*** SHOWDOWN ***
Hero collected 4,960 from pot
*** SUMMARY ***
Total pot 4,960 | Rake 0 | Jackpot 0 | Bingo 0 | Fortune 0 | Tax 0
Seat 1: 691897cc folded before Flop
Seat 2: 537ce301 folded before Flop
Seat 3: 7cdccc70 (button) folded before Flop
Seat 4: Hero (small blind) collected (4,960)
Seat 5: 946d377 (big blind) folded before Flop
Seat 6: 6b41b7ec folded before Flop
Seat 7: ff7948e2 folded before Flop
Seat 8: 6179b184 folded before Flop


Poker Hand #TM5576050720: Tournament #262679494, Bounty Hunters Deepstack Turbo $10.80 Hold'em No Limit - Level11(400/800(120)) - 2026/02/11 23:43:02
Table '149' 8-max Seat #2 is the button
Seat 1: 691897cc (21,380 in chips)
Seat 2: 537ce301 (31,570 in chips)
Seat 3: 7cdccc70 (15,484 in chips)
Seat 4: Hero (69,661 in chips)
Seat 5: 946d377 (90,642 in chips)
Seat 6: 6b41b7ec (44,897 in chips)
Seat 7: ff7948e2 (14,513 in chips)
Seat 8: 6179b184 (16,412 in chips)
6b41b7ec: posts the ante 120
691897cc: posts the ante 120
Hero: posts the ante 120
537ce301: posts the ante 120
7cdccc70: posts the ante 120
ff7948e2: posts the ante 120
6179b184: posts the ante 120
946d377: posts the ante 120
7cdccc70: posts small blind 400
Hero: posts big blind 800
*** HOLE CARDS ***
Dealt to 691897cc 
Dealt to 537ce301 
Dealt to 7cdccc70 
Dealt to Hero [8s 3d]
Dealt to 946d377 
Dealt to 6b41b7ec 
Dealt to ff7948e2 
Dealt to 6179b184 
946d377: raises 1,200 to 2,000
6b41b7ec: folds
ff7948e2: folds
6179b184: folds
691897cc: folds
537ce301: folds
7cdccc70: folds
Hero: folds
Uncalled bet (1,200) returned to 946d377
*** SHOWDOWN ***
946d377 collected 2,960 from pot
*** SUMMARY ***
Total pot 2,960 | Rake 0 | Jackpot 0 | Bingo 0 | Fortune 0 | Tax 0
Seat 1: 691897cc folded before Flop
Seat 2: 537ce301 (button) folded before Flop
Seat 3: 7cdccc70 (small blind) folded before Flop
Seat 4: Hero (big blind) folded before Flop
Seat 5: 946d377 collected (2,960)
Seat 6: 6b41b7ec folded before Flop
Seat 7: ff7948e2 folded before Flop
Seat 8: 6179b184 folded before Flop


Poker Hand #TM5576050711: Tournament #262679494, Bounty Hunters Deepstack Turbo $10.80 Hold'em No Limit - Level11(400/800(120)) - 2026/02/11 23:42:28
Table '149' 8-max Seat #1 is the button
Seat 1: 691897cc (21,500 in chips)
Seat 2: 537ce301 (32,090 in chips)
Seat 3: 7cdccc70 (14,244 in chips)
Seat 4: Hero (69,781 in chips)
Seat 5: 946d377 (90,762 in chips)
Seat 6: 6b41b7ec (45,017 in chips)
Seat 7: ff7948e2 (14,633 in chips)
Seat 8: 6179b184 (16,532 in chips)
6b41b7ec: posts the ante 120
691897cc: posts the ante 120
Hero: posts the ante 120
7cdccc70: posts the ante 120
537ce301: posts the ante 120
ff7948e2: posts the ante 120
6179b184: posts the ante 120
946d377: posts the ante 120
537ce301: posts small blind 400
7cdccc70: posts big blind 800
*** HOLE CARDS ***
Dealt to 691897cc 
Dealt to 537ce301 
Dealt to 7cdccc70 
Dealt to Hero [4c 8h]
Dealt to 946d377 
Dealt to 6b41b7ec 
Dealt to ff7948e2 
Dealt to 6179b184 
Hero: folds
946d377: folds
6b41b7ec: folds
ff7948e2: folds
6179b184: folds
691897cc: folds
537ce301: folds
Uncalled bet (400) returned to 7cdccc70
*** SHOWDOWN ***
7cdccc70 collected 1,760 from pot
*** SUMMARY ***
Total pot 1,760 | Rake 0 | Jackpot 0 | Bingo 0 | Fortune 0 | Tax 0
Seat 1: 691897cc (button) folded before Flop
Seat 2: 537ce301 (small blind) folded before Flop
Seat 3: 7cdccc70 (big blind) collected (1,760)
Seat 4: Hero folded before Flop
Seat 5: 946d377 folded before Flop
Seat 6: 6b41b7ec folded before Flop
Seat 7: ff7948e2 folded before Flop
Seat 8: 6179b184 folded before Flop


Poker Hand #TM5576050696: Tournament #262679494, Bounty Hunters Deepstack Turbo $10.80 Hold'em No Limit - Level10(350/700(100)) - 2026/02/11 23:41:35
Table '149' 8-max Seat #8 is the button
Seat 1: 691897cc (21,950 in chips)
Seat 2: 537ce301 (28,240 in chips)
Seat 3: 7cdccc70 (15,744 in chips)
Seat 4: Hero (69,881 in chips)
Seat 5: 946d377 (90,862 in chips)
Seat 6: 6b41b7ec (45,117 in chips)
Seat 7: ff7948e2 (16,133 in chips)
Seat 8: 6179b184 (16,632 in chips)
6b41b7ec: posts the ante 100
Hero: posts the ante 100
691897cc: posts the ante 100
7cdccc70: posts the ante 100
537ce301: posts the ante 100
ff7948e2: posts the ante 100
6179b184: posts the ante 100
946d377: posts the ante 100
691897cc: posts small blind 350
537ce301: posts big blind 700
*** HOLE CARDS ***
Dealt to 691897cc 
Dealt to 537ce301 
Dealt to 7cdccc70 
Dealt to Hero [Kd 8c]
Dealt to 946d377 
Dealt to 6b41b7ec 
Dealt to ff7948e2 
Dealt to 6179b184 
7cdccc70: raises 700 to 1,400
Hero: folds
946d377: folds
6b41b7ec: folds
ff7948e2: calls 1,400
6179b184: folds
691897cc: folds
537ce301: raises 26,740 to 28,140 and is all-in
7cdccc70: folds
ff7948e2: folds
Uncalled bet (26,740) returned to 537ce301
*** SHOWDOWN ***
537ce301 collected 5,350 from pot
*** SUMMARY ***
Total pot 5,350 | Rake 0 | Jackpot 0 | Bingo 0 | Fortune 0 | Tax 0
Seat 1: 691897cc (small blind) folded before Flop
Seat 2: 537ce301 (big blind) collected (5,350)
Seat 3: 7cdccc70 folded before Flop
Seat 4: Hero folded before Flop
Seat 5: 946d377 folded before Flop
Seat 6: 6b41b7ec folded before Flop
Seat 7: ff7948e2 folded before Flop
Seat 8: 6179b184 (button) folded before Flop


Poker Hand #TM5576050680: Tournament #262679494, Bounty Hunters Deepstack Turbo $10.80 Hold'em No Limit - Level10(350/700(100)) - 2026/02/11 23:40:53
Table '149' 8-max Seat #7 is the button
Seat 1: 691897cc (23,450 in chips)
Seat 2: 537ce301 (24,390 in chips)
Seat 3: 7cdccc70 (15,844 in chips)
Seat 4: Hero (69,981 in chips)
Seat 5: 946d377 (90,962 in chips)
Seat 6: 6b41b7ec (45,217 in chips)
Seat 7: ff7948e2 (17,633 in chips)
Seat 8: 6179b184 (17,082 in chips)
6b41b7ec: posts the ante 100
Hero: posts the ante 100
691897cc: posts the ante 100
7cdccc70: posts the ante 100
537ce301: posts the ante 100
ff7948e2: posts the ante 100
946d377: posts the ante 100
6179b184: posts the ante 100
6179b184: posts small blind 350
691897cc: posts big blind 700
*** HOLE CARDS ***
Dealt to 691897cc 
Dealt to 537ce301 
Dealt to 7cdccc70 
Dealt to Hero [8d Jc]
Dealt to 946d377 
Dealt to 6b41b7ec 
Dealt to ff7948e2 
Dealt to 6179b184 
537ce301: raises 700 to 1,400
7cdccc70: folds
Hero: folds
946d377: folds
6b41b7ec: folds
ff7948e2: calls 1,400
6179b184: folds
691897cc: calls 700
*** FLOP *** [2d Qs 2s]
691897cc: checks
537ce301: bets 2,140
ff7948e2: folds
691897cc: folds
Uncalled bet (2,140) returned to 537ce301
*** SHOWDOWN ***
537ce301 collected 5,350 from pot
*** SUMMARY ***
Total pot 5,350 | Rake 0 | Jackpot 0 | Bingo 0 | Fortune 0 | Tax 0
Board [2d Qs 2s]
Seat 1: 691897cc (big blind) folded on the Flop
Seat 2: 537ce301 won (5,350)
Seat 3: 7cdccc70 folded before Flop
Seat 4: Hero folded before Flop
Seat 5: 946d377 folded before Flop
Seat 6: 6b41b7ec folded before Flop
Seat 7: ff7948e2 (button) folded on the Flop
Seat 8: 6179b184 (small blind) folded before Flop


Poker Hand #TM5576050671: Tournament #262679494, Bounty Hunters Deepstack Turbo $10.80 Hold'em No Limit - Level10(350/700(100)) - 2026/02/11 23:40:22
Table '149' 8-max Seat #6 is the button
Seat 1: 691897cc (23,550 in chips)
Seat 2: 537ce301 (22,640 in chips)
Seat 3: 7cdccc70 (15,944 in chips)
Seat 4: Hero (70,081 in chips)
Seat 5: 946d377 (91,062 in chips)
Seat 6: 6b41b7ec (45,317 in chips)
Seat 7: ff7948e2 (18,083 in chips)
Seat 8: 6179b184 (17,882 in chips)
6b41b7ec: posts the ante 100
Hero: posts the ante 100
691897cc: posts the ante 100
7cdccc70: posts the ante 100
537ce301: posts the ante 100
ff7948e2: posts the ante 100
946d377: posts the ante 100
6179b184: posts the ante 100
ff7948e2: posts small blind 350
6179b184: posts big blind 700
*** HOLE CARDS ***
Dealt to 691897cc 
Dealt to 537ce301 
Dealt to 7cdccc70 
Dealt to Hero [4d 8c]
Dealt to 946d377 
Dealt to 6b41b7ec 
Dealt to ff7948e2 
Dealt to 6179b184 
691897cc: folds
537ce301: raises 700 to 1,400
7cdccc70: folds
Hero: folds
946d377: folds
6b41b7ec: folds
ff7948e2: folds
6179b184: folds
Uncalled bet (700) returned to 537ce301
*** SHOWDOWN ***
537ce301 collected 2,550 from pot
*** SUMMARY ***
Total pot 2,550 | Rake 0 | Jackpot 0 | Bingo 0 | Fortune 0 | Tax 0
Seat 1: 691897cc folded before Flop
Seat 2: 537ce301 collected (2,550)
Seat 3: 7cdccc70 folded before Flop
Seat 4: Hero folded before Flop
Seat 5: 946d377 folded before Flop
Seat 6: 6b41b7ec (button) folded before Flop
Seat 7: ff7948e2 (small blind) folded before Flop
Seat 8: 6179b184 (big blind) folded before Flop


Poker Hand #TM5576050646: Tournament #262679494, Bounty Hunters Deepstack Turbo $10.80 Hold'em No Limit - Level10(350/700(100)) - 2026/02/11 23:39:02
Table '149' 8-max Seat #5 is the button
Seat 1: 691897cc (19,700 in chips)
Seat 2: 537ce301 (22,740 in chips)
Seat 3: 7cdccc70 (16,044 in chips)
Seat 4: Hero (70,181 in chips)
Seat 5: 946d377 (92,562 in chips)
Seat 6: 6b41b7ec (45,767 in chips)
Seat 7: ff7948e2 (19,583 in chips)
Seat 8: 6179b184 (17,982 in chips)
6b41b7ec: posts the ante 100
Hero: posts the ante 100
691897cc: posts the ante 100
7cdccc70: posts the ante 100
537ce301: posts the ante 100
ff7948e2: posts the ante 100
946d377: posts the ante 100
6179b184: posts the ante 100
6b41b7ec: posts small blind 350
ff7948e2: posts big blind 700
*** HOLE CARDS ***
Dealt to 691897cc 
Dealt to 537ce301 
Dealt to 7cdccc70 
Dealt to Hero [Qd 6d]
Dealt to 946d377 
Dealt to 6b41b7ec 
Dealt to ff7948e2 
Dealt to 6179b184 
6179b184: folds
691897cc: raises 700 to 1,400
537ce301: folds
7cdccc70: folds
Hero: folds
946d377: calls 1,400
6b41b7ec: folds
ff7948e2: calls 700
*** FLOP *** [2c 9s 6c]
ff7948e2: checks
691897cc: bets 4,013
946d377: folds
ff7948e2: folds
Uncalled bet (4,013) returned to 691897cc
*** SHOWDOWN ***
691897cc collected 5,350 from pot
*** SUMMARY ***
Total pot 5,350 | Rake 0 | Jackpot 0 | Bingo 0 | Fortune 0 | Tax 0
Board [2c 9s 6c]
Seat 1: 691897cc won (5,350)
Seat 2: 537ce301 folded before Flop
Seat 3: 7cdccc70 folded before Flop
Seat 4: Hero folded before Flop
Seat 5: 946d377 (button) folded on the Flop
Seat 6: 6b41b7ec (small blind) folded before Flop
Seat 7: ff7948e2 (big blind) folded on the Flop
Seat 8: 6179b184 folded before Flop


Poker Hand #TM5576050624: Tournament #262679494, Bounty Hunters Deepstack Turbo $10.80 Hold'em No Limit - Level10(350/700(100)) - 2026/02/11 23:38:04
Table '149' 8-max Seat #4 is the button
Seat 1: 691897cc (19,800 in chips)
Seat 2: 537ce301 (22,840 in chips)
Seat 3: 7cdccc70 (16,144 in chips)
Seat 4: Hero (73,431 in chips)
Seat 5: 946d377 (94,062 in chips)
Seat 6: 6b41b7ec (46,567 in chips)
Seat 7: ff7948e2 (19,683 in chips)
Seat 8: 6179b184 (12,032 in chips)
6b41b7ec: posts the ante 100
Hero: posts the ante 100
691897cc: posts the ante 100
7cdccc70: posts the ante 100
537ce301: posts the ante 100
ff7948e2: posts the ante 100
6179b184: posts the ante 100
946d377: posts the ante 100
946d377: posts small blind 350
6b41b7ec: posts big blind 700
*** HOLE CARDS ***
Dealt to 691897cc 
Dealt to 537ce301 
Dealt to 7cdccc70 
Dealt to Hero [8h Ah]
Dealt to 946d377 
Dealt to 6b41b7ec 
Dealt to ff7948e2 
Dealt to 6179b184 
ff7948e2: folds
6179b184: raises 700 to 1,400
691897cc: folds
537ce301: folds
7cdccc70: folds
Hero: calls 1,400
946d377: calls 1,050
6b41b7ec: folds
*** FLOP *** [5s 4h 4c]
946d377: checks
6179b184: bets 1,750
Hero: calls 1,750
946d377: folds
*** TURN *** [5s 4h 4c] [9d]
6179b184: bets 4,200
Hero: folds
Uncalled bet (4,200) returned to 6179b184
*** SHOWDOWN ***
6179b184 collected 9,200 from pot
*** SUMMARY ***
Total pot 9,200 | Rake 0 | Jackpot 0 | Bingo 0 | Fortune 0 | Tax 0
Board [5s 4h 4c 9d]
Seat 1: 691897cc folded before Flop
Seat 2: 537ce301 folded before Flop
Seat 3: 7cdccc70 folded before Flop
Seat 4: Hero (button) folded on the Turn
Seat 5: 946d377 (small blind) folded on the Flop
Seat 6: 6b41b7ec (big blind) folded before Flop
Seat 7: ff7948e2 folded before Flop
Seat 8: 6179b184 won (9,200)


Poker Hand #TM5576050620: Tournament #262679494, Bounty Hunters Deepstack Turbo $10.80 Hold'em No Limit - Level10(350/700(100)) - 2026/02/11 23:37:45
Table '149' 8-max Seat #3 is the button
Seat 1: 691897cc (19,900 in chips)
Seat 2: 537ce301 (22,940 in chips)
Seat 3: 7cdccc70 (16,244 in chips)
Seat 4: Hero (73,881 in chips)
Seat 5: 946d377 (94,862 in chips)
Seat 6: 6b41b7ec (46,667 in chips)
Seat 7: ff7948e2 (17,933 in chips)
Seat 8: 6179b184 (12,132 in chips)
6b41b7ec: posts the ante 100
691897cc: posts the ante 100
Hero: posts the ante 100
7cdccc70: posts the ante 100
537ce301: posts the ante 100
ff7948e2: posts the ante 100
6179b184: posts the ante 100
946d377: posts the ante 100
Hero: posts small blind 350
946d377: posts big blind 700
*** HOLE CARDS ***
Dealt to 691897cc 
Dealt to 537ce301 
Dealt to 7cdccc70 
Dealt to Hero [5c 7s]
Dealt to 946d377 
Dealt to 6b41b7ec 
Dealt to ff7948e2 
Dealt to 6179b184 
6b41b7ec: folds
ff7948e2: raises 1,610 to 2,310
6179b184: folds
691897cc: folds
537ce301: folds
7cdccc70: folds
Hero: folds
946d377: folds
Uncalled bet (1,610) returned to ff7948e2
*** SHOWDOWN ***
ff7948e2 collected 2,550 from pot
*** SUMMARY ***
Total pot 2,550 | Rake 0 | Jackpot 0 | Bingo 0 | Fortune 0 | Tax 0
Seat 1: 691897cc folded before Flop
Seat 2: 537ce301 folded before Flop
Seat 3: 7cdccc70 (button) folded before Flop
Seat 4: Hero (small blind) folded before Flop
Seat 5: 946d377 (big blind) folded before Flop
Seat 6: 6b41b7ec folded before Flop
Seat 7: ff7948e2 collected (2,550)
Seat 8: 6179b184 folded before Flop


Poker Hand #TM5576050599: Tournament #262679494, Bounty Hunters Deepstack Turbo $10.80 Hold'em No Limit - Level10(350/700(100)) - 2026/02/11 23:36:53
Table '149' 8-max Seat #2 is the button
Seat 1: 691897cc (20,000 in chips)
Seat 2: 537ce301 (19,090 in chips)
Seat 3: 7cdccc70 (16,694 in chips)
Seat 4: Hero (74,681 in chips)
Seat 5: 946d377 (94,962 in chips)
Seat 6: 6b41b7ec (46,767 in chips)
Seat 7: ff7948e2 (20,133 in chips)
Seat 8: 6179b184 (12,232 in chips)
6b41b7ec: posts the ante 100
691897cc: posts the ante 100
Hero: posts the ante 100
537ce301: posts the ante 100
7cdccc70: posts the ante 100
ff7948e2: posts the ante 100
6179b184: posts the ante 100
946d377: posts the ante 100
7cdccc70: posts small blind 350
Hero: posts big blind 700
*** HOLE CARDS ***
Dealt to 691897cc 
Dealt to 537ce301 
Dealt to 7cdccc70 
Dealt to Hero [7s 9c]
Dealt to 946d377 
Dealt to 6b41b7ec 
Dealt to ff7948e2 
Dealt to 6179b184 
946d377: folds
6b41b7ec: folds
ff7948e2: calls 700
6179b184: folds
691897cc: folds
537ce301: raises 1,400 to 2,100
7cdccc70: folds
Hero: folds
ff7948e2: calls 1,400
*** FLOP *** [Qd 8c 8s]
ff7948e2: checks
537ce301: bets 1,815
ff7948e2: folds
Uncalled bet (1,815) returned to 537ce301
*** SHOWDOWN ***
537ce301 collected 6,050 from pot
*** SUMMARY ***
Total pot 6,050 | Rake 0 | Jackpot 0 | Bingo 0 | Fortune 0 | Tax 0
Board [Qd 8c 8s]
Seat 1: 691897cc folded before Flop
Seat 2: 537ce301 (button) won (6,050)
Seat 3: 7cdccc70 (small blind) folded before Flop
Seat 4: Hero (big blind) folded before Flop
Seat 5: 946d377 folded before Flop
Seat 6: 6b41b7ec folded before Flop
Seat 7: ff7948e2 folded on the Flop
Seat 8: 6179b184 folded before Flop


Poker Hand #TM5576050560: Tournament #262679494, Bounty Hunters Deepstack Turbo $10.80 Hold'em No Limit - Level10(350/700(100)) - 2026/02/11 23:34:54
Table '149' 8-max Seat #8 is the button
Seat 2: 537ce301 (19,540 in chips)
Seat 3: 7cdccc70 (20,000 in chips)
Seat 4: Hero (74,781 in chips)
Seat 5: 946d377 (90,806 in chips)
Seat 6: 6b41b7ec (46,867 in chips)
Seat 7: ff7948e2 (20,233 in chips)
Seat 8: 6179b184 (12,332 in chips)
6b41b7ec: posts the ante 100
Hero: posts the ante 100
7cdccc70: posts the ante 100
537ce301: posts the ante 100
ff7948e2: posts the ante 100
6179b184: posts the ante 100
946d377: posts the ante 100
537ce301: posts small blind 350
7cdccc70: posts big blind 700
*** HOLE CARDS ***
Dealt to 537ce301 
Dealt to 7cdccc70 
Dealt to Hero [2c 6d]
Dealt to 946d377 
Dealt to 6b41b7ec 
Dealt to ff7948e2 
Dealt to 6179b184 
Hero: folds
946d377: raises 1,050 to 1,750
6b41b7ec: folds
ff7948e2: folds
6179b184: folds
537ce301: folds
7cdccc70: calls 1,050
*** FLOP *** [8c 9h 5d]
7cdccc70: checks
946d377: checks
*** TURN *** [8c 9h 5d] [2s]
7cdccc70: bets 1,456
946d377: calls 1,456
*** RIVER *** [8c 9h 5d 2s] [Ah]
7cdccc70: checks
946d377: bets 5,821
7cdccc70: folds
Uncalled bet (5,821) returned to 946d377
*** SHOWDOWN ***
946d377 collected 7,462 from pot
*** SUMMARY ***
Total pot 7,462 | Rake 0 | Jackpot 0 | Bingo 0 | Fortune 0 | Tax 0
Board [8c 9h 5d 2s Ah]
Seat 2: 537ce301 (small blind) folded before Flop
Seat 3: 7cdccc70 (big blind) folded on the River
Seat 4: Hero folded before Flop
Seat 5: 946d377 won (7,462)
Seat 6: 6b41b7ec folded before Flop
Seat 7: ff7948e2 folded before Flop
Seat 8: 6179b184 (button) folded before Flop


Poker Hand #TM5576050542: Tournament #262679494, Bounty Hunters Deepstack Turbo $10.80 Hold'em No Limit - Level10(350/700(100)) - 2026/02/11 23:34:13
Table '149' 8-max Seat #7 is the button
Seat 1: 5dea2e47 (15,886 in chips)
Seat 2: 537ce301 (19,640 in chips)
Seat 4: Hero (58,045 in chips)
Seat 5: 946d377 (90,906 in chips)
Seat 6: 6b41b7ec (46,967 in chips)
Seat 7: ff7948e2 (20,333 in chips)
Seat 8: 6179b184 (12,782 in chips)
6b41b7ec: posts the ante 100
Hero: posts the ante 100
537ce301: posts the ante 100
ff7948e2: posts the ante 100
946d377: posts the ante 100
6179b184: posts the ante 100
5dea2e47: posts the ante 100
6179b184: posts small blind 350
5dea2e47: posts big blind 700
*** HOLE CARDS ***
Dealt to 5dea2e47 
Dealt to 537ce301 
Dealt to Hero [9c Tc]
Dealt to 946d377 
Dealt to 6b41b7ec 
Dealt to ff7948e2 
Dealt to 6179b184 
537ce301: folds
Hero: raises 700 to 1,400
946d377: folds
6b41b7ec: folds
ff7948e2: folds
6179b184: folds
5dea2e47: raises 14,386 to 15,786 and is all-in
Hero: calls 14,386
5dea2e47: shows [5d Jd]
Hero: shows [9c Tc]
*** FLOP *** [Th 4c 3s]
*** TURN *** [Th 4c 3s] [9s]
*** RIVER *** [Th 4c 3s 9s] [As]
*** SHOWDOWN ***
Hero collected 32,622 from pot
*** SUMMARY ***
Total pot 32,622 | Rake 0 | Jackpot 0 | Bingo 0 | Fortune 0 | Tax 0
Board [Th 4c 3s 9s As]
Seat 1: 5dea2e47 (big blind) showed [5d Jd] and lost with Ace high
Seat 2: 537ce301 folded before Flop
Seat 4: Hero showed [9c Tc] and won (32,622) with two pair, Tens and Nines
Seat 5: 946d377 folded before Flop
Seat 6: 6b41b7ec folded before Flop
Seat 7: ff7948e2 (button) folded before Flop
Seat 8: 6179b184 (small blind) folded before Flop


Poker Hand #TM5576050525: Tournament #262679494, Bounty Hunters Deepstack Turbo $10.80 Hold'em No Limit - Level9(300/600(90)) - 2026/02/11 23:33:24
Table '149' 8-max Seat #6 is the button
Seat 1: 5dea2e47 (17,776 in chips)
Seat 2: 537ce301 (19,730 in chips)
Seat 4: Hero (54,805 in chips)
Seat 5: 946d377 (90,996 in chips)
Seat 6: 6b41b7ec (47,057 in chips)
Seat 7: ff7948e2 (20,723 in chips)
Seat 8: 6179b184 (13,472 in chips)
6b41b7ec: posts the ante 90
Hero: posts the ante 90
537ce301: posts the ante 90
ff7948e2: posts the ante 90
946d377: posts the ante 90
6179b184: posts the ante 90
5dea2e47: posts the ante 90
ff7948e2: posts small blind 300
6179b184: posts big blind 600
*** HOLE CARDS ***
Dealt to 5dea2e47 
Dealt to 537ce301 
Dealt to Hero [5d Ac]
Dealt to 946d377 
Dealt to 6b41b7ec 
Dealt to ff7948e2 
Dealt to 6179b184 
5dea2e47: raises 1,200 to 1,800
537ce301: folds
Hero: calls 1,800
946d377: folds
6b41b7ec: folds
ff7948e2: folds
6179b184: folds
*** FLOP *** [7h 8c 6d]
5dea2e47: checks
Hero: bets 2,293
5dea2e47: folds
Uncalled bet (2,293) returned to Hero
*** SHOWDOWN ***
Hero collected 5,130 from pot
*** SUMMARY ***
Total pot 5,130 | Rake 0 | Jackpot 0 | Bingo 0 | Fortune 0 | Tax 0
Board [7h 8c 6d]
Seat 1: 5dea2e47 folded on the Flop
Seat 2: 537ce301 folded before Flop
Seat 4: Hero won (5,130)
Seat 5: 946d377 folded before Flop
Seat 6: 6b41b7ec (button) folded before Flop
Seat 7: ff7948e2 (small blind) folded before Flop
Seat 8: 6179b184 (big blind) folded before Flop


Poker Hand #TM5576050479: Tournament #262679494, Bounty Hunters Deepstack Turbo $10.80 Hold'em No Limit - Level9(300/600(90)) - 2026/02/11 23:30:59
Table '149' 8-max Seat #5 is the button
Seat 1: 5dea2e47 (22,066 in chips)
Seat 2: 537ce301 (19,820 in chips)
Seat 3: 371f3fe7 (17,350 in chips)
Seat 4: Hero (31,815 in chips)
Seat 5: 946d377 (91,086 in chips)
Seat 6: 6b41b7ec (47,447 in chips)
Seat 7: ff7948e2 (21,413 in chips)
Seat 8: 6179b184 (13,562 in chips)
6b41b7ec: posts the ante 90
Hero: posts the ante 90
537ce301: posts the ante 90
ff7948e2: posts the ante 90
946d377: posts the ante 90
6179b184: posts the ante 90
5dea2e47: posts the ante 90
371f3fe7: posts the ante 90
6b41b7ec: posts small blind 300
ff7948e2: posts big blind 600
*** HOLE CARDS ***
Dealt to 5dea2e47 
Dealt to 537ce301 
Dealt to 371f3fe7 
Dealt to Hero [Qs Jh]
Dealt to 946d377 
Dealt to 6b41b7ec 
Dealt to ff7948e2 
Dealt to 6179b184 
6179b184: folds
5dea2e47: calls 600
537ce301: folds
371f3fe7: raises 1,500 to 2,100
Hero: calls 2,100
946d377: folds
6b41b7ec: folds
ff7948e2: folds
5dea2e47: calls 1,500
*** FLOP *** [6d 4d Js]
5dea2e47: checks
371f3fe7: bets 2,100
Hero: calls 2,100
5dea2e47: calls 2,100
*** TURN *** [6d 4d Js] [9s]
5dea2e47: checks
371f3fe7: bets 13,060 and is all-in
Hero: calls 13,060
5dea2e47: folds
371f3fe7: shows [7s As] (Ace high)
Hero: shows [Qs Jh] (a pair of Jacks)
*** RIVER *** [6d 4d Js 9s] [3d]
*** SHOWDOWN ***
Hero collected 40,340 from pot
*** SUMMARY ***
Total pot 40,340 | Rake 0 | Jackpot 0 | Bingo 0 | Fortune 0 | Tax 0
Board [6d 4d Js 9s 3d]
Seat 1: 5dea2e47 folded on the Turn
Seat 2: 537ce301 folded before Flop
Seat 3: 371f3fe7 showed [7s As] and lost with Ace high
Seat 4: Hero showed [Qs Jh] and won (40,340) with a pair of Jacks
Seat 5: 946d377 (button) folded before Flop
Seat 6: 6b41b7ec (small blind) folded before Flop
Seat 7: ff7948e2 (big blind) folded before Flop
Seat 8: 6179b184 folded before Flop


Poker Hand #TM5576050462: Tournament #262679494, Bounty Hunters Deepstack Turbo $10.80 Hold'em No Limit - Level9(300/600(90)) - 2026/02/11 23:30:21
Table '149' 8-max Seat #4 is the button
Seat 1: 5dea2e47 (22,156 in chips)
Seat 2: 537ce301 (19,910 in chips)
Seat 3: 371f3fe7 (15,820 in chips)
Seat 4: Hero (31,905 in chips)
Seat 5: 946d377 (91,476 in chips)
Seat 6: 6b41b7ec (48,137 in chips)
Seat 7: ff7948e2 (21,503 in chips)
Seat 8: 6179b184 (13,652 in chips)
6b41b7ec: posts the ante 90
Hero: posts the ante 90
537ce301: posts the ante 90
ff7948e2: posts the ante 90
6179b184: posts the ante 90
946d377: posts the ante 90
5dea2e47: posts the ante 90
371f3fe7: posts the ante 90
946d377: posts small blind 300
6b41b7ec: posts big blind 600
*** HOLE CARDS ***
Dealt to 5dea2e47 
Dealt to 537ce301 
Dealt to 371f3fe7 
Dealt to Hero [Kc 8s]
Dealt to 946d377 
Dealt to 6b41b7ec 
Dealt to ff7948e2 
Dealt to 6179b184 
ff7948e2: folds
6179b184: folds
5dea2e47: folds
537ce301: folds
371f3fe7: raises 660 to 1,260
Hero: folds
946d377: folds
6b41b7ec: folds
Uncalled bet (660) returned to 371f3fe7
*** SHOWDOWN ***
371f3fe7 collected 2,220 from pot
*** SUMMARY ***
Total pot 2,220 | Rake 0 | Jackpot 0 | Bingo 0 | Fortune 0 | Tax 0
Seat 1: 5dea2e47 folded before Flop
Seat 2: 537ce301 folded before Flop
Seat 3: 371f3fe7 collected (2,220)
Seat 4: Hero (button) folded before Flop
Seat 5: 946d377 (small blind) folded before Flop
Seat 6: 6b41b7ec (big blind) folded before Flop
Seat 7: ff7948e2 folded before Flop
Seat 8: 6179b184 folded before Flop


Poker Hand #TM5576050436: Tournament #262679494, Bounty Hunters Deepstack Turbo $10.80 Hold'em No Limit - Level9(300/600(90)) - 2026/02/11 23:29:19
Table '149' 8-max Seat #3 is the button
Seat 1: 5dea2e47 (22,246 in chips)
Seat 2: 537ce301 (20,000 in chips)
Seat 3: 371f3fe7 (15,910 in chips)
Seat 4: Hero (32,295 in chips)
Seat 5: 946d377 (92,766 in chips)
Seat 6: 6b41b7ec (46,007 in chips)
Seat 7: ff7948e2 (21,593 in chips)
Seat 8: 6179b184 (13,742 in chips)
6b41b7ec: posts the ante 90
Hero: posts the ante 90
537ce301: posts the ante 90
ff7948e2: posts the ante 90
6179b184: posts the ante 90
946d377: posts the ante 90
5dea2e47: posts the ante 90
371f3fe7: posts the ante 90
Hero: posts small blind 300
946d377: posts big blind 600
*** HOLE CARDS ***
Dealt to 5dea2e47 
Dealt to 537ce301 
Dealt to 371f3fe7 
Dealt to Hero [6s 5d]
Dealt to 946d377 
Dealt to 6b41b7ec 
Dealt to ff7948e2 
Dealt to 6179b184 
6b41b7ec: raises 600 to 1,200
ff7948e2: folds
6179b184: folds
5dea2e47: folds
537ce301: folds
371f3fe7: folds
Hero: folds
946d377: calls 600
*** FLOP *** [3s Ks Qs]
946d377: checks
6b41b7ec: bets 1,129
946d377: folds
Uncalled bet (1,129) returned to 6b41b7ec
*** SHOWDOWN ***
6b41b7ec collected 3,420 from pot
*** SUMMARY ***
Total pot 3,420 | Rake 0 | Jackpot 0 | Bingo 0 | Fortune 0 | Tax 0
Board [3s Ks Qs]
Seat 1: 5dea2e47 folded before Flop
Seat 2: 537ce301 folded before Flop
Seat 3: 371f3fe7 (button) folded before Flop
Seat 4: Hero (small blind) folded before Flop
Seat 5: 946d377 (big blind) folded on the Flop
Seat 6: 6b41b7ec won (3,420)
Seat 7: ff7948e2 folded before Flop
Seat 8: 6179b184 folded before Flop


Poker Hand #TM5576050392: Tournament #262679494, Bounty Hunters Deepstack Turbo $10.80 Hold'em No Limit - Level9(300/600(90)) - 2026/02/11 23:27:32
Table '149' 8-max Seat #1 is the button
Seat 1: 5dea2e47 (23,536 in chips)
Seat 2: 21b80818 (36,963 in chips)
Seat 3: 371f3fe7 (16,600 in chips)
Seat 4: Hero (32,385 in chips)
Seat 5: 946d377 (53,463 in chips)
Seat 6: 6b41b7ec (46,097 in chips)
Seat 7: ff7948e2 (21,683 in chips)
Seat 8: 6179b184 (13,832 in chips)
6b41b7ec: posts the ante 90
Hero: posts the ante 90
ff7948e2: posts the ante 90
21b80818: posts the ante 90
6179b184: posts the ante 90
946d377: posts the ante 90
5dea2e47: posts the ante 90
371f3fe7: posts the ante 90
21b80818: posts small blind 300
371f3fe7: posts big blind 600
*** HOLE CARDS ***
Dealt to 5dea2e47 
Dealt to 21b80818 
Dealt to 371f3fe7 
Dealt to Hero [Kc Td]
Dealt to 946d377 
Dealt to 6b41b7ec 
Dealt to ff7948e2 
Dealt to 6179b184 
Hero: folds
946d377: raises 600 to 1,200
6b41b7ec: folds
ff7948e2: folds
6179b184: folds
5dea2e47: calls 1,200
21b80818: calls 900
371f3fe7: folds
*** FLOP *** [7h 9c 7s]
21b80818: checks
946d377: checks
5dea2e47: checks
*** TURN *** [7h 9c 7s] [2c]
21b80818: checks
946d377: bets 7,500
5dea2e47: folds
21b80818: calls 7,500
*** RIVER *** [7h 9c 7s 2c] [7d]
21b80818: bets 28,173 and is all-in
946d377: calls 28,173
21b80818: shows [Qc 3c] (three of a kind, Sevens)
946d377: shows [Jd Ad] (three of a kind, Sevens)
*** SHOWDOWN ***
946d377 collected 76,266 from pot
*** SUMMARY ***
Total pot 76,266 | Rake 0 | Jackpot 0 | Bingo 0 | Fortune 0 | Tax 0
Board [7h 9c 7s 2c 7d]
Seat 1: 5dea2e47 (button) folded on the Turn
Seat 2: 21b80818 (small blind) showed [Qc 3c] and lost with three of a kind, Sevens
Seat 3: 371f3fe7 (big blind) folded before Flop
Seat 4: Hero folded before Flop
Seat 5: 946d377 showed [Jd Ad] and won (76,266) with three of a kind, Sevens
Seat 6: 6b41b7ec folded before Flop
Seat 7: ff7948e2 folded before Flop
Seat 8: 6179b184 folded before Flop


Poker Hand #TM5576050365: Tournament #262679494, Bounty Hunters Deepstack Turbo $10.80 Hold'em No Limit - Level9(300/600(90)) - 2026/02/11 23:26:31
Table '149' 8-max Seat #8 is the button
Seat 1: 5dea2e47 (20,506 in chips)
Seat 2: 21b80818 (38,253 in chips)
Seat 3: 371f3fe7 (16,690 in chips)
Seat 4: Hero (32,475 in chips)
Seat 5: 946d377 (53,553 in chips)
Seat 6: 6b41b7ec (46,187 in chips)
Seat 7: ff7948e2 (22,973 in chips)
Seat 8: 6179b184 (13,922 in chips)
6b41b7ec: posts the ante 90
Hero: posts the ante 90
ff7948e2: posts the ante 90
21b80818: posts the ante 90
6179b184: posts the ante 90
946d377: posts the ante 90
5dea2e47: posts the ante 90
371f3fe7: posts the ante 90
5dea2e47: posts small blind 300
21b80818: posts big blind 600
*** HOLE CARDS ***
Dealt to 5dea2e47 
Dealt to 21b80818 
Dealt to 371f3fe7 
Dealt to Hero [6h 9s]
Dealt to 946d377 
Dealt to 6b41b7ec 
Dealt to ff7948e2 
Dealt to 6179b184 
371f3fe7: folds
Hero: folds
946d377: folds
6b41b7ec: folds
ff7948e2: calls 600
6179b184: folds
5dea2e47: raises 600 to 1,200
21b80818: calls 600
ff7948e2: calls 600
*** FLOP *** [4h Th Ks]
5dea2e47: bets 2,160
21b80818: folds
ff7948e2: folds
Uncalled bet (2,160) returned to 5dea2e47
*** SHOWDOWN ***
5dea2e47 collected 4,320 from pot
*** SUMMARY ***
Total pot 4,320 | Rake 0 | Jackpot 0 | Bingo 0 | Fortune 0 | Tax 0
Board [4h Th Ks]
Seat 1: 5dea2e47 (small blind) won (4,320)
Seat 2: 21b80818 (big blind) folded on the Flop
Seat 3: 371f3fe7 folded before Flop
Seat 4: Hero folded before Flop
Seat 5: 946d377 folded before Flop
Seat 6: 6b41b7ec folded before Flop
Seat 7: ff7948e2 folded on the Flop
Seat 8: 6179b184 (button) folded before Flop


Poker Hand #TM5576050342: Tournament #262679494, Bounty Hunters Deepstack Turbo $10.80 Hold'em No Limit - Level9(300/600(90)) - 2026/02/11 23:25:45
Table '149' 8-max Seat #7 is the button
Seat 1: 5dea2e47 (23,123 in chips)
Seat 2: 21b80818 (38,343 in chips)
Seat 3: 371f3fe7 (17,980 in chips)
Seat 4: Hero (32,565 in chips)
Seat 5: 946d377 (48,896 in chips)
Seat 6: 6b41b7ec (46,277 in chips)
Seat 7: ff7948e2 (23,063 in chips)
Seat 8: 6179b184 (14,312 in chips)
6b41b7ec: posts the ante 90
Hero: posts the ante 90
ff7948e2: posts the ante 90
21b80818: posts the ante 90
946d377: posts the ante 90
6179b184: posts the ante 90
5dea2e47: posts the ante 90
371f3fe7: posts the ante 90
6179b184: posts small blind 300
5dea2e47: posts big blind 600
*** HOLE CARDS ***
Dealt to 5dea2e47 
Dealt to 21b80818 
Dealt to 371f3fe7 
Dealt to Hero [5s 2d]
Dealt to 946d377 
Dealt to 6b41b7ec 
Dealt to ff7948e2 
Dealt to 6179b184 
21b80818: folds
371f3fe7: raises 600 to 1,200
Hero: folds
946d377: raises 1,327 to 2,527
6b41b7ec: folds
ff7948e2: folds
6179b184: folds
5dea2e47: calls 1,927
371f3fe7: folds
*** FLOP *** [Kc 3c As]
5dea2e47: checks
946d377: bets 4,001
5dea2e47: folds
Uncalled bet (4,001) returned to 946d377
*** SHOWDOWN ***
946d377 collected 7,274 from pot
*** SUMMARY ***
Total pot 7,274 | Rake 0 | Jackpot 0 | Bingo 0 | Fortune 0 | Tax 0
Board [Kc 3c As]
Seat 1: 5dea2e47 (big blind) folded on the Flop
Seat 2: 21b80818 folded before Flop
Seat 3: 371f3fe7 folded before Flop
Seat 4: Hero folded before Flop
Seat 5: 946d377 won (7,274)
Seat 6: 6b41b7ec folded before Flop
Seat 7: ff7948e2 (button) folded before Flop
Seat 8: 6179b184 (small blind) folded before Flop


Poker Hand #TM5576050287: Tournament #262679494, Bounty Hunters Deepstack Turbo $10.80 Hold'em No Limit - Level8(250/500(75)) - 2026/02/11 23:23:40
Table '149' 8-max Seat #6 is the button
Seat 1: 5dea2e47 (23,198 in chips)
Seat 2: 21b80818 (48,918 in chips)
Seat 3: 371f3fe7 (18,055 in chips)
Seat 4: Hero (36,640 in chips)
Seat 5: 946d377 (33,121 in chips)
Seat 6: 6b41b7ec (46,352 in chips)
Seat 7: ff7948e2 (23,388 in chips)
Seat 8: 6179b184 (14,887 in chips)
6b41b7ec: posts the ante 75
Hero: posts the ante 75
ff7948e2: posts the ante 75
21b80818: posts the ante 75
946d377: posts the ante 75
6179b184: posts the ante 75
5dea2e47: posts the ante 75
371f3fe7: posts the ante 75
ff7948e2: posts small blind 250
6179b184: posts big blind 500
*** HOLE CARDS ***
Dealt to 5dea2e47 
Dealt to 21b80818 
Dealt to 371f3fe7 
Dealt to Hero [5d 5h]
Dealt to 946d377 
Dealt to 6b41b7ec 
Dealt to ff7948e2 
Dealt to 6179b184 
5dea2e47: folds
21b80818: raises 500 to 1,000
371f3fe7: folds
Hero: calls 1,000
946d377: raises 3,000 to 4,000
6b41b7ec: folds
ff7948e2: folds
6179b184: folds
21b80818: calls 3,000
Hero: calls 3,000
*** FLOP *** [2h 9s 4h]
21b80818: checks
Hero: checks
946d377: bets 6,500
21b80818: calls 6,500
Hero: folds
*** TURN *** [2h 9s 4h] [2s]
21b80818: checks
946d377: checks
*** RIVER *** [2h 9s 4h 2s] [Jh]
21b80818: checks
946d377: bets 22,546 and is all-in
21b80818: folds
Uncalled bet (22,546) returned to 946d377
*** SHOWDOWN ***
946d377 collected 26,350 from pot
*** SUMMARY ***
Total pot 26,350 | Rake 0 | Jackpot 0 | Bingo 0 | Fortune 0 | Tax 0
Board [2h 9s 4h 2s Jh]
Seat 1: 5dea2e47 folded before Flop
Seat 2: 21b80818 folded on the River
Seat 3: 371f3fe7 folded before Flop
Seat 4: Hero folded on the Flop
Seat 5: 946d377 won (26,350)
Seat 6: 6b41b7ec (button) folded before Flop
Seat 7: ff7948e2 (small blind) folded before Flop
Seat 8: 6179b184 (big blind) folded before Flop


Poker Hand #TM5576050233: Tournament #262679494, Bounty Hunters Deepstack Turbo $10.80 Hold'em No Limit - Level8(250/500(75)) - 2026/02/11 23:21:37
Table '149' 8-max Seat #5 is the button
Seat 1: 5dea2e47 (23,273 in chips)
Seat 2: 21b80818 (40,190 in chips)
Seat 3: 371f3fe7 (18,130 in chips)
Seat 4: Hero (36,715 in chips)
Seat 5: 946d377 (40,649 in chips)
Seat 6: 6b41b7ec (46,677 in chips)
Seat 7: ff7948e2 (23,963 in chips)
Seat 8: 6179b184 (14,962 in chips)
6b41b7ec: posts the ante 75
Hero: posts the ante 75
ff7948e2: posts the ante 75
21b80818: posts the ante 75
946d377: posts the ante 75
6179b184: posts the ante 75
5dea2e47: posts the ante 75
371f3fe7: posts the ante 75
6b41b7ec: posts small blind 250
ff7948e2: posts big blind 500
*** HOLE CARDS ***
Dealt to 5dea2e47 
Dealt to 21b80818 
Dealt to 371f3fe7 
Dealt to Hero [9h Jd]
Dealt to 946d377 
Dealt to 6b41b7ec 
Dealt to ff7948e2 
Dealt to 6179b184 
6179b184: folds
5dea2e47: folds
21b80818: calls 500
371f3fe7: folds
Hero: folds
946d377: raises 750 to 1,250
6b41b7ec: folds
ff7948e2: folds
21b80818: calls 750
*** FLOP *** [7h 6h 9c]
21b80818: checks
946d377: bets 1,250
21b80818: calls 1,250
*** TURN *** [7h 6h 9c] [9s]
21b80818: checks
946d377: bets 4,953
21b80818: calls 4,953
*** RIVER *** [7h 6h 9c 9s] [Td]
21b80818: bets 12,192
946d377: folds
Uncalled bet (12,192) returned to 21b80818
*** SHOWDOWN ***
21b80818 collected 16,256 from pot
*** SUMMARY ***
Total pot 16,256 | Rake 0 | Jackpot 0 | Bingo 0 | Fortune 0 | Tax 0
Board [7h 6h 9c 9s Td]
Seat 1: 5dea2e47 folded before Flop
Seat 2: 21b80818 won (16,256)
Seat 3: 371f3fe7 folded before Flop
Seat 4: Hero folded before Flop
Seat 5: 946d377 (button) folded on the River
Seat 6: 6b41b7ec (small blind) folded before Flop
Seat 7: ff7948e2 (big blind) folded before Flop
Seat 8: 6179b184 folded before Flop


Poker Hand #TM5576050181: Tournament #262679494, Bounty Hunters Deepstack Turbo $10.80 Hold'em No Limit - Level8(250/500(75)) - 2026/02/11 23:19:15
Table '149' 8-max Seat #4 is the button
Seat 1: 5dea2e47 (23,848 in chips)
Seat 2: 21b80818 (40,265 in chips)
Seat 3: 371f3fe7 (18,205 in chips)
Seat 4: Hero (36,790 in chips)
Seat 5: 946d377 (39,124 in chips)
Seat 6: 6b41b7ec (47,252 in chips)
Seat 7: ff7948e2 (24,038 in chips)
Seat 8: 6179b184 (15,037 in chips)
6b41b7ec: posts the ante 75
Hero: posts the ante 75
ff7948e2: posts the ante 75
21b80818: posts the ante 75
6179b184: posts the ante 75
946d377: posts the ante 75
5dea2e47: posts the ante 75
371f3fe7: posts the ante 75
946d377: posts small blind 250
6b41b7ec: posts big blind 500
*** HOLE CARDS ***
Dealt to 5dea2e47 
Dealt to 21b80818 
Dealt to 371f3fe7 
Dealt to Hero [4c 3s]
Dealt to 946d377 
Dealt to 6b41b7ec 
Dealt to ff7948e2 
Dealt to 6179b184 
ff7948e2: folds
6179b184: folds
5dea2e47: calls 500
21b80818: folds
371f3fe7: folds
Hero: folds
946d377: calls 250
6b41b7ec: checks
*** FLOP *** [5d Th Jd]
946d377: checks
6b41b7ec: checks
5dea2e47: checks
*** TURN *** [5d Th Jd] [Ac]
946d377: bets 750
6b41b7ec: folds
5dea2e47: folds
Uncalled bet (750) returned to 946d377
*** SHOWDOWN ***
946d377 collected 2,100 from pot
*** SUMMARY ***
Total pot 2,100 | Rake 0 | Jackpot 0 | Bingo 0 | Fortune 0 | Tax 0
Board [5d Th Jd Ac]
Seat 1: 5dea2e47 folded on the Turn
Seat 2: 21b80818 folded before Flop
Seat 3: 371f3fe7 folded before Flop
Seat 4: Hero (button) folded before Flop
Seat 5: 946d377 (small blind) won (2,100)
Seat 6: 6b41b7ec (big blind) folded on the Turn
Seat 7: ff7948e2 folded before Flop
Seat 8: 6179b184 folded before Flop


Poker Hand #TM5576050158: Tournament #262679494, Bounty Hunters Deepstack Turbo $10.80 Hold'em No Limit - Level8(250/500(75)) - 2026/02/11 23:18:24
Table '149' 8-max Seat #3 is the button
Seat 1: 5dea2e47 (16,840 in chips)
Seat 2: 21b80818 (40,340 in chips)
Seat 3: 371f3fe7 (18,280 in chips)
Seat 4: Hero (37,115 in chips)
Seat 5: 946d377 (39,699 in chips)
Seat 6: 6b41b7ec (47,327 in chips)
Seat 7: ff7948e2 (29,846 in chips)
Seat 8: 6179b184 (15,112 in chips)
6b41b7ec: posts the ante 75
Hero: posts the ante 75
ff7948e2: posts the ante 75
21b80818: posts the ante 75
6179b184: posts the ante 75
946d377: posts the ante 75
5dea2e47: posts the ante 75
371f3fe7: posts the ante 75
Hero: posts small blind 250
946d377: posts big blind 500
*** HOLE CARDS ***
Dealt to 5dea2e47 
Dealt to 21b80818 
Dealt to 371f3fe7 
Dealt to Hero [6c Td]
Dealt to 946d377 
Dealt to 6b41b7ec 
Dealt to ff7948e2 
Dealt to 6179b184 
6b41b7ec: folds
ff7948e2: raises 1,150 to 1,650
6179b184: folds
5dea2e47: calls 1,650
21b80818: folds
371f3fe7: folds
Hero: folds
946d377: folds
*** FLOP *** [4h 9s Qc]
ff7948e2: bets 1,535
5dea2e47: raises 2,548 to 4,083
ff7948e2: calls 2,548
*** TURN *** [4h 9s Qc] [Kd]
ff7948e2: checks
5dea2e47: bets 11,032 and is all-in
ff7948e2: folds
Uncalled bet (11,032) returned to 5dea2e47
*** SHOWDOWN ***
5dea2e47 collected 12,816 from pot
*** SUMMARY ***
Total pot 12,816 | Rake 0 | Jackpot 0 | Bingo 0 | Fortune 0 | Tax 0
Board [4h 9s Qc Kd]
Seat 1: 5dea2e47 won (12,816)
Seat 2: 21b80818 folded before Flop
Seat 3: 371f3fe7 (button) folded before Flop
Seat 4: Hero (small blind) folded before Flop
Seat 5: 946d377 (big blind) folded before Flop
Seat 6: 6b41b7ec folded before Flop
Seat 7: ff7948e2 folded on the Turn
Seat 8: 6179b184 folded before Flop


Poker Hand #TM5576050135: Tournament #262679494, Bounty Hunters Deepstack Turbo $10.80 Hold'em No Limit - Level7(200/400(60)) - 2026/02/11 23:17:27
Table '149' 8-max Seat #2 is the button
Seat 1: 5dea2e47 (16,900 in chips)
Seat 2: 21b80818 (40,400 in chips)
Seat 3: 371f3fe7 (19,540 in chips)
Seat 4: Hero (35,495 in chips)
Seat 5: 946d377 (39,759 in chips)
Seat 6: 6b41b7ec (47,387 in chips)
Seat 7: ff7948e2 (29,906 in chips)
Seat 8: 6179b184 (15,172 in chips)
6b41b7ec: posts the ante 60
Hero: posts the ante 60
ff7948e2: posts the ante 60
21b80818: posts the ante 60
6179b184: posts the ante 60
946d377: posts the ante 60
5dea2e47: posts the ante 60
371f3fe7: posts the ante 60
371f3fe7: posts small blind 200
Hero: posts big blind 400
*** HOLE CARDS ***
Dealt to 5dea2e47 
Dealt to 21b80818 
Dealt to 371f3fe7 
Dealt to Hero [Tc 3h]
Dealt to 946d377 
Dealt to 6b41b7ec 
Dealt to ff7948e2 
Dealt to 6179b184 
946d377: folds
6b41b7ec: folds
ff7948e2: folds
6179b184: folds
5dea2e47: folds
21b80818: folds
371f3fe7: raises 800 to 1,200
Hero: calls 800
*** FLOP *** [6c 4s 3s]
371f3fe7: checks
Hero: checks
*** TURN *** [6c 4s 3s] [Ks]
371f3fe7: checks
Hero: checks
*** RIVER *** [6c 4s 3s Ks] [8h]
371f3fe7: checks
Hero: checks
371f3fe7: shows [Th Ah] (Ace high)
Hero: shows [Tc 3h] (a pair of Threes)
*** SHOWDOWN ***
Hero collected 2,880 from pot
*** SUMMARY ***
Total pot 2,880 | Rake 0 | Jackpot 0 | Bingo 0 | Fortune 0 | Tax 0
Board [6c 4s 3s Ks 8h]
Seat 1: 5dea2e47 folded before Flop
Seat 2: 21b80818 (button) folded before Flop
Seat 3: 371f3fe7 (small blind) showed [Th Ah] and lost with Ace high
Seat 4: Hero (big blind) showed [Tc 3h] and won (2,880) with a pair of Threes
Seat 5: 946d377 folded before Flop
Seat 6: 6b41b7ec folded before Flop
Seat 7: ff7948e2 folded before Flop
Seat 8: 6179b184 folded before Flop


Poker Hand #TM5576050097: Tournament #262679494, Bounty Hunters Deepstack Turbo $10.80 Hold'em No Limit - Level7(200/400(60)) - 2026/02/11 23:16:07
Table '149' 8-max Seat #1 is the button
Seat 1: 5dea2e47 (16,960 in chips)
Seat 2: 21b80818 (19,420 in chips)
Seat 3: 371f3fe7 (20,000 in chips)
Seat 4: Hero (54,915 in chips)
Seat 5: 946d377 (39,819 in chips)
Seat 6: 6b41b7ec (47,447 in chips)
Seat 7: ff7948e2 (30,766 in chips)
Seat 8: 6179b184 (15,232 in chips)
6b41b7ec: posts the ante 60
Hero: posts the ante 60
ff7948e2: posts the ante 60
21b80818: posts the ante 60
6179b184: posts the ante 60
946d377: posts the ante 60
5dea2e47: posts the ante 60
371f3fe7: posts the ante 60
21b80818: posts small blind 200
371f3fe7: posts big blind 400
*** HOLE CARDS ***
Dealt to 5dea2e47 
Dealt to 21b80818 
Dealt to 371f3fe7 
Dealt to Hero [5s 5h]
Dealt to 946d377 
Dealt to 6b41b7ec 
Dealt to ff7948e2 
Dealt to 6179b184 
Hero: raises 400 to 800
946d377: folds
6b41b7ec: folds
ff7948e2: calls 800
6179b184: folds
5dea2e47: folds
21b80818: calls 600
371f3fe7: folds
*** FLOP *** [Jh 3c 3s]
21b80818: checks
Hero: bets 1,083
ff7948e2: folds
21b80818: raises 2,723 to 3,806
Hero: calls 2,723
*** TURN *** [Jh 3c 3s] [6c]
21b80818: bets 14,754 and is all-in
Hero: calls 14,754
21b80818: shows [3d 4h] (three of a kind, Threes)
Hero: shows [5s 5h] (two pair, Fives and Threes)
*** RIVER *** [Jh 3c 3s 6c] [Jc]
*** SHOWDOWN ***
21b80818 collected 40,400 from pot
*** SUMMARY ***
Total pot 40,400 | Rake 0 | Jackpot 0 | Bingo 0 | Fortune 0 | Tax 0
Board [Jh 3c 3s 6c Jc]
Seat 1: 5dea2e47 (button) folded before Flop
Seat 2: 21b80818 (small blind) showed [3d 4h] and won (40,400) with a full house, Threes full of Jacks
Seat 3: 371f3fe7 (big blind) folded before Flop
Seat 4: Hero showed [5s 5h] and lost with two pair, Jacks and Fives
Seat 5: 946d377 folded before Flop
Seat 6: 6b41b7ec folded before Flop
Seat 7: ff7948e2 folded on the Flop
Seat 8: 6179b184 folded before Flop


Poker Hand #TM5576050066: Tournament #262679494, Bounty Hunters Deepstack Turbo $10.80 Hold'em No Limit - Level7(200/400(60)) - 2026/02/11 23:14:53
Table '149' 8-max Seat #8 is the button
Seat 1: 5dea2e47 (19,420 in chips)
Seat 2: 21b80818 (19,880 in chips)
Seat 4: Hero (54,975 in chips)
Seat 5: 946d377 (39,879 in chips)
Seat 6: 6b41b7ec (47,507 in chips)
Seat 7: ff7948e2 (31,226 in chips)
Seat 8: 6179b184 (11,672 in chips)
6b41b7ec: posts the ante 60
Hero: posts the ante 60
ff7948e2: posts the ante 60
21b80818: posts the ante 60
6179b184: posts the ante 60
946d377: posts the ante 60
5dea2e47: posts the ante 60
5dea2e47: posts small blind 200
21b80818: posts big blind 400
*** HOLE CARDS ***
Dealt to 5dea2e47 
Dealt to 21b80818 
Dealt to Hero [Tc 5h]
Dealt to 946d377 
Dealt to 6b41b7ec 
Dealt to ff7948e2 
Dealt to 6179b184 
Hero: folds
946d377: folds
6b41b7ec: folds
ff7948e2: calls 400
6179b184: raises 2,000 to 2,400
5dea2e47: calls 2,200
21b80818: folds
ff7948e2: folds
*** FLOP *** [Kc 6c Qh]
5dea2e47: checks
6179b184: bets 3,010
5dea2e47: folds
Uncalled bet (3,010) returned to 6179b184
*** SHOWDOWN ***
6179b184 collected 6,020 from pot
*** SUMMARY ***
Total pot 6,020 | Rake 0 | Jackpot 0 | Bingo 0 | Fortune 0 | Tax 0
Board [Kc 6c Qh]
Seat 1: 5dea2e47 (small blind) folded on the Flop
Seat 2: 21b80818 (big blind) folded before Flop
Seat 4: Hero folded before Flop
Seat 5: 946d377 folded before Flop
Seat 6: 6b41b7ec folded before Flop
Seat 7: ff7948e2 folded before Flop
Seat 8: 6179b184 (button) won (6,020)


Poker Hand #TM5576050052: Tournament #262679494, Bounty Hunters Deepstack Turbo $10.80 Hold'em No Limit - Level7(200/400(60)) - 2026/02/11 23:14:16
Table '149' 8-max Seat #7 is the button
Seat 1: 5dea2e47 (19,880 in chips)
Seat 2: 21b80818 (19,940 in chips)
Seat 3: 64ba6a0b (33,590 in chips)
Seat 4: Hero (55,035 in chips)
Seat 5: 946d377 (39,939 in chips)
Seat 6: 6b41b7ec (46,487 in chips)
Seat 7: ff7948e2 (31,286 in chips)
Seat 8: 6179b184 (11,932 in chips)
64ba6a0b: posts the ante 60
6b41b7ec: posts the ante 60
Hero: posts the ante 60
ff7948e2: posts the ante 60
21b80818: posts the ante 60
946d377: posts the ante 60
6179b184: posts the ante 60
5dea2e47: posts the ante 60
6179b184: posts small blind 200
5dea2e47: posts big blind 400
*** HOLE CARDS ***
Dealt to 5dea2e47 
Dealt to 21b80818 
Dealt to 64ba6a0b 
Dealt to Hero [5c 9s]
Dealt to 946d377 
Dealt to 6b41b7ec 
Dealt to ff7948e2 
Dealt to 6179b184 
21b80818: folds
64ba6a0b: folds
Hero: folds
946d377: folds
6b41b7ec: raises 400 to 800
ff7948e2: folds
6179b184: folds
5dea2e47: folds
Uncalled bet (400) returned to 6b41b7ec
*** SHOWDOWN ***
6b41b7ec collected 1,480 from pot
*** SUMMARY ***
Total pot 1,480 | Rake 0 | Jackpot 0 | Bingo 0 | Fortune 0 | Tax 0
Seat 1: 5dea2e47 (big blind) folded before Flop
Seat 2: 21b80818 folded before Flop
Seat 3: 64ba6a0b folded before Flop
Seat 4: Hero folded before Flop
Seat 5: 946d377 folded before Flop
Seat 6: 6b41b7ec collected (1,480)
Seat 7: ff7948e2 (button) folded before Flop
Seat 8: 6179b184 (small blind) folded before Flop


Poker Hand #TM5576050031: Tournament #262679494, Bounty Hunters Deepstack Turbo $10.80 Hold'em No Limit - Level7(200/400(60)) - 2026/02/11 23:13:07
Table '149' 8-max Seat #6 is the button
Seat 1: 5dea2e47 (19,940 in chips)
Seat 2: 21b80818 (20,000 in chips)
Seat 3: 64ba6a0b (43,495 in chips)
Seat 4: Hero (55,095 in chips)
Seat 5: 946d377 (39,999 in chips)
Seat 6: 6b41b7ec (46,547 in chips)
Seat 7: ff7948e2 (20,621 in chips)
Seat 8: 6179b184 (12,392 in chips)
64ba6a0b: posts the ante 60
6b41b7ec: posts the ante 60
Hero: posts the ante 60
ff7948e2: posts the ante 60
21b80818: posts the ante 60
946d377: posts the ante 60
6179b184: posts the ante 60
5dea2e47: posts the ante 60
ff7948e2: posts small blind 200
6179b184: posts big blind 400
*** HOLE CARDS ***
Dealt to 5dea2e47 
Dealt to 21b80818 
Dealt to 64ba6a0b 
Dealt to Hero [Ks 9h]
Dealt to 946d377 
Dealt to 6b41b7ec 
Dealt to ff7948e2 
Dealt to 6179b184 
5dea2e47: folds
21b80818: folds
64ba6a0b: raises 480 to 880
Hero: folds
946d377: folds
6b41b7ec: folds
ff7948e2: raises 1,743 to 2,623
6179b184: folds
64ba6a0b: calls 1,743
*** FLOP *** [Qs As 9c]
ff7948e2: bets 2,422
64ba6a0b: calls 2,422
*** TURN *** [Qs As 9c] [Qh]
ff7948e2: bets 2,400
64ba6a0b: calls 2,400
*** RIVER *** [Qs As 9c Qh] [8h]
ff7948e2: bets 2,400
64ba6a0b: calls 2,400
ff7948e2: shows [Ad Kc] (two pair, Aces and Queens)
64ba6a0b: shows [Js Ah] (two pair, Aces and Queens)
*** SHOWDOWN ***
ff7948e2 collected 20,570 from pot
*** SUMMARY ***
Total pot 20,570 | Rake 0 | Jackpot 0 | Bingo 0 | Fortune 0 | Tax 0
Board [Qs As 9c Qh 8h]
Seat 1: 5dea2e47 folded before Flop
Seat 2: 21b80818 folded before Flop
Seat 3: 64ba6a0b showed [Js Ah] and lost with two pair, Aces and Queens
Seat 4: Hero folded before Flop
Seat 5: 946d377 folded before Flop
Seat 6: 6b41b7ec (button) folded before Flop
Seat 7: ff7948e2 (small blind) showed [Ad Kc] and won (20,570) with two pair, Aces and Queens
Seat 8: 6179b184 (big blind) folded before Flop


Poker Hand #TM5575724898: Tournament #262679494, Bounty Hunters Deepstack Turbo $10.80 Hold'em No Limit - Level7(200/400(60)) - 2026/02/11 23:11:09
Table '14' 8-max Seat #3 is the button
Seat 1: f34e83d0 (16,967 in chips)
Seat 2: 1e6883dd (26,913 in chips)
Seat 3: 8d14917b (43,954 in chips)
Seat 4: 192961f (14,200 in chips)
Seat 5: b8aec7db (27,985 in chips)
Seat 6: Hero (55,155 in chips)
Seat 7: ec1e6b4b (22,925 in chips)
Seat 8: 1099ed87 (52,053 in chips)
1e6883dd: posts the ante 60
Hero: posts the ante 60
1099ed87: posts the ante 60
f34e83d0: posts the ante 60
8d14917b: posts the ante 60
b8aec7db: posts the ante 60
ec1e6b4b: posts the ante 60
192961f: posts the ante 60
192961f: posts small blind 200
b8aec7db: posts big blind 400
*** HOLE CARDS ***
Dealt to f34e83d0 
Dealt to 1e6883dd 
Dealt to 8d14917b 
Dealt to 192961f 
Dealt to b8aec7db 
Dealt to Hero [8h Qc]
Dealt to ec1e6b4b 
Dealt to 1099ed87 
Hero: folds
ec1e6b4b: calls 400
1099ed87: folds
f34e83d0: raises 1,200 to 1,600
1e6883dd: folds
8d14917b: folds
192961f: folds
b8aec7db: folds
ec1e6b4b: calls 1,200
*** FLOP *** [4d 7d Kd]
ec1e6b4b: checks
f34e83d0: checks
*** TURN *** [4d 7d Kd] [8c]
ec1e6b4b: bets 2,140
f34e83d0: raises 3,860 to 6,000
ec1e6b4b: folds
Uncalled bet (3,860) returned to f34e83d0
*** SHOWDOWN ***
f34e83d0 collected 8,560 from pot
*** SUMMARY ***
Total pot 8,560 | Rake 0 | Jackpot 0 | Bingo 0 | Fortune 0 | Tax 0
Board [4d 7d Kd 8c]
Seat 1: f34e83d0 won (8,560)
Seat 2: 1e6883dd folded before Flop
Seat 3: 8d14917b (button) folded before Flop
Seat 4: 192961f (small blind) folded before Flop
Seat 5: b8aec7db (big blind) folded before Flop
Seat 6: Hero folded before Flop
Seat 7: ec1e6b4b folded on the Turn
Seat 8: 1099ed87 folded before Flop


Poker Hand #TM5575724863: Tournament #262679494, Bounty Hunters Deepstack Turbo $10.80 Hold'em No Limit - Level6(150/300(45)) - 2026/02/11 23:09:34
Table '14' 8-max Seat #2 is the button
Seat 1: f34e83d0 (17,012 in chips)
Seat 2: 1e6883dd (26,958 in chips)
Seat 3: 8d14917b (44,149 in chips)
Seat 4: 192961f (14,545 in chips)
Seat 5: b8aec7db (30,235 in chips)
Seat 6: Hero (55,200 in chips)
Seat 7: ec1e6b4b (19,955 in chips)
Seat 8: 1099ed87 (52,098 in chips)
1e6883dd: posts the ante 45
Hero: posts the ante 45
1099ed87: posts the ante 45
f34e83d0: posts the ante 45
b8aec7db: posts the ante 45
8d14917b: posts the ante 45
ec1e6b4b: posts the ante 45
192961f: posts the ante 45
8d14917b: posts small blind 150
192961f: posts big blind 300
*** HOLE CARDS ***
Dealt to f34e83d0 
Dealt to 1e6883dd 
Dealt to 8d14917b 
Dealt to 192961f 
Dealt to b8aec7db 
Dealt to Hero [Jd 2c]
Dealt to ec1e6b4b 
Dealt to 1099ed87 
b8aec7db: raises 300 to 600
Hero: folds
ec1e6b4b: raises 300 to 900
1099ed87: folds
f34e83d0: folds
1e6883dd: folds
8d14917b: folds
192961f: folds
b8aec7db: calls 300
*** FLOP *** [4c 3s As]
b8aec7db: checks
ec1e6b4b: bets 1,305
b8aec7db: calls 1,305
*** TURN *** [4c 3s As] [Jh]
b8aec7db: checks
ec1e6b4b: checks
*** RIVER *** [4c 3s As Jh] [6h]
b8aec7db: checks
ec1e6b4b: bets 7,200
b8aec7db: folds
Uncalled bet (7,200) returned to ec1e6b4b
*** SHOWDOWN ***
ec1e6b4b collected 5,220 from pot
*** SUMMARY ***
Total pot 5,220 | Rake 0 | Jackpot 0 | Bingo 0 | Fortune 0 | Tax 0
Board [4c 3s As Jh 6h]
Seat 1: f34e83d0 folded before Flop
Seat 2: 1e6883dd (button) folded before Flop
Seat 3: 8d14917b (small blind) folded before Flop
Seat 4: 192961f (big blind) folded before Flop
Seat 5: b8aec7db folded on the River
Seat 6: Hero folded before Flop
Seat 7: ec1e6b4b won (5,220)
Seat 8: 1099ed87 folded before Flop


Poker Hand #TM5575724854: Tournament #262679494, Bounty Hunters Deepstack Turbo $10.80 Hold'em No Limit - Level6(150/300(45)) - 2026/02/11 23:09:15
Table '14' 8-max Seat #1 is the button
Seat 1: f34e83d0 (17,057 in chips)
Seat 2: 1e6883dd (27,153 in chips)
Seat 3: 8d14917b (43,684 in chips)
Seat 4: 192961f (14,590 in chips)
Seat 5: b8aec7db (30,280 in chips)
Seat 6: Hero (55,245 in chips)
Seat 7: ec1e6b4b (20,000 in chips)
Seat 8: 1099ed87 (52,143 in chips)
Hero: posts the ante 45
1e6883dd: posts the ante 45
1099ed87: posts the ante 45
f34e83d0: posts the ante 45
b8aec7db: posts the ante 45
8d14917b: posts the ante 45
ec1e6b4b: posts the ante 45
192961f: posts the ante 45
1e6883dd: posts small blind 150
8d14917b: posts big blind 300
*** HOLE CARDS ***
Dealt to f34e83d0 
Dealt to 1e6883dd 
Dealt to 8d14917b 
Dealt to 192961f 
Dealt to b8aec7db 
Dealt to Hero [Tc 4c]
Dealt to ec1e6b4b 
Dealt to 1099ed87 
192961f: folds
b8aec7db: folds
Hero: folds
ec1e6b4b: folds
1099ed87: folds
f34e83d0: folds
1e6883dd: folds
Uncalled bet (150) returned to 8d14917b
*** SHOWDOWN ***
8d14917b collected 660 from pot
*** SUMMARY ***
Total pot 660 | Rake 0 | Jackpot 0 | Bingo 0 | Fortune 0 | Tax 0
Seat 1: f34e83d0 (button) folded before Flop
Seat 2: 1e6883dd (small blind) folded before Flop
Seat 3: 8d14917b (big blind) collected (660)
Seat 4: 192961f folded before Flop
Seat 5: b8aec7db folded before Flop
Seat 6: Hero folded before Flop
Seat 7: ec1e6b4b folded before Flop
Seat 8: 1099ed87 folded before Flop


Poker Hand #TM5575724830: Tournament #262679494, Bounty Hunters Deepstack Turbo $10.80 Hold'em No Limit - Level6(150/300(45)) - 2026/02/11 23:08:25
Table '14' 8-max Seat #8 is the button
Seat 1: f34e83d0 (17,252 in chips)
Seat 2: 1e6883dd (27,498 in chips)
Seat 3: 8d14917b (43,729 in chips)
Seat 4: 192961f (14,635 in chips)
Seat 5: b8aec7db (19,910 in chips)
Seat 6: Hero (55,290 in chips)
Seat 7: cf44d14d (9,650 in chips)
Seat 8: 1099ed87 (52,188 in chips)
Hero: posts the ante 45
1e6883dd: posts the ante 45
1099ed87: posts the ante 45
f34e83d0: posts the ante 45
b8aec7db: posts the ante 45
8d14917b: posts the ante 45
cf44d14d: posts the ante 45
192961f: posts the ante 45
f34e83d0: posts small blind 150
1e6883dd: posts big blind 300
*** HOLE CARDS ***
Dealt to f34e83d0 
Dealt to 1e6883dd 
Dealt to 8d14917b 
Dealt to 192961f 
Dealt to b8aec7db 
Dealt to Hero [Td 2s]
Dealt to cf44d14d 
Dealt to 1099ed87 
8d14917b: folds
192961f: folds
b8aec7db: raises 450 to 750
Hero: folds
cf44d14d: raises 8,855 to 9,605 and is all-in
1099ed87: folds
f34e83d0: folds
1e6883dd: folds
b8aec7db: calls 8,855
cf44d14d: shows [Js Ad]
b8aec7db: shows [Ac Ah]
*** FLOP *** [5c Jh 9h]
*** TURN *** [5c Jh 9h] [6h]
*** RIVER *** [5c Jh 9h 6h] [Ts]
*** SHOWDOWN ***
b8aec7db collected 20,020 from pot
*** SUMMARY ***
Total pot 20,020 | Rake 0 | Jackpot 0 | Bingo 0 | Fortune 0 | Tax 0
Board [5c Jh 9h 6h Ts]
Seat 1: f34e83d0 (small blind) folded before Flop
Seat 2: 1e6883dd (big blind) folded before Flop
Seat 3: 8d14917b folded before Flop
Seat 4: 192961f folded before Flop
Seat 5: b8aec7db showed [Ac Ah] and won (20,020) with a pair of Aces
Seat 6: Hero folded before Flop
Seat 7: cf44d14d showed [Js Ad] and lost with a pair of Jacks
Seat 8: 1099ed87 (button) folded before Flop


Poker Hand #TM5575724810: Tournament #262679494, Bounty Hunters Deepstack Turbo $10.80 Hold'em No Limit - Level6(150/300(45)) - 2026/02/11 23:07:39
Table '14' 8-max Seat #7 is the button
Seat 1: f34e83d0 (17,597 in chips)
Seat 2: 1e6883dd (27,543 in chips)
Seat 3: 8d14917b (43,774 in chips)
Seat 4: 192961f (14,680 in chips)
Seat 5: b8aec7db (19,955 in chips)
Seat 6: Hero (55,335 in chips)
Seat 7: cf44d14d (11,690 in chips)
Seat 8: 1099ed87 (49,578 in chips)
Hero: posts the ante 45
1e6883dd: posts the ante 45
1099ed87: posts the ante 45
f34e83d0: posts the ante 45
b8aec7db: posts the ante 45
8d14917b: posts the ante 45
cf44d14d: posts the ante 45
192961f: posts the ante 45
1099ed87: posts small blind 150
f34e83d0: posts big blind 300
*** HOLE CARDS ***
Dealt to f34e83d0 
Dealt to 1e6883dd 
Dealt to 8d14917b 
Dealt to 192961f 
Dealt to b8aec7db 
Dealt to Hero [7c 3s]
Dealt to cf44d14d 
Dealt to 1099ed87 
1e6883dd: folds
8d14917b: folds
192961f: folds
b8aec7db: folds
Hero: folds
cf44d14d: raises 300 to 600
1099ed87: raises 1,395 to 1,995
f34e83d0: folds
cf44d14d: calls 1,395
*** FLOP *** [6c Kh 5c]
1099ed87: bets 1,535
cf44d14d: folds
Uncalled bet (1,535) returned to 1099ed87
*** SHOWDOWN ***
1099ed87 collected 4,650 from pot
*** SUMMARY ***
Total pot 4,650 | Rake 0 | Jackpot 0 | Bingo 0 | Fortune 0 | Tax 0
Board [6c Kh 5c]
Seat 1: f34e83d0 (big blind) folded before Flop
Seat 2: 1e6883dd folded before Flop
Seat 3: 8d14917b folded before Flop
Seat 4: 192961f folded before Flop
Seat 5: b8aec7db folded before Flop
Seat 6: Hero folded before Flop
Seat 7: cf44d14d (button) folded on the Flop
Seat 8: 1099ed87 (small blind) won (4,650)


Poker Hand #TM5575724795: Tournament #262679494, Bounty Hunters Deepstack Turbo $10.80 Hold'em No Limit - Level6(150/300(45)) - 2026/02/11 23:07:03
Table '14' 8-max Seat #6 is the button
Seat 1: f34e83d0 (17,642 in chips)
Seat 2: 1e6883dd (27,588 in chips)
Seat 3: 8d14917b (42,709 in chips)
Seat 4: 192961f (14,725 in chips)
Seat 5: b8aec7db (20,000 in chips)
Seat 6: Hero (55,380 in chips)
Seat 7: cf44d14d (11,885 in chips)
Seat 8: 1099ed87 (50,223 in chips)
Hero: posts the ante 45
1e6883dd: posts the ante 45
1099ed87: posts the ante 45
f34e83d0: posts the ante 45
b8aec7db: posts the ante 45
8d14917b: posts the ante 45
cf44d14d: posts the ante 45
192961f: posts the ante 45
cf44d14d: posts small blind 150
1099ed87: posts big blind 300
*** HOLE CARDS ***
Dealt to f34e83d0 
Dealt to 1e6883dd 
Dealt to 8d14917b 
Dealt to 192961f 
Dealt to b8aec7db 
Dealt to Hero [2d 5c]
Dealt to cf44d14d 
Dealt to 1099ed87 
f34e83d0: folds
1e6883dd: folds
8d14917b: raises 300 to 600
192961f: folds
b8aec7db: folds
Hero: folds
cf44d14d: folds
1099ed87: calls 300
*** FLOP *** [9c 8s 7d]
1099ed87: checks
8d14917b: bets 565
1099ed87: folds
Uncalled bet (565) returned to 8d14917b
*** SHOWDOWN ***
8d14917b collected 1,710 from pot
*** SUMMARY ***
Total pot 1,710 | Rake 0 | Jackpot 0 | Bingo 0 | Fortune 0 | Tax 0
Board [9c 8s 7d]
Seat 1: f34e83d0 folded before Flop
Seat 2: 1e6883dd folded before Flop
Seat 3: 8d14917b won (1,710)
Seat 4: 192961f folded before Flop
Seat 5: b8aec7db folded before Flop
Seat 6: Hero (button) folded before Flop
Seat 7: cf44d14d (small blind) folded before Flop
Seat 8: 1099ed87 (big blind) folded on the Flop


Poker Hand #TM5575724785: Tournament #262679494, Bounty Hunters Deepstack Turbo $10.80 Hold'em No Limit - Level6(150/300(45)) - 2026/02/11 23:06:50
Table '14' 8-max Seat #4 is the button
Seat 1: f34e83d0 (17,687 in chips)
Seat 2: 1e6883dd (27,633 in chips)
Seat 3: 8d14917b (42,754 in chips)
Seat 4: 192961f (14,770 in chips)
Seat 6: Hero (55,575 in chips)
Seat 7: cf44d14d (11,465 in chips)
Seat 8: 1099ed87 (50,268 in chips)
1e6883dd: posts the ante 45
Hero: posts the ante 45
1099ed87: posts the ante 45
f34e83d0: posts the ante 45
8d14917b: posts the ante 45
cf44d14d: posts the ante 45
192961f: posts the ante 45
Hero: posts small blind 150
cf44d14d: posts big blind 300
*** HOLE CARDS ***
Dealt to f34e83d0 
Dealt to 1e6883dd 
Dealt to 8d14917b 
Dealt to 192961f 
Dealt to Hero [5d 2s]
Dealt to cf44d14d 
Dealt to 1099ed87 
1099ed87: folds
f34e83d0: folds
1e6883dd: folds
8d14917b: folds
192961f: folds
Hero: folds
Uncalled bet (150) returned to cf44d14d
*** SHOWDOWN ***
cf44d14d collected 615 from pot
*** SUMMARY ***
Total pot 615 | Rake 0 | Jackpot 0 | Bingo 0 | Fortune 0 | Tax 0
Seat 1: f34e83d0 folded before Flop
Seat 2: 1e6883dd folded before Flop
Seat 3: 8d14917b folded before Flop
Seat 4: 192961f (button) folded before Flop
Seat 6: Hero (small blind) folded before Flop
Seat 7: cf44d14d (big blind) collected (615)
Seat 8: 1099ed87 folded before Flop


Poker Hand #TM5575724747: Tournament #262679494, Bounty Hunters Deepstack Turbo $10.80 Hold'em No Limit - Level6(150/300(45)) - 2026/02/11 23:05:05
Table '14' 8-max Seat #3 is the button
Seat 1: f34e83d0 (31,166 in chips)
Seat 2: 1e6883dd (13,479 in chips)
Seat 3: 8d14917b (42,799 in chips)
Seat 4: 192961f (14,965 in chips)
Seat 6: Hero (55,920 in chips)
Seat 7: cf44d14d (11,510 in chips)
Seat 8: 1099ed87 (50,313 in chips)
1e6883dd: posts the ante 45
Hero: posts the ante 45
1099ed87: posts the ante 45
f34e83d0: posts the ante 45
8d14917b: posts the ante 45
cf44d14d: posts the ante 45
192961f: posts the ante 45
192961f: posts small blind 150
Hero: posts big blind 300
*** HOLE CARDS ***
Dealt to f34e83d0 
Dealt to 1e6883dd 
Dealt to 8d14917b 
Dealt to 192961f 
Dealt to Hero [3d 4s]
Dealt to cf44d14d 
Dealt to 1099ed87 
cf44d14d: folds
1099ed87: folds
f34e83d0: raises 300 to 600
1e6883dd: raises 1,800 to 2,400
8d14917b: folds
192961f: folds
Hero: folds
f34e83d0: calls 1,800
*** FLOP *** [2h Qh Ks]
f34e83d0: checks
1e6883dd: bets 2,783
f34e83d0: raises 18,217 to 21,000
1e6883dd: calls 8,251 and is all-in
Uncalled bet (9,966) returned to f34e83d0
f34e83d0: shows [7h 6h] (King high)
1e6883dd: shows [Js Qs] (a pair of Queens)
*** TURN *** [2h Qh Ks] [Kd]
*** RIVER *** [2h Qh Ks Kd] [Jc]
*** SHOWDOWN ***
1e6883dd collected 27,633 from pot
*** SUMMARY ***
Total pot 27,633 | Rake 0 | Jackpot 0 | Bingo 0 | Fortune 0 | Tax 0
Board [2h Qh Ks Kd Jc]
Seat 1: f34e83d0 showed [7h 6h] and lost with a pair of Kings
Seat 2: 1e6883dd showed [Js Qs] and won (27,633) with two pair, Kings and Queens
Seat 3: 8d14917b (button) folded before Flop
Seat 4: 192961f (small blind) folded before Flop
Seat 6: Hero (big blind) folded before Flop
Seat 7: cf44d14d folded before Flop
Seat 8: 1099ed87 folded before Flop


Poker Hand #TM5575724704: Tournament #262679494, Bounty Hunters Deepstack Turbo $10.80 Hold'em No Limit - Level6(150/300(45)) - 2026/02/11 23:03:11
Table '14' 8-max Seat #2 is the button
Seat 1: f34e83d0 (31,211 in chips)
Seat 2: 1e6883dd (13,524 in chips)
Seat 3: 8d14917b (22,994 in chips)
Seat 4: 192961f (15,610 in chips)
Seat 5: 61d9d2f0 (16,955 in chips)
Seat 6: Hero (57,945 in chips)
Seat 7: cf44d14d (11,555 in chips)
Seat 8: 1099ed87 (50,358 in chips)
61d9d2f0: posts the ante 45
1e6883dd: posts the ante 45
Hero: posts the ante 45
1099ed87: posts the ante 45
f34e83d0: posts the ante 45
8d14917b: posts the ante 45
cf44d14d: posts the ante 45
192961f: posts the ante 45
8d14917b: posts small blind 150
192961f: posts big blind 300
*** HOLE CARDS ***
Dealt to f34e83d0 
Dealt to 1e6883dd 
Dealt to 8d14917b 
Dealt to 192961f 
Dealt to 61d9d2f0 
Dealt to Hero [Qc 7c]
Dealt to cf44d14d 
Dealt to 1099ed87 
61d9d2f0: raises 300 to 600
Hero: calls 600
cf44d14d: folds
1099ed87: folds
f34e83d0: folds
1e6883dd: folds
8d14917b: calls 450
192961f: calls 300
*** FLOP *** [As 7d 6d]
8d14917b: checks
192961f: checks
61d9d2f0: bets 1,380
Hero: calls 1,380
8d14917b: calls 1,380
192961f: folds
*** TURN *** [As 7d 6d] [2c]
8d14917b: checks
61d9d2f0: bets 6,900
Hero: folds
8d14917b: raises 6,900 to 13,800
61d9d2f0: raises 1,130 to 14,930 and is all-in
8d14917b: calls 1,130
61d9d2f0: shows [Ah Tc] (a pair of Aces)
8d14917b: shows [Jh Ac] (a pair of Aces)
*** RIVER *** [As 7d 6d 2c] [Ad]
*** SHOWDOWN ***
8d14917b collected 36,760 from pot
*** SUMMARY ***
Total pot 36,760 | Rake 0 | Jackpot 0 | Bingo 0 | Fortune 0 | Tax 0
Board [As 7d 6d 2c Ad]
Seat 1: f34e83d0 folded before Flop
Seat 2: 1e6883dd (button) folded before Flop
Seat 3: 8d14917b (small blind) showed [Jh Ac] and won (36,760) with three of a kind, Aces
Seat 4: 192961f (big blind) folded on the Flop
Seat 5: 61d9d2f0 showed [Ah Tc] and lost with three of a kind, Aces
Seat 6: Hero folded on the Turn
Seat 7: cf44d14d folded before Flop
Seat 8: 1099ed87 folded before Flop


Poker Hand #TM5575724669: Tournament #262679494, Bounty Hunters Deepstack Turbo $10.80 Hold'em No Limit - Level6(150/300(45)) - 2026/02/11 23:01:39
Table '14' 8-max Seat #1 is the button
Seat 1: f34e83d0 (27,446 in chips)
Seat 2: 1e6883dd (13,719 in chips)
Seat 3: 8d14917b (23,339 in chips)
Seat 4: 192961f (15,655 in chips)
Seat 5: 61d9d2f0 (20,000 in chips)
Seat 6: Hero (57,990 in chips)
Seat 7: cf44d14d (11,600 in chips)
Seat 8: 1099ed87 (50,403 in chips)
61d9d2f0: posts the ante 45
Hero: posts the ante 45
1e6883dd: posts the ante 45
1099ed87: posts the ante 45
f34e83d0: posts the ante 45
8d14917b: posts the ante 45
cf44d14d: posts the ante 45
192961f: posts the ante 45
1e6883dd: posts small blind 150
8d14917b: posts big blind 300
*** HOLE CARDS ***
Dealt to f34e83d0 
Dealt to 1e6883dd 
Dealt to 8d14917b 
Dealt to 192961f 
Dealt to 61d9d2f0 
Dealt to Hero [As 6d]
Dealt to cf44d14d 
Dealt to 1099ed87 
192961f: folds
61d9d2f0: raises 300 to 600
Hero: folds
cf44d14d: folds
1099ed87: folds
f34e83d0: calls 600
1e6883dd: folds
8d14917b: folds
*** FLOP *** [Ts 4s 2h]
61d9d2f0: bets 300
f34e83d0: calls 300
*** TURN *** [Ts 4s 2h] [9h]
61d9d2f0: bets 300
f34e83d0: raises 1,500 to 1,800
61d9d2f0: calls 1,500
*** RIVER *** [Ts 4s 2h 9h] [5c]
61d9d2f0: bets 300
f34e83d0: calls 300
61d9d2f0: shows [3h 3c] (a pair of Threes)
f34e83d0: shows [7s 7h] (a pair of Sevens)
*** SHOWDOWN ***
f34e83d0 collected 6,810 from pot
*** SUMMARY ***
Total pot 6,810 | Rake 0 | Jackpot 0 | Bingo 0 | Fortune 0 | Tax 0
Board [Ts 4s 2h 9h 5c]
Seat 1: f34e83d0 (button) showed [7s 7h] and won (6,810) with a pair of Sevens
Seat 2: 1e6883dd (small blind) folded before Flop
Seat 3: 8d14917b (big blind) folded before Flop
Seat 4: 192961f folded before Flop
Seat 5: 61d9d2f0 showed [3h 3c] and lost with a pair of Threes
Seat 6: Hero folded before Flop
Seat 7: cf44d14d folded before Flop
Seat 8: 1099ed87 folded before Flop


Poker Hand #TM5575724638: Tournament #262679494, Bounty Hunters Deepstack Turbo $10.80 Hold'em No Limit - Level5(125/250(35)) - 2026/02/11 22:54:05
Table '14' 8-max Seat #8 is the button
Seat 1: f34e83d0 (27,606 in chips)
Seat 2: 1e6883dd (14,004 in chips)
Seat 3: 8d14917b (23,374 in chips)
Seat 4: 192961f (15,690 in chips)
Seat 5: c3d9e726 (20,798 in chips)
Seat 6: Hero (58,025 in chips)
Seat 7: cf44d14d (11,635 in chips)
Seat 8: 1099ed87 (29,020 in chips)
c3d9e726: posts the ante 35
Hero: posts the ante 35
1e6883dd: posts the ante 35
1099ed87: posts the ante 35
f34e83d0: posts the ante 35
8d14917b: posts the ante 35
cf44d14d: posts the ante 35
192961f: posts the ante 35
f34e83d0: posts small blind 125
1e6883dd: posts big blind 250
*** HOLE CARDS ***
Dealt to f34e83d0 
Dealt to 1e6883dd 
Dealt to 8d14917b 
Dealt to 192961f 
Dealt to c3d9e726 
Dealt to Hero [Kc 4h]
Dealt to cf44d14d 
Dealt to 1099ed87 
8d14917b: folds
192961f: folds
c3d9e726: raises 250 to 500
Hero: folds
cf44d14d: folds
1099ed87: raises 1,242 to 1,742
f34e83d0: folds
1e6883dd: folds
c3d9e726: raises 19,021 to 20,763 and is all-in
1099ed87: calls 19,021
c3d9e726: shows [Kh Ks]
1099ed87: shows [As Ac]
*** FLOP *** [7d 5d Qs]
*** TURN *** [7d 5d Qs] [4s]
*** RIVER *** [7d 5d Qs 4s] [6h]
*** SHOWDOWN ***
1099ed87 collected 42,181 from pot
*** SUMMARY ***
Total pot 42,181 | Rake 0 | Jackpot 0 | Bingo 0 | Fortune 0 | Tax 0
Board [7d 5d Qs 4s 6h]
Seat 1: f34e83d0 (small blind) folded before Flop
Seat 2: 1e6883dd (big blind) folded before Flop
Seat 3: 8d14917b folded before Flop
Seat 4: 192961f folded before Flop
Seat 5: c3d9e726 showed [Kh Ks] and lost with a pair of Kings
Seat 6: Hero folded before Flop
Seat 7: cf44d14d folded before Flop
Seat 8: 1099ed87 (button) showed [As Ac] and won (42,181) with a pair of Aces


Poker Hand #TM5575724614: Tournament #262679494, Bounty Hunters Deepstack Turbo $10.80 Hold'em No Limit - Level5(125/250(35)) - 2026/02/11 22:53:05
Table '14' 8-max Seat #7 is the button
Seat 1: f34e83d0 (28,716 in chips)
Seat 2: 1e6883dd (14,039 in chips)
Seat 3: 8d14917b (21,929 in chips)
Seat 4: 192961f (15,725 in chips)
Seat 5: c3d9e726 (20,833 in chips)
Seat 6: Hero (58,060 in chips)
Seat 7: cf44d14d (11,670 in chips)
Seat 8: 1099ed87 (29,180 in chips)
c3d9e726: posts the ante 35
Hero: posts the ante 35
1e6883dd: posts the ante 35
1099ed87: posts the ante 35
f34e83d0: posts the ante 35
8d14917b: posts the ante 35
cf44d14d: posts the ante 35
192961f: posts the ante 35
1099ed87: posts small blind 125
f34e83d0: posts big blind 250
*** HOLE CARDS ***
Dealt to f34e83d0 
Dealt to 1e6883dd 
Dealt to 8d14917b 
Dealt to 192961f 
Dealt to c3d9e726 
Dealt to Hero [6s 8h]
Dealt to cf44d14d 
Dealt to 1099ed87 
1e6883dd: folds
8d14917b: raises 250 to 500
192961f: folds
c3d9e726: folds
Hero: folds
cf44d14d: folds
1099ed87: folds
f34e83d0: calls 250
*** FLOP *** [Th Kd 3c]
f34e83d0: checks
8d14917b: bets 575
f34e83d0: calls 575
*** TURN *** [Th Kd 3c] [As]
f34e83d0: checks
8d14917b: checks
*** RIVER *** [Th Kd 3c As] [9h]
f34e83d0: checks
8d14917b: bets 5,500
f34e83d0: folds
Uncalled bet (5,500) returned to 8d14917b
*** SHOWDOWN ***
8d14917b collected 2,555 from pot
*** SUMMARY ***
Total pot 2,555 | Rake 0 | Jackpot 0 | Bingo 0 | Fortune 0 | Tax 0
Board [Th Kd 3c As 9h]
Seat 1: f34e83d0 (big blind) folded on the River
Seat 2: 1e6883dd folded before Flop
Seat 3: 8d14917b won (2,555)
Seat 4: 192961f folded before Flop
Seat 5: c3d9e726 folded before Flop
Seat 6: Hero folded before Flop
Seat 7: cf44d14d (button) folded before Flop
Seat 8: 1099ed87 (small blind) folded before Flop


Poker Hand #TM5575724590: Tournament #262679494, Bounty Hunters Deepstack Turbo $10.80 Hold'em No Limit - Level5(125/250(35)) - 2026/02/11 22:52:07
Table '14' 8-max Seat #6 is the button
Seat 1: f34e83d0 (28,751 in chips)
Seat 2: 1e6883dd (14,074 in chips)
Seat 3: 8d14917b (19,930 in chips)
Seat 4: 192961f (15,760 in chips)
Seat 5: c3d9e726 (20,868 in chips)
Seat 6: Hero (58,595 in chips)
Seat 7: cf44d14d (11,830 in chips)
Seat 8: 1099ed87 (30,344 in chips)
c3d9e726: posts the ante 35
Hero: posts the ante 35
1e6883dd: posts the ante 35
1099ed87: posts the ante 35
f34e83d0: posts the ante 35
8d14917b: posts the ante 35
cf44d14d: posts the ante 35
192961f: posts the ante 35
cf44d14d: posts small blind 125
1099ed87: posts big blind 250
*** HOLE CARDS ***
Dealt to f34e83d0 
Dealt to 1e6883dd 
Dealt to 8d14917b 
Dealt to 192961f 
Dealt to c3d9e726 
Dealt to Hero [Kd 9d]
Dealt to cf44d14d 
Dealt to 1099ed87 
f34e83d0: folds
1e6883dd: folds
8d14917b: raises 250 to 500
192961f: folds
c3d9e726: folds
Hero: calls 500
cf44d14d: folds
1099ed87: calls 250
*** FLOP *** [7d Ah 5s]
1099ed87: checks
8d14917b: bets 629
Hero: folds
1099ed87: calls 629
*** TURN *** [7d Ah 5s] [2c]
1099ed87: checks
8d14917b: bets 2,082
1099ed87: folds
Uncalled bet (2,082) returned to 8d14917b
*** SHOWDOWN ***
8d14917b collected 3,163 from pot
*** SUMMARY ***
Total pot 3,163 | Rake 0 | Jackpot 0 | Bingo 0 | Fortune 0 | Tax 0
Board [7d Ah 5s 2c]
Seat 1: f34e83d0 folded before Flop
Seat 2: 1e6883dd folded before Flop
Seat 3: 8d14917b won (3,163)
Seat 4: 192961f folded before Flop
Seat 5: c3d9e726 folded before Flop
Seat 6: Hero (button) folded on the Flop
Seat 7: cf44d14d (small blind) folded before Flop
Seat 8: 1099ed87 (big blind) folded on the Turn


Poker Hand #TM5575724576: Tournament #262679494, Bounty Hunters Deepstack Turbo $10.80 Hold'em No Limit - Level5(125/250(35)) - 2026/02/11 22:51:37
Table '14' 8-max Seat #5 is the button
Seat 1: f34e83d0 (27,881 in chips)
Seat 2: 1e6883dd (14,109 in chips)
Seat 3: 8d14917b (19,965 in chips)
Seat 4: 192961f (15,795 in chips)
Seat 5: c3d9e726 (20,903 in chips)
Seat 6: Hero (58,755 in chips)
Seat 7: cf44d14d (12,365 in chips)
Seat 8: 1099ed87 (30,379 in chips)
c3d9e726: posts the ante 35
1e6883dd: posts the ante 35
Hero: posts the ante 35
1099ed87: posts the ante 35
f34e83d0: posts the ante 35
8d14917b: posts the ante 35
cf44d14d: posts the ante 35
192961f: posts the ante 35
Hero: posts small blind 125
cf44d14d: posts big blind 250
*** HOLE CARDS ***
Dealt to f34e83d0 
Dealt to 1e6883dd 
Dealt to 8d14917b 
Dealt to 192961f 
Dealt to c3d9e726 
Dealt to Hero [7s 3s]
Dealt to cf44d14d 
Dealt to 1099ed87 
1099ed87: folds
f34e83d0: raises 250 to 500
1e6883dd: folds
8d14917b: folds
192961f: folds
c3d9e726: folds
Hero: folds
cf44d14d: calls 250
*** FLOP *** [Qd 5c Jd]
cf44d14d: checks
f34e83d0: bets 464
cf44d14d: folds
Uncalled bet (464) returned to f34e83d0
*** SHOWDOWN ***
f34e83d0 collected 1,405 from pot
*** SUMMARY ***
Total pot 1,405 | Rake 0 | Jackpot 0 | Bingo 0 | Fortune 0 | Tax 0
Board [Qd 5c Jd]
Seat 1: f34e83d0 won (1,405)
Seat 2: 1e6883dd folded before Flop
Seat 3: 8d14917b folded before Flop
Seat 4: 192961f folded before Flop
Seat 5: c3d9e726 (button) folded before Flop
Seat 6: Hero (small blind) folded before Flop
Seat 7: cf44d14d (big blind) folded on the Flop
Seat 8: 1099ed87 folded before Flop


Poker Hand #TM5575724559: Tournament #262679494, Bounty Hunters Deepstack Turbo $10.80 Hold'em No Limit - Level5(125/250(35)) - 2026/02/11 22:51:00
Table '14' 8-max Seat #4 is the button
Seat 1: f34e83d0 (27,916 in chips)
Seat 2: 1e6883dd (14,144 in chips)
Seat 3: 8d14917b (20,000 in chips)
Seat 4: 192961f (15,830 in chips)
Seat 5: c3d9e726 (18,078 in chips)
Seat 6: Hero (59,040 in chips)
Seat 7: cf44d14d (12,400 in chips)
Seat 8: 1099ed87 (32,744 in chips)
c3d9e726: posts the ante 35
1e6883dd: posts the ante 35
Hero: posts the ante 35
1099ed87: posts the ante 35
f34e83d0: posts the ante 35
8d14917b: posts the ante 35
cf44d14d: posts the ante 35
192961f: posts the ante 35
c3d9e726: posts small blind 125
Hero: posts big blind 250
*** HOLE CARDS ***
Dealt to f34e83d0 
Dealt to 1e6883dd 
Dealt to 8d14917b 
Dealt to 192961f 
Dealt to c3d9e726 
Dealt to Hero [3h 3d]
Dealt to cf44d14d 
Dealt to 1099ed87 
cf44d14d: folds
1099ed87: raises 350 to 600
f34e83d0: folds
1e6883dd: folds
8d14917b: folds
192961f: folds
c3d9e726: raises 1,730 to 2,330
Hero: folds
1099ed87: calls 1,730
*** FLOP *** [7h 7d Ks]
c3d9e726: bets 2,595
1099ed87: folds
Uncalled bet (2,595) returned to c3d9e726
*** SHOWDOWN ***
c3d9e726 collected 5,190 from pot
*** SUMMARY ***
Total pot 5,190 | Rake 0 | Jackpot 0 | Bingo 0 | Fortune 0 | Tax 0
Board [7h 7d Ks]
Seat 1: f34e83d0 folded before Flop
Seat 2: 1e6883dd folded before Flop
Seat 3: 8d14917b folded before Flop
Seat 4: 192961f (button) folded before Flop
Seat 5: c3d9e726 (small blind) showed [Ad] and won (5,190)
Seat 6: Hero (big blind) folded before Flop
Seat 7: cf44d14d folded before Flop
Seat 8: 1099ed87 folded on the Flop


Poker Hand #TM5575724556: Tournament #262679494, Bounty Hunters Deepstack Turbo $10.80 Hold'em No Limit - Level5(125/250(35)) - 2026/02/11 22:50:49
Table '14' 8-max Seat #2 is the button
Seat 1: f34e83d0 (27,951 in chips)
Seat 2: 1e6883dd (14,179 in chips)
Seat 4: 192961f (15,990 in chips)
Seat 5: c3d9e726 (17,743 in chips)
Seat 6: Hero (59,075 in chips)
Seat 7: cf44d14d (12,435 in chips)
Seat 8: 1099ed87 (32,779 in chips)
c3d9e726: posts the ante 35
1e6883dd: posts the ante 35
Hero: posts the ante 35
1099ed87: posts the ante 35
f34e83d0: posts the ante 35
cf44d14d: posts the ante 35
192961f: posts the ante 35
192961f: posts small blind 125
c3d9e726: posts big blind 250
*** HOLE CARDS ***
Dealt to f34e83d0 
Dealt to 1e6883dd 
Dealt to 192961f 
Dealt to c3d9e726 
Dealt to Hero [2c Kd]
Dealt to cf44d14d 
Dealt to 1099ed87 
Hero: folds
cf44d14d: folds
1099ed87: folds
f34e83d0: folds
1e6883dd: folds
192961f: folds
Uncalled bet (125) returned to c3d9e726
*** SHOWDOWN ***
c3d9e726 collected 495 from pot
*** SUMMARY ***
Total pot 495 | Rake 0 | Jackpot 0 | Bingo 0 | Fortune 0 | Tax 0
Seat 1: f34e83d0 folded before Flop
Seat 2: 1e6883dd (button) folded before Flop
Seat 4: 192961f (small blind) folded before Flop
Seat 5: c3d9e726 (big blind) collected (495)
Seat 6: Hero folded before Flop
Seat 7: cf44d14d folded before Flop
Seat 8: 1099ed87 folded before Flop


Poker Hand #TM5575724523: Tournament #262679494, Bounty Hunters Deepstack Turbo $10.80 Hold'em No Limit - Level5(125/250(35)) - 2026/02/11 22:49:26
Table '14' 8-max Seat #1 is the button
Seat 1: f34e83d0 (27,986 in chips)
Seat 2: 1e6883dd (17,944 in chips)
Seat 4: 192961f (19,755 in chips)
Seat 5: c3d9e726 (18,278 in chips)
Seat 6: Hero (59,610 in chips)
Seat 7: cf44d14d (3,765 in chips)
Seat 8: 1099ed87 (32,814 in chips)
c3d9e726: posts the ante 35
Hero: posts the ante 35
1e6883dd: posts the ante 35
1099ed87: posts the ante 35
f34e83d0: posts the ante 35
cf44d14d: posts the ante 35
192961f: posts the ante 35
1e6883dd: posts small blind 125
192961f: posts big blind 250
*** HOLE CARDS ***
Dealt to f34e83d0 
Dealt to 1e6883dd 
Dealt to 192961f 
Dealt to c3d9e726 
Dealt to Hero [Ad 9c]
Dealt to cf44d14d 
Dealt to 1099ed87 
c3d9e726: raises 250 to 500
Hero: calls 500
cf44d14d: calls 500
1099ed87: folds
f34e83d0: folds
1e6883dd: calls 375
192961f: raises 3,000 to 3,500
c3d9e726: folds
Hero: folds
cf44d14d: raises 230 to 3,730 and is all-in
1e6883dd: calls 3,230
192961f: calls 230
*** FLOP *** [6d 5s 3s]
1e6883dd: checks
192961f: bets 6,218
1e6883dd: folds
Uncalled bet (6,218) returned to 192961f
192961f: shows [Kc Kd] (a pair of Kings)
cf44d14d: shows [6h 6s] (three of a kind, Sixes)
*** TURN *** [6d 5s 3s] [As]
*** RIVER *** [6d 5s 3s As] [4d]
c3d9e726: shows [Kh] (Ace high)
*** SHOWDOWN ***
cf44d14d collected 12,435 from pot
*** SUMMARY ***
Total pot 12,435 | Rake 0 | Jackpot 0 | Bingo 0 | Fortune 0 | Tax 0
Board [6d 5s 3s As 4d]
Seat 1: f34e83d0 (button) folded before Flop
Seat 2: 1e6883dd (small blind) folded on the Flop
Seat 4: 192961f (big blind) showed [Kc Kd] and lost with a pair of Kings
Seat 5: c3d9e726 folded before Flop
Seat 6: Hero folded before Flop
Seat 7: cf44d14d showed [6h 6s] and won (12,435) with three of a kind, Sixes
Seat 8: 1099ed87 folded before Flop


Poker Hand #TM5575724498: Tournament #262679494, Bounty Hunters Deepstack Turbo $10.80 Hold'em No Limit - Level5(125/250(35)) - 2026/02/11 22:48:14
Table '14' 8-max Seat #8 is the button
Seat 1: f34e83d0 (19,465 in chips)
Seat 2: 1e6883dd (18,229 in chips)
Seat 3: aff41dc4 (1,472 in chips)
Seat 4: 192961f (19,790 in chips)
Seat 5: c3d9e726 (5,472 in chips)
Seat 6: Hero (59,645 in chips)
Seat 7: cf44d14d (23,230 in chips)
Seat 8: 1099ed87 (32,849 in chips)
c3d9e726: posts the ante 35
Hero: posts the ante 35
1e6883dd: posts the ante 35
1099ed87: posts the ante 35
f34e83d0: posts the ante 35
aff41dc4: posts the ante 35
cf44d14d: posts the ante 35
192961f: posts the ante 35
f34e83d0: posts small blind 125
1e6883dd: posts big blind 250
*** HOLE CARDS ***
Dealt to f34e83d0 
Dealt to 1e6883dd 
Dealt to aff41dc4 
Dealt to 192961f 
Dealt to c3d9e726 
Dealt to Hero [2d 3c]
Dealt to cf44d14d 
Dealt to 1099ed87 
aff41dc4: raises 1,000 to 1,250
192961f: folds
c3d9e726: raises 4,187 to 5,437 and is all-in
Hero: folds
cf44d14d: raises 17,758 to 23,195 and is all-in
1099ed87: folds
f34e83d0: calls 19,305 and is all-in
1e6883dd: folds
aff41dc4: calls 187 and is all-in
Uncalled bet (3,765) returned to cf44d14d
cf44d14d: shows [6d 6h]
f34e83d0: shows [Jh Js]
aff41dc4: shows [Ah 4s]
c3d9e726: shows [Qc 8c]
*** FLOP *** [2s 3d 7h]
*** TURN *** [2s 3d 7h] [Ks]
*** RIVER *** [2s 3d 7h Ks] [Qd]
1099ed87: shows [Kd] (a pair of Kings)
*** SHOWDOWN ***
c3d9e726 collected 6,278 from pot
c3d9e726 collected 12,000 from pot
f34e83d0 collected 27,986 from pot
*** SUMMARY ***
Total pot 46,264 | Rake 0 | Jackpot 0 | Bingo 0 | Fortune 0 | Tax 0
Board [2s 3d 7h Ks Qd]
Seat 1: f34e83d0 (small blind) showed [Jh Js] and won (27,986) with a pair of Jacks
Seat 2: 1e6883dd (big blind) folded before Flop
Seat 3: aff41dc4 showed [Ah 4s] and lost with Ace high
Seat 4: 192961f folded before Flop
Seat 5: c3d9e726 showed [Qc 8c] and won (18,278) with a pair of Queens
Seat 6: Hero folded before Flop
Seat 7: cf44d14d showed [6d 6h] and lost with a pair of Sixes
Seat 8: 1099ed87 (button) folded before Flop


Poker Hand #TM5575724458: Tournament #262679494, Bounty Hunters Deepstack Turbo $10.80 Hold'em No Limit - Level4(100/200(30)) - 2026/02/11 22:46:49
Table '14' 8-max Seat #7 is the button
Seat 1: f34e83d0 (19,695 in chips)
Seat 2: 1e6883dd (18,259 in chips)
Seat 3: aff41dc4 (1,502 in chips)
Seat 4: 192961f (19,550 in chips)
Seat 5: c3d9e726 (5,502 in chips)
Seat 6: Hero (59,675 in chips)
Seat 7: cf44d14d (22,990 in chips)
Seat 8: 1099ed87 (32,979 in chips)
c3d9e726: posts the ante 30
Hero: posts the ante 30
1e6883dd: posts the ante 30
1099ed87: posts the ante 30
f34e83d0: posts the ante 30
aff41dc4: posts the ante 30
cf44d14d: posts the ante 30
192961f: posts the ante 30
1099ed87: posts small blind 100
f34e83d0: posts big blind 200
*** HOLE CARDS ***
Dealt to f34e83d0 
Dealt to 1e6883dd 
Dealt to aff41dc4 
Dealt to 192961f 
Dealt to c3d9e726 
Dealt to Hero [6s 3c]
Dealt to cf44d14d 
Dealt to 1099ed87 
1e6883dd: folds
aff41dc4: folds
192961f: raises 220 to 420
c3d9e726: folds
Hero: folds
cf44d14d: raises 960 to 1,380
1099ed87: folds
f34e83d0: folds
192961f: raises 1,650 to 3,030
cf44d14d: raises 19,930 to 22,960 and is all-in
192961f: calls 16,490 and is all-in
Uncalled bet (3,440) returned to cf44d14d
cf44d14d: shows [Kh Kd]
192961f: shows [Ks Kc]
*** FLOP *** [6c 3h 8c]
*** TURN *** [6c 3h 8c] [5d]
*** RIVER *** [6c 3h 8c 5d] [Ac]
Hero: shows [6s 3c] (two pair, Sixes and Threes)
*** SHOWDOWN ***
cf44d14d collected 19,790 from pot
192961f collected 19,790 from pot
*** SUMMARY ***
Total pot 39,580 | Rake 0 | Jackpot 0 | Bingo 0 | Fortune 0 | Tax 0
Board [6c 3h 8c 5d Ac]
Seat 1: f34e83d0 (big blind) folded before Flop
Seat 2: 1e6883dd folded before Flop
Seat 3: aff41dc4 folded before Flop
Seat 4: 192961f showed [Ks Kc] and won (19,790) with a pair of Kings
Seat 5: c3d9e726 folded before Flop
Seat 6: Hero folded before Flop
Seat 7: cf44d14d (button) showed [Kh Kd] and won (19,790) with a pair of Kings
Seat 8: 1099ed87 (small blind) folded before Flop


Poker Hand #TM5575724440: Tournament #262679494, Bounty Hunters Deepstack Turbo $10.80 Hold'em No Limit - Level4(100/200(30)) - 2026/02/11 22:45:58
Table '14' 8-max Seat #6 is the button
Seat 1: f34e83d0 (21,379 in chips)
Seat 2: 1e6883dd (18,289 in chips)
Seat 3: aff41dc4 (1,532 in chips)
Seat 4: 192961f (19,580 in chips)
Seat 5: c3d9e726 (1,684 in chips)
Seat 6: Hero (61,359 in chips)
Seat 7: cf44d14d (23,120 in chips)
Seat 8: 1099ed87 (33,209 in chips)
c3d9e726: posts the ante 30
Hero: posts the ante 30
1e6883dd: posts the ante 30
1099ed87: posts the ante 30
f34e83d0: posts the ante 30
aff41dc4: posts the ante 30
cf44d14d: posts the ante 30
192961f: posts the ante 30
cf44d14d: posts small blind 100
1099ed87: posts big blind 200
*** HOLE CARDS ***
Dealt to f34e83d0 
Dealt to 1e6883dd 
Dealt to aff41dc4 
Dealt to 192961f 
Dealt to c3d9e726 
Dealt to Hero [9h Ad]
Dealt to cf44d14d 
Dealt to 1099ed87 
f34e83d0: raises 400 to 600
1e6883dd: folds
aff41dc4: folds
192961f: folds
c3d9e726: raises 1,054 to 1,654 and is all-in
Hero: calls 1,654
cf44d14d: folds
1099ed87: folds
f34e83d0: raises 19,695 to 21,349 and is all-in
Hero: folds
Uncalled bet (19,695) returned to f34e83d0
f34e83d0: shows [Ac Jd]
c3d9e726: shows [7s 5s]
*** FLOP *** [3s 9s 4h]
*** TURN *** [3s 9s 4h] [7h]
*** RIVER *** [3s 9s 4h 7h] [8c]
Hero: shows [9h] (a pair of Nines)
*** SHOWDOWN ***
c3d9e726 collected 5,502 from pot
*** SUMMARY ***
Total pot 5,502 | Rake 0 | Jackpot 0 | Bingo 0 | Fortune 0 | Tax 0
Board [3s 9s 4h 7h 8c]
Seat 1: f34e83d0 showed [Ac Jd] and lost with Ace high
Seat 2: 1e6883dd folded before Flop
Seat 3: aff41dc4 folded before Flop
Seat 4: 192961f folded before Flop
Seat 5: c3d9e726 showed [7s 5s] and won (5,502) with a pair of Sevens
Seat 6: Hero (button) folded before Flop
Seat 7: cf44d14d (small blind) folded before Flop
Seat 8: 1099ed87 (big blind) folded before Flop


Poker Hand #TM5575724417: Tournament #262679494, Bounty Hunters Deepstack Turbo $10.80 Hold'em No Limit - Level4(100/200(30)) - 2026/02/11 22:45:07
Table '14' 8-max Seat #5 is the button
Seat 1: f34e83d0 (21,409 in chips)
Seat 2: 1e6883dd (18,319 in chips)
Seat 3: aff41dc4 (1,962 in chips)
Seat 4: 192961f (19,610 in chips)
Seat 5: c3d9e726 (12,904 in chips)
Seat 6: Hero (61,489 in chips)
Seat 7: cf44d14d (11,220 in chips)
Seat 8: 1099ed87 (33,239 in chips)
c3d9e726: posts the ante 30
1e6883dd: posts the ante 30
Hero: posts the ante 30
1099ed87: posts the ante 30
f34e83d0: posts the ante 30
aff41dc4: posts the ante 30
cf44d14d: posts the ante 30
192961f: posts the ante 30
Hero: posts small blind 100
cf44d14d: posts big blind 200
*** HOLE CARDS ***
Dealt to f34e83d0 
Dealt to 1e6883dd 
Dealt to aff41dc4 
Dealt to 192961f 
Dealt to c3d9e726 
Dealt to Hero [4s Th]
Dealt to cf44d14d 
Dealt to 1099ed87 
1099ed87: folds
f34e83d0: folds
1e6883dd: folds
aff41dc4: raises 200 to 400
192961f: folds
c3d9e726: raises 12,474 to 12,874 and is all-in
Hero: folds
cf44d14d: calls 10,990 and is all-in
aff41dc4: folds
Uncalled bet (1,684) returned to c3d9e726
c3d9e726: shows [2s 2d]
cf44d14d: shows [8h 8s]
*** FLOP *** [9c Td Qh]
*** TURN *** [9c Td Qh] [Js]
*** RIVER *** [9c Td Qh Js] [9s]
*** SHOWDOWN ***
cf44d14d collected 23,120 from pot
*** SUMMARY ***
Total pot 23,120 | Rake 0 | Jackpot 0 | Bingo 0 | Fortune 0 | Tax 0
Board [9c Td Qh Js 9s]
Seat 1: f34e83d0 folded before Flop
Seat 2: 1e6883dd folded before Flop
Seat 3: aff41dc4 folded before Flop
Seat 4: 192961f folded before Flop
Seat 5: c3d9e726 (button) showed [2s 2d] and lost with two pair, Nines and Twos
Seat 6: Hero (small blind) folded before Flop
Seat 7: cf44d14d (big blind) showed [8h 8s] and won (23,120) with a straight, Queen to Eight
Seat 8: 1099ed87 folded before Flop


Poker Hand #TM5575724398: Tournament #262679494, Bounty Hunters Deepstack Turbo $10.80 Hold'em No Limit - Level4(100/200(30)) - 2026/02/11 22:44:26
Table '14' 8-max Seat #4 is the button
Seat 1: f34e83d0 (21,439 in chips)
Seat 2: 1e6883dd (18,349 in chips)
Seat 3: aff41dc4 (1,992 in chips)
Seat 4: 192961f (19,640 in chips)
Seat 5: c3d9e726 (13,034 in chips)
Seat 6: Hero (60,380 in chips)
Seat 7: cf44d14d (12,049 in chips)
Seat 8: 1099ed87 (33,269 in chips)
c3d9e726: posts the ante 30
1e6883dd: posts the ante 30
Hero: posts the ante 30
1099ed87: posts the ante 30
f34e83d0: posts the ante 30
aff41dc4: posts the ante 30
cf44d14d: posts the ante 30
192961f: posts the ante 30
c3d9e726: posts small blind 100
Hero: posts big blind 200
*** HOLE CARDS ***
Dealt to f34e83d0 
Dealt to 1e6883dd 
Dealt to aff41dc4 
Dealt to 192961f 
Dealt to c3d9e726 
Dealt to Hero [Ks 6s]
Dealt to cf44d14d 
Dealt to 1099ed87 
cf44d14d: raises 200 to 400
1099ed87: folds
f34e83d0: folds
1e6883dd: folds
aff41dc4: folds
192961f: folds
c3d9e726: folds
Hero: calls 200
*** FLOP *** [2s Kc 9d]
Hero: checks
cf44d14d: bets 399
Hero: calls 399
*** TURN *** [2s Kc 9d] [6c]
Hero: checks
cf44d14d: checks
*** RIVER *** [2s Kc 9d 6c] [8s]
Hero: bets 59,551 and is all-in
cf44d14d: folds
Uncalled bet (59,551) returned to Hero
*** SHOWDOWN ***
Hero collected 1,938 from pot
*** SUMMARY ***
Total pot 1,938 | Rake 0 | Jackpot 0 | Bingo 0 | Fortune 0 | Tax 0
Board [2s Kc 9d 6c 8s]
Seat 1: f34e83d0 folded before Flop
Seat 2: 1e6883dd folded before Flop
Seat 3: aff41dc4 folded before Flop
Seat 4: 192961f (button) folded before Flop
Seat 5: c3d9e726 (small blind) folded before Flop
Seat 6: Hero (big blind) won (1,938)
Seat 7: cf44d14d folded on the River
Seat 8: 1099ed87 folded before Flop


Poker Hand #TM5575724373: Tournament #262679494, Bounty Hunters Deepstack Turbo $10.80 Hold'em No Limit - Level4(100/200(30)) - 2026/02/11 22:43:28
Table '14' 8-max Seat #3 is the button
Seat 1: f34e83d0 (21,469 in chips)
Seat 2: 1e6883dd (18,379 in chips)
Seat 3: aff41dc4 (2,022 in chips)
Seat 4: 192961f (19,770 in chips)
Seat 5: c3d9e726 (26,427 in chips)
Seat 6: Hero (19,910 in chips)
Seat 7: cf44d14d (38,476 in chips)
Seat 8: 1099ed87 (33,699 in chips)
c3d9e726: posts the ante 30
1e6883dd: posts the ante 30
Hero: posts the ante 30
1099ed87: posts the ante 30
f34e83d0: posts the ante 30
aff41dc4: posts the ante 30
cf44d14d: posts the ante 30
192961f: posts the ante 30
192961f: posts small blind 100
c3d9e726: posts big blind 200
*** HOLE CARDS ***
Dealt to f34e83d0 
Dealt to 1e6883dd 
Dealt to aff41dc4 
Dealt to 192961f 
Dealt to c3d9e726 
Dealt to Hero [Kc Qc]
Dealt to cf44d14d 
Dealt to 1099ed87 
Hero: raises 200 to 400
cf44d14d: calls 400
1099ed87: calls 400
f34e83d0: folds
1e6883dd: folds
aff41dc4: folds
192961f: folds
c3d9e726: calls 200
*** FLOP *** [2c 3c 7c]
c3d9e726: bets 25,997 and is all-in
Hero: calls 19,480 and is all-in
cf44d14d: raises 12,049 to 38,046 and is all-in
1099ed87: folds
Uncalled bet (12,049) returned to cf44d14d
cf44d14d: shows [6c 4c] (a flush Seven high)
c3d9e726: shows [Tc 5c] (a flush Ten high)
Hero: shows [Kc Qc] (a flush King high)
*** TURN *** [2c 3c 7c] [7d]
*** RIVER *** [2c 3c 7c 7d] [Ks]
*** SHOWDOWN ***
Hero collected 60,380 from pot
c3d9e726 collected 13,034 from pot
*** SUMMARY ***
Total pot 73,414 | Rake 0 | Jackpot 0 | Bingo 0 | Fortune 0 | Tax 0
Board [2c 3c 7c 7d Ks]
Seat 1: f34e83d0 folded before Flop
Seat 2: 1e6883dd folded before Flop
Seat 3: aff41dc4 (button) folded before Flop
Seat 4: 192961f (small blind) folded before Flop
Seat 5: c3d9e726 (big blind) showed [Tc 5c] and won (13,034) with a flush Ten high
Seat 6: Hero showed [Kc Qc] and won (60,380) with a flush King high
Seat 7: cf44d14d showed [6c 4c] and lost with a flush Seven high
Seat 8: 1099ed87 folded on the Flop


Poker Hand #TM5575724362: Tournament #262679494, Bounty Hunters Deepstack Turbo $10.80 Hold'em No Limit - Level4(100/200(30)) - 2026/02/11 22:43:02
Table '14' 8-max Seat #2 is the button
Seat 1: f34e83d0 (21,499 in chips)
Seat 2: 1e6883dd (17,869 in chips)
Seat 3: aff41dc4 (2,152 in chips)
Seat 4: 192961f (20,000 in chips)
Seat 5: c3d9e726 (26,457 in chips)
Seat 6: Hero (19,940 in chips)
Seat 7: cf44d14d (38,506 in chips)
Seat 8: 1099ed87 (33,729 in chips)
c3d9e726: posts the ante 30
1e6883dd: posts the ante 30
Hero: posts the ante 30
1099ed87: posts the ante 30
f34e83d0: posts the ante 30
aff41dc4: posts the ante 30
cf44d14d: posts the ante 30
192961f: posts the ante 30
aff41dc4: posts small blind 100
192961f: posts big blind 200
*** HOLE CARDS ***
Dealt to f34e83d0 
Dealt to 1e6883dd 
Dealt to aff41dc4 
Dealt to 192961f 
Dealt to c3d9e726 
Dealt to Hero [4d 3c]
Dealt to cf44d14d 
Dealt to 1099ed87 
c3d9e726: folds
Hero: folds
cf44d14d: folds
1099ed87: folds
f34e83d0: folds
1e6883dd: raises 300 to 500
aff41dc4: folds
192961f: folds
Uncalled bet (300) returned to 1e6883dd
*** SHOWDOWN ***
1e6883dd collected 740 from pot
*** SUMMARY ***
Total pot 740 | Rake 0 | Jackpot 0 | Bingo 0 | Fortune 0 | Tax 0
Seat 1: f34e83d0 folded before Flop
Seat 2: 1e6883dd (button) collected (740)
Seat 3: aff41dc4 (small blind) folded before Flop
Seat 4: 192961f (big blind) folded before Flop
Seat 5: c3d9e726 folded before Flop
Seat 6: Hero folded before Flop
Seat 7: cf44d14d folded before Flop
Seat 8: 1099ed87 folded before Flop


Poker Hand #TM5575724338: Tournament #262679494, Bounty Hunters Deepstack Turbo $10.80 Hold'em No Limit - Level4(100/200(30)) - 2026/02/11 22:42:11
Table '14' 8-max Seat #1 is the button
Seat 1: f34e83d0 (22,934 in chips)
Seat 2: 1e6883dd (17,999 in chips)
Seat 3: aff41dc4 (2,382 in chips)
Seat 4: 7b9e0825 (17,945 in chips)
Seat 5: c3d9e726 (24,542 in chips)
Seat 6: Hero (19,970 in chips)
Seat 7: cf44d14d (38,536 in chips)
Seat 8: 1099ed87 (33,759 in chips)
c3d9e726: posts the ante 30
Hero: posts the ante 30
1e6883dd: posts the ante 30
1099ed87: posts the ante 30
f34e83d0: posts the ante 30
aff41dc4: posts the ante 30
cf44d14d: posts the ante 30
7b9e0825: posts the ante 30
1e6883dd: posts small blind 100
aff41dc4: posts big blind 200
*** HOLE CARDS ***
Dealt to f34e83d0 
Dealt to 1e6883dd 
Dealt to aff41dc4 
Dealt to 7b9e0825 
Dealt to c3d9e726 
Dealt to Hero [8d As]
Dealt to cf44d14d 
Dealt to 1099ed87 
7b9e0825: folds
c3d9e726: raises 200 to 400
Hero: folds
cf44d14d: folds
1099ed87: folds
f34e83d0: calls 400
1e6883dd: folds
aff41dc4: folds
*** FLOP *** [2h 7c 3s]
c3d9e726: bets 1,005
f34e83d0: calls 1,005
*** TURN *** [2h 7c 3s] [7d]
c3d9e726: bets 3,350
f34e83d0: folds
Uncalled bet (3,350) returned to c3d9e726
*** SHOWDOWN ***
c3d9e726 collected 3,350 from pot
*** SUMMARY ***
Total pot 3,350 | Rake 0 | Jackpot 0 | Bingo 0 | Fortune 0 | Tax 0
Board [2h 7c 3s 7d]
Seat 1: f34e83d0 (button) folded on the Turn
Seat 2: 1e6883dd (small blind) folded before Flop
Seat 3: aff41dc4 (big blind) folded before Flop
Seat 4: 7b9e0825 folded before Flop
Seat 5: c3d9e726 won (3,350)
Seat 6: Hero folded before Flop
Seat 7: cf44d14d folded before Flop
Seat 8: 1099ed87 folded before Flop


Poker Hand #TM5575724296: Tournament #262679494, Bounty Hunters Deepstack Turbo $10.80 Hold'em No Limit - Level4(100/200(30)) - 2026/02/11 22:40:44
Table '14' 8-max Seat #8 is the button
Seat 1: f34e83d0 (20,183 in chips)
Seat 2: 1e6883dd (20,570 in chips)
Seat 3: aff41dc4 (2,412 in chips)
Seat 4: 7b9e0825 (17,975 in chips)
Seat 5: c3d9e726 (24,572 in chips)
Seat 6: Hero (20,000 in chips)
Seat 7: cf44d14d (38,566 in chips)
Seat 8: 1099ed87 (33,789 in chips)
c3d9e726: posts the ante 30
Hero: posts the ante 30
1e6883dd: posts the ante 30
1099ed87: posts the ante 30
f34e83d0: posts the ante 30
aff41dc4: posts the ante 30
cf44d14d: posts the ante 30
7b9e0825: posts the ante 30
f34e83d0: posts small blind 100
1e6883dd: posts big blind 200
*** HOLE CARDS ***
Dealt to f34e83d0 
Dealt to 1e6883dd 
Dealt to aff41dc4 
Dealt to 7b9e0825 
Dealt to c3d9e726 
Dealt to Hero [3h 6h]
Dealt to cf44d14d 
Dealt to 1099ed87 
aff41dc4: folds
7b9e0825: folds
c3d9e726: folds
Hero: folds
cf44d14d: folds
1099ed87: folds
f34e83d0: raises 500 to 700
1e6883dd: calls 500
*** FLOP *** [8s Kh 5s]
f34e83d0: bets 542
1e6883dd: calls 542
*** TURN *** [8s Kh 5s] [As]
f34e83d0: checks
1e6883dd: bets 1,299
f34e83d0: calls 1,299
*** RIVER *** [8s Kh 5s As] [Kd]
f34e83d0: checks
1e6883dd: checks
f34e83d0: shows [Ad 2c] (two pair, Aces and Kings)
1e6883dd: shows [9c Td] (a pair of Kings)
*** SHOWDOWN ***
f34e83d0 collected 5,322 from pot
*** SUMMARY ***
Total pot 5,322 | Rake 0 | Jackpot 0 | Bingo 0 | Fortune 0 | Tax 0
Board [8s Kh 5s As Kd]
Seat 1: f34e83d0 (small blind) showed [Ad 2c] and won (5,322) with two pair, Aces and Kings
Seat 2: 1e6883dd (big blind) showed [9c Td] and lost with a pair of Kings
Seat 3: aff41dc4 folded before Flop
Seat 4: 7b9e0825 folded before Flop
Seat 5: c3d9e726 folded before Flop
Seat 6: Hero folded before Flop
Seat 7: cf44d14d folded before Flop
Seat 8: 1099ed87 (button) folded before Flop


