Poker Hand #TM5627096730: Tournament #265690113, Bounty Hunters Deepstack Turbo $8.88 Hold'em No Limit - Level12(500/1,000(150)) - 2026/02/24 16:04:37
Table '78' 8-max Seat #7 is the button
Seat 1: 9938d5c7 (46,903 in chips)
Seat 2: 23a02828 (40,570 in chips)
Seat 3: d6794300 (27,026 in chips)
Seat 4: 6c13677d (20,000 in chips)
Seat 5: cf2decb (58,110 in chips)
Seat 6: f8d82c3 (61,774 in chips)
Seat 7: 5f61b022 (40,439 in chips)
Seat 8: Hero (37,721 in chips)
6c13677d: posts the ante 150
9938d5c7: posts the ante 150
Hero: posts the ante 150
cf2decb: posts the ante 150
23a02828: posts the ante 150
d6794300: posts the ante 150
5f61b022: posts the ante 150
f8d82c3: posts the ante 150
Hero: posts small blind 500
9938d5c7: posts big blind 1,000
*** HOLE CARDS ***
Dealt to 9938d5c7 
Dealt to 23a02828 
Dealt to d6794300 
Dealt to 6c13677d 
Dealt to cf2decb 
Dealt to f8d82c3 
Dealt to 5f61b022 
Dealt to Hero [9h As]
23a02828: folds
d6794300: folds
6c13677d: raises 18,850 to 19,850 and is all-in
cf2decb: folds
f8d82c3: calls 19,850
5f61b022: folds
Hero: raises 17,721 to 37,571 and is all-in
9938d5c7: folds
f8d82c3: calls 17,721
Hero: shows [9h As]
6c13677d: shows [7s 7h]
f8d82c3: shows [Qs Qd]
*** FLOP *** [9d 8d Ad]
*** TURN *** [9d 8d Ad] [Td]
*** RIVER *** [9d 8d Ad Td] [2d]
*** SHOWDOWN ***
f8d82c3 collected 61,750 from pot
f8d82c3 collected 35,442 from pot
*** SUMMARY ***
Total pot 97,192 | Rake 0 | Jackpot 0 | Bingo 0 | Fortune 0 | Tax 0
Board [9d 8d Ad Td 2d]
Seat 1: 9938d5c7 (big blind) folded before Flop
Seat 2: 23a02828 folded before Flop
Seat 3: d6794300 folded before Flop
Seat 4: 6c13677d showed [7s 7h] and lost with a flush Ace high
Seat 5: cf2decb folded before Flop
Seat 6: f8d82c3 showed [Qs Qd] and won (97,192) with a flush Ace high
Seat 7: 5f61b022 (button) folded before Flop
Seat 8: Hero (small blind) showed [9h As] and lost with a flush Ace high


Poker Hand #TM5627096721: Tournament #265690113, Bounty Hunters Deepstack Turbo $8.88 Hold'em No Limit - Level12(500/1,000(150)) - 2026/02/24 16:03:49
Table '78' 8-max Seat #6 is the button
Seat 1: 9938d5c7 (47,053 in chips)
Seat 2: 23a02828 (40,720 in chips)
Seat 3: d6794300 (29,176 in chips)
Seat 4: 9c992a9b (34,450 in chips)
Seat 5: cf2decb (58,260 in chips)
Seat 6: f8d82c3 (19,508 in chips)
Seat 7: 5f61b022 (41,089 in chips)
Seat 8: Hero (42,287 in chips)
9c992a9b: posts the ante 150
9938d5c7: posts the ante 150
Hero: posts the ante 150
cf2decb: posts the ante 150
23a02828: posts the ante 150
d6794300: posts the ante 150
5f61b022: posts the ante 150
f8d82c3: posts the ante 150
5f61b022: posts small blind 500
Hero: posts big blind 1,000
*** HOLE CARDS ***
Dealt to 9938d5c7 
Dealt to 23a02828 
Dealt to d6794300 
Dealt to 9c992a9b 
Dealt to cf2decb 
Dealt to f8d82c3 
Dealt to 5f61b022 
Dealt to Hero [Qs As]
9938d5c7: folds
23a02828: folds
d6794300: raises 1,000 to 2,000
9c992a9b: calls 2,000
cf2decb: folds
f8d82c3: calls 2,000
5f61b022: folds
Hero: raises 40,137 to 42,137 and is all-in
d6794300: folds
9c992a9b: calls 32,300 and is all-in
f8d82c3: calls 17,358 and is all-in
Uncalled bet (7,837) returned to Hero
Hero: shows [Qs As]
9c992a9b: shows [Th Ts]
f8d82c3: shows [6d 8d]
*** FLOP *** [9c Qd 4d]
*** TURN *** [9c Qd 4d] [8h]
*** RIVER *** [9c Qd 4d 8h] [2d]
*** SHOWDOWN ***
f8d82c3 collected 61,774 from pot
Hero collected 29,884 from pot
*** SUMMARY ***
Total pot 91,658 | Rake 0 | Jackpot 0 | Bingo 0 | Fortune 0 | Tax 0
Board [9c Qd 4d 8h 2d]
Seat 1: 9938d5c7 folded before Flop
Seat 2: 23a02828 folded before Flop
Seat 3: d6794300 folded before Flop
Seat 4: 9c992a9b showed [Th Ts] and lost with a pair of Tens
Seat 5: cf2decb folded before Flop
Seat 6: f8d82c3 (button) showed [6d 8d] and won (61,774) with a flush Queen high
Seat 7: 5f61b022 (small blind) folded before Flop
Seat 8: Hero (big blind) showed [Qs As] and won (29,884) with a pair of Queens


Poker Hand #TM5627096706: Tournament #265690113, Bounty Hunters Deepstack Turbo $8.88 Hold'em No Limit - Level12(500/1,000(150)) - 2026/02/24 16:02:24
Table '78' 8-max Seat #5 is the button
Seat 1: 9938d5c7 (47,203 in chips)
Seat 2: 23a02828 (40,870 in chips)
Seat 3: d6794300 (54,856 in chips)
Seat 4: 9c992a9b (34,600 in chips)
Seat 5: cf2decb (25,680 in chips)
Seat 6: f8d82c3 (24,658 in chips)
Seat 7: 5f61b022 (42,239 in chips)
Seat 8: Hero (42,437 in chips)
9c992a9b: posts the ante 150
9938d5c7: posts the ante 150
Hero: posts the ante 150
cf2decb: posts the ante 150
23a02828: posts the ante 150
d6794300: posts the ante 150
5f61b022: posts the ante 150
f8d82c3: posts the ante 150
f8d82c3: posts small blind 500
5f61b022: posts big blind 1,000
*** HOLE CARDS ***
Dealt to 9938d5c7 
Dealt to 23a02828 
Dealt to d6794300 
Dealt to 9c992a9b 
Dealt to cf2decb 
Dealt to f8d82c3 
Dealt to 5f61b022 
Dealt to Hero [Jh 6h]
Hero: folds
9938d5c7: folds
23a02828: folds
d6794300: raises 2,000 to 3,000
9c992a9b: folds
cf2decb: calls 3,000
f8d82c3: raises 2,000 to 5,000
5f61b022: folds
d6794300: calls 2,000
cf2decb: calls 2,000
*** FLOP *** [Ah As Js]
f8d82c3: checks
d6794300: bets 5,676
cf2decb: calls 5,676
f8d82c3: folds
*** TURN *** [Ah As Js] [Jd]
d6794300: bets 21,414
cf2decb: calls 14,854 and is all-in
Uncalled bet (6,560) returned to d6794300
d6794300: shows [Qh Kc] (two pair, Aces and Jacks)
cf2decb: shows [Ad Td] (a full house, Aces full of Jacks)
*** RIVER *** [Ah As Js Jd] [Kh]
*** SHOWDOWN ***
cf2decb collected 58,260 from pot
*** SUMMARY ***
Total pot 58,260 | Rake 0 | Jackpot 0 | Bingo 0 | Fortune 0 | Tax 0
Board [Ah As Js Jd Kh]
Seat 1: 9938d5c7 folded before Flop
Seat 2: 23a02828 folded before Flop
Seat 3: d6794300 showed [Qh Kc] and lost with two pair, Aces and Kings
Seat 4: 9c992a9b folded before Flop
Seat 5: cf2decb (button) showed [Ad Td] and won (58,260) with a full house, Aces full of Jacks
Seat 6: f8d82c3 (small blind) folded on the Flop
Seat 7: 5f61b022 (big blind) folded before Flop
Seat 8: Hero folded before Flop


Poker Hand #TM5627096696: Tournament #265690113, Bounty Hunters Deepstack Turbo $8.88 Hold'em No Limit - Level12(500/1,000(150)) - 2026/02/24 15:54:51
Table '78' 8-max Seat #4 is the button
Seat 1: 9938d5c7 (47,353 in chips)
Seat 2: 23a02828 (41,020 in chips)
Seat 3: d6794300 (55,006 in chips)
Seat 4: 9c992a9b (34,750 in chips)
Seat 5: cf2decb (26,330 in chips)
Seat 6: f8d82c3 (25,808 in chips)
Seat 7: 5f61b022 (39,689 in chips)
Seat 8: Hero (42,587 in chips)
9c992a9b: posts the ante 150
9938d5c7: posts the ante 150
Hero: posts the ante 150
cf2decb: posts the ante 150
23a02828: posts the ante 150
d6794300: posts the ante 150
5f61b022: posts the ante 150
f8d82c3: posts the ante 150
cf2decb: posts small blind 500
f8d82c3: posts big blind 1,000
*** HOLE CARDS ***
Dealt to 9938d5c7 
Dealt to 23a02828 
Dealt to d6794300 
Dealt to 9c992a9b 
Dealt to cf2decb 
Dealt to f8d82c3 
Dealt to 5f61b022 
Dealt to Hero [4h Qh]
5f61b022: raises 1,100 to 2,100
Hero: folds
9938d5c7: folds
23a02828: folds
d6794300: folds
9c992a9b: folds
cf2decb: folds
f8d82c3: folds
Uncalled bet (1,100) returned to 5f61b022
*** SHOWDOWN ***
5f61b022 collected 3,700 from pot
*** SUMMARY ***
Total pot 3,700 | Rake 0 | Jackpot 0 | Bingo 0 | Fortune 0 | Tax 0
Seat 1: 9938d5c7 folded before Flop
Seat 2: 23a02828 folded before Flop
Seat 3: d6794300 folded before Flop
Seat 4: 9c992a9b (button) folded before Flop
Seat 5: cf2decb (small blind) folded before Flop
Seat 6: f8d82c3 (big blind) folded before Flop
Seat 7: 5f61b022 collected (3,700)
Seat 8: Hero folded before Flop


Poker Hand #TM5627970658: Tournament #265690113, Bounty Hunters Deepstack Turbo $8.88 Hold'em No Limit - Level12(500/1,000(150)) - 2026/02/24 15:53:20
Table '52' 8-max Seat #4 is the button
Seat 1: Hero (14,895 in chips)
Seat 2: ff0e9ed1 (55,359 in chips)
Seat 3: c61ce7e0 (11,606 in chips)
Seat 4: 4b03ed6c (61,531 in chips)
Seat 5: 2fdbf38 (35,182 in chips)
Seat 6: 333b0fac (64,071 in chips)
Seat 7: f170f258 (13,836 in chips)
Seat 8: 220066cc (88,201 in chips)
c61ce7e0: posts the ante 150
Hero: posts the ante 150
ff0e9ed1: posts the ante 150
2fdbf38: posts the ante 150
f170f258: posts the ante 150
4b03ed6c: posts the ante 150
333b0fac: posts the ante 150
220066cc: posts the ante 150
2fdbf38: posts small blind 500
333b0fac: posts big blind 1,000
*** HOLE CARDS ***
Dealt to Hero [Ad Kd]
Dealt to ff0e9ed1 
Dealt to c61ce7e0 
Dealt to 4b03ed6c 
Dealt to 2fdbf38 
Dealt to 333b0fac 
Dealt to f170f258 
Dealt to 220066cc 
f170f258: calls 1,000
220066cc: folds
Hero: raises 13,745 to 14,745 and is all-in
ff0e9ed1: folds
c61ce7e0: calls 11,456 and is all-in
4b03ed6c: folds
2fdbf38: folds
333b0fac: folds
f170f258: calls 12,686 and is all-in
Uncalled bet (1,059) returned to Hero
Hero: shows [Ad Kd]
c61ce7e0: shows [5c Ks]
f170f258: shows [9c Kh]
*** FLOP *** [Tc 6d Ah]
*** TURN *** [Tc 6d Ah] [6c]
*** RIVER *** [Tc 6d Ah 6c] [2c]
*** SHOWDOWN ***
Hero collected 37,068 from pot
Hero collected 4,460 from pot
*** SUMMARY ***
Total pot 41,528 | Rake 0 | Jackpot 0 | Bingo 0 | Fortune 0 | Tax 0
Board [Tc 6d Ah 6c 2c]
Seat 1: Hero showed [Ad Kd] and won (41,528) with two pair, Aces and Sixes
Seat 2: ff0e9ed1 folded before Flop
Seat 3: c61ce7e0 showed [5c Ks] and lost with a pair of Sixes
Seat 4: 4b03ed6c (button) folded before Flop
Seat 5: 2fdbf38 (small blind) folded before Flop
Seat 6: 333b0fac (big blind) folded before Flop
Seat 7: f170f258 showed [9c Kh] and lost with a pair of Sixes
Seat 8: 220066cc folded before Flop


Poker Hand #TM5627970653: Tournament #265690113, Bounty Hunters Deepstack Turbo $8.88 Hold'em No Limit - Level12(500/1,000(150)) - 2026/02/24 15:52:37
Table '52' 8-max Seat #3 is the button
Seat 1: Hero (15,045 in chips)
Seat 2: ff0e9ed1 (55,509 in chips)
Seat 3: c61ce7e0 (5,103 in chips)
Seat 4: 4b03ed6c (62,181 in chips)
Seat 5: 2fdbf38 (40,285 in chips)
Seat 6: 333b0fac (64,221 in chips)
Seat 7: f170f258 (13,986 in chips)
Seat 8: 220066cc (88,351 in chips)
c61ce7e0: posts the ante 150
Hero: posts the ante 150
ff0e9ed1: posts the ante 150
2fdbf38: posts the ante 150
f170f258: posts the ante 150
333b0fac: posts the ante 150
4b03ed6c: posts the ante 150
220066cc: posts the ante 150
4b03ed6c: posts small blind 500
2fdbf38: posts big blind 1,000
*** HOLE CARDS ***
Dealt to Hero [3h 5c]
Dealt to ff0e9ed1 
Dealt to c61ce7e0 
Dealt to 4b03ed6c 
Dealt to 2fdbf38 
Dealt to 333b0fac 
Dealt to f170f258 
Dealt to 220066cc 
333b0fac: folds
f170f258: folds
220066cc: folds
Hero: folds
ff0e9ed1: folds
c61ce7e0: raises 3,953 to 4,953 and is all-in
4b03ed6c: folds
2fdbf38: calls 3,953
c61ce7e0: shows [Jd 4s]
2fdbf38: shows [Kh 6s]
*** FLOP *** [7c 9c 8s]
*** TURN *** [7c 9c 8s] [3d]
*** RIVER *** [7c 9c 8s 3d] [4c]
*** SHOWDOWN ***
c61ce7e0 collected 11,606 from pot
*** SUMMARY ***
Total pot 11,606 | Rake 0 | Jackpot 0 | Bingo 0 | Fortune 0 | Tax 0
Board [7c 9c 8s 3d 4c]
Seat 1: Hero folded before Flop
Seat 2: ff0e9ed1 folded before Flop
Seat 3: c61ce7e0 (button) showed [Jd 4s] and won (11,606) with a pair of Fours
Seat 4: 4b03ed6c (small blind) folded before Flop
Seat 5: 2fdbf38 (big blind) showed [Kh 6s] and lost with King high
Seat 6: 333b0fac folded before Flop
Seat 7: f170f258 folded before Flop
Seat 8: 220066cc folded before Flop


Poker Hand #TM5627970647: Tournament #265690113, Bounty Hunters Deepstack Turbo $8.88 Hold'em No Limit - Level12(500/1,000(150)) - 2026/02/24 15:52:02
Table '52' 8-max Seat #2 is the button
Seat 1: Hero (15,195 in chips)
Seat 2: ff0e9ed1 (55,659 in chips)
Seat 3: c61ce7e0 (11,146 in chips)
Seat 4: 4b03ed6c (63,331 in chips)
Seat 5: 2fdbf38 (40,435 in chips)
Seat 6: 333b0fac (64,371 in chips)
Seat 7: f170f258 (6,043 in chips)
Seat 8: 220066cc (88,501 in chips)
Hero: posts the ante 150
c61ce7e0: posts the ante 150
ff0e9ed1: posts the ante 150
2fdbf38: posts the ante 150
f170f258: posts the ante 150
333b0fac: posts the ante 150
4b03ed6c: posts the ante 150
220066cc: posts the ante 150
c61ce7e0: posts small blind 500
4b03ed6c: posts big blind 1,000
*** HOLE CARDS ***
Dealt to Hero [7d 2h]
Dealt to ff0e9ed1 
Dealt to c61ce7e0 
Dealt to 4b03ed6c 
Dealt to 2fdbf38 
Dealt to 333b0fac 
Dealt to f170f258 
Dealt to 220066cc 
2fdbf38: folds
333b0fac: folds
f170f258: raises 4,893 to 5,893 and is all-in
220066cc: folds
Hero: folds
ff0e9ed1: folds
c61ce7e0: raises 5,103 to 10,996 and is all-in
4b03ed6c: folds
Uncalled bet (5,103) returned to c61ce7e0
c61ce7e0: shows [7c 9s]
f170f258: shows [8d 8h]
*** FLOP *** [Jd 9c 3d]
*** TURN *** [Jd 9c 3d] [8c]
*** RIVER *** [Jd 9c 3d 8c] [3s]
*** SHOWDOWN ***
f170f258 collected 13,986 from pot
*** SUMMARY ***
Total pot 13,986 | Rake 0 | Jackpot 0 | Bingo 0 | Fortune 0 | Tax 0
Board [Jd 9c 3d 8c 3s]
Seat 1: Hero folded before Flop
Seat 2: ff0e9ed1 (button) folded before Flop
Seat 3: c61ce7e0 (small blind) showed [7c 9s] and lost with two pair, Nines and Threes
Seat 4: 4b03ed6c (big blind) folded before Flop
Seat 5: 2fdbf38 folded before Flop
Seat 6: 333b0fac folded before Flop
Seat 7: f170f258 showed [8d 8h] and won (13,986) with a full house, Eights full of Threes
Seat 8: 220066cc folded before Flop


Poker Hand #TM5627970637: Tournament #265690113, Bounty Hunters Deepstack Turbo $8.88 Hold'em No Limit - Level12(500/1,000(150)) - 2026/02/24 15:51:01
Table '52' 8-max Seat #1 is the button
Seat 1: Hero (15,345 in chips)
Seat 2: ff0e9ed1 (56,309 in chips)
Seat 3: c61ce7e0 (22,274 in chips)
Seat 4: 4b03ed6c (63,481 in chips)
Seat 5: 2fdbf38 (40,585 in chips)
Seat 6: 333b0fac (51,843 in chips)
Seat 7: f170f258 (6,193 in chips)
Seat 8: 220066cc (88,651 in chips)
Hero: posts the ante 150
c61ce7e0: posts the ante 150
ff0e9ed1: posts the ante 150
2fdbf38: posts the ante 150
f170f258: posts the ante 150
333b0fac: posts the ante 150
4b03ed6c: posts the ante 150
220066cc: posts the ante 150
ff0e9ed1: posts small blind 500
c61ce7e0: posts big blind 1,000
*** HOLE CARDS ***
Dealt to Hero [3c Ts]
Dealt to ff0e9ed1 
Dealt to c61ce7e0 
Dealt to 4b03ed6c 
Dealt to 2fdbf38 
Dealt to 333b0fac 
Dealt to f170f258 
Dealt to 220066cc 
4b03ed6c: folds
2fdbf38: folds
333b0fac: raises 1,000 to 2,000
f170f258: folds
220066cc: folds
Hero: folds
ff0e9ed1: folds
c61ce7e0: calls 1,000
*** FLOP *** [Jc Js 5c]
c61ce7e0: checks
333b0fac: checks
*** TURN *** [Jc Js 5c] [9d]
c61ce7e0: bets 4,275
333b0fac: calls 4,275
*** RIVER *** [Jc Js 5c 9d] [Jd]
c61ce7e0: bets 4,703
333b0fac: raises 13,011 to 17,714
c61ce7e0: folds
Uncalled bet (13,011) returned to 333b0fac
*** SHOWDOWN ***
333b0fac collected 23,656 from pot
*** SUMMARY ***
Total pot 23,656 | Rake 0 | Jackpot 0 | Bingo 0 | Fortune 0 | Tax 0
Board [Jc Js 5c 9d Jd]
Seat 1: Hero (button) folded before Flop
Seat 2: ff0e9ed1 (small blind) folded before Flop
Seat 3: c61ce7e0 (big blind) folded on the River
Seat 4: 4b03ed6c folded before Flop
Seat 5: 2fdbf38 folded before Flop
Seat 6: 333b0fac showed [Ks] and won (23,656)
Seat 7: f170f258 folded before Flop
Seat 8: 220066cc folded before Flop


Poker Hand #TM5627970632: Tournament #265690113, Bounty Hunters Deepstack Turbo $8.88 Hold'em No Limit - Level11(400/800(120)) - 2026/02/24 15:49:45
Table '52' 8-max Seat #8 is the button
Seat 1: Hero (17,065 in chips)
Seat 2: ff0e9ed1 (49,389 in chips)
Seat 3: c61ce7e0 (22,394 in chips)
Seat 4: 4b03ed6c (63,601 in chips)
Seat 5: 2fdbf38 (40,705 in chips)
Seat 6: 333b0fac (51,963 in chips)
Seat 7: f170f258 (6,313 in chips)
Seat 8: 220066cc (93,251 in chips)
c61ce7e0: posts the ante 120
Hero: posts the ante 120
ff0e9ed1: posts the ante 120
2fdbf38: posts the ante 120
f170f258: posts the ante 120
333b0fac: posts the ante 120
4b03ed6c: posts the ante 120
220066cc: posts the ante 120
Hero: posts small blind 400
ff0e9ed1: posts big blind 800
*** HOLE CARDS ***
Dealt to Hero [Ac 3c]
Dealt to ff0e9ed1 
Dealt to c61ce7e0 
Dealt to 4b03ed6c 
Dealt to 2fdbf38 
Dealt to 333b0fac 
Dealt to f170f258 
Dealt to 220066cc 
c61ce7e0: folds
4b03ed6c: folds
2fdbf38: folds
333b0fac: folds
f170f258: folds
220066cc: raises 800 to 1,600
Hero: calls 1,200
ff0e9ed1: calls 800
*** FLOP *** [6c 7h Qd]
Hero: checks
ff0e9ed1: checks
220066cc: bets 2,880
Hero: folds
ff0e9ed1: calls 2,880
*** TURN *** [6c 7h Qd] [5h]
ff0e9ed1: checks
220066cc: checks
*** RIVER *** [6c 7h Qd 5h] [2h]
ff0e9ed1: bets 3,802
220066cc: folds
Uncalled bet (3,802) returned to ff0e9ed1
*** SHOWDOWN ***
ff0e9ed1 collected 11,520 from pot
*** SUMMARY ***
Total pot 11,520 | Rake 0 | Jackpot 0 | Bingo 0 | Fortune 0 | Tax 0
Board [6c 7h Qd 5h 2h]
Seat 1: Hero (small blind) folded on the Flop
Seat 2: ff0e9ed1 (big blind) showed [6d 8s] and won (11,520)
Seat 3: c61ce7e0 folded before Flop
Seat 4: 4b03ed6c folded before Flop
Seat 5: 2fdbf38 folded before Flop
Seat 6: 333b0fac folded before Flop
Seat 7: f170f258 folded before Flop
Seat 8: 220066cc (button) folded on the River


Poker Hand #TM5627970624: Tournament #265690113, Bounty Hunters Deepstack Turbo $8.88 Hold'em No Limit - Level11(400/800(120)) - 2026/02/24 15:49:01
Table '52' 8-max Seat #7 is the button
Seat 1: Hero (14,580 in chips)
Seat 2: ff0e9ed1 (49,509 in chips)
Seat 3: c61ce7e0 (22,514 in chips)
Seat 4: 4b03ed6c (63,721 in chips)
Seat 5: 2fdbf38 (40,825 in chips)
Seat 6: 333b0fac (52,083 in chips)
Seat 7: f170f258 (6,433 in chips)
Seat 8: 220066cc (95,016 in chips)
c61ce7e0: posts the ante 120
Hero: posts the ante 120
ff0e9ed1: posts the ante 120
2fdbf38: posts the ante 120
f170f258: posts the ante 120
333b0fac: posts the ante 120
4b03ed6c: posts the ante 120
220066cc: posts the ante 120
220066cc: posts small blind 400
Hero: posts big blind 800
*** HOLE CARDS ***
Dealt to Hero [Qd 5s]
Dealt to ff0e9ed1 
Dealt to c61ce7e0 
Dealt to 4b03ed6c 
Dealt to 2fdbf38 
Dealt to 333b0fac 
Dealt to f170f258 
Dealt to 220066cc 
ff0e9ed1: folds
c61ce7e0: folds
4b03ed6c: folds
2fdbf38: folds
333b0fac: folds
f170f258: folds
220066cc: calls 400
Hero: checks
*** FLOP *** [4c 3c Kd]
220066cc: checks
Hero: checks
*** TURN *** [4c 3c Kd] [3s]
220066cc: checks
Hero: checks
*** RIVER *** [4c 3c Kd 3s] [5d]
220066cc: checks
Hero: bets 845
220066cc: calls 845
Hero: shows [Qd 5s] (two pair, Fives and Threes)
220066cc: shows [Jd Qh] (a pair of Threes)
*** SHOWDOWN ***
Hero collected 4,250 from pot
*** SUMMARY ***
Total pot 4,250 | Rake 0 | Jackpot 0 | Bingo 0 | Fortune 0 | Tax 0
Board [4c 3c Kd 3s 5d]
Seat 1: Hero (big blind) showed [Qd 5s] and won (4,250) with two pair, Fives and Threes
Seat 2: ff0e9ed1 folded before Flop
Seat 3: c61ce7e0 folded before Flop
Seat 4: 4b03ed6c folded before Flop
Seat 5: 2fdbf38 folded before Flop
Seat 6: 333b0fac folded before Flop
Seat 7: f170f258 (button) folded before Flop
Seat 8: 220066cc (small blind) showed [Jd Qh] and lost with a pair of Threes


Poker Hand #TM5627970616: Tournament #265690113, Bounty Hunters Deepstack Turbo $8.88 Hold'em No Limit - Level11(400/800(120)) - 2026/02/24 15:47:35
Table '52' 8-max Seat #6 is the button
Seat 1: Hero (14,700 in chips)
Seat 2: ff0e9ed1 (49,629 in chips)
Seat 3: c61ce7e0 (22,634 in chips)
Seat 4: 4b03ed6c (63,841 in chips)
Seat 5: 2fdbf38 (40,945 in chips)
Seat 6: 333b0fac (44,227 in chips)
Seat 7: f170f258 (6,953 in chips)
Seat 8: 220066cc (101,752 in chips)
c61ce7e0: posts the ante 120
Hero: posts the ante 120
ff0e9ed1: posts the ante 120
2fdbf38: posts the ante 120
f170f258: posts the ante 120
333b0fac: posts the ante 120
4b03ed6c: posts the ante 120
220066cc: posts the ante 120
f170f258: posts small blind 400
220066cc: posts big blind 800
*** HOLE CARDS ***
Dealt to Hero [9h 5s]
Dealt to ff0e9ed1 
Dealt to c61ce7e0 
Dealt to 4b03ed6c 
Dealt to 2fdbf38 
Dealt to 333b0fac 
Dealt to f170f258 
Dealt to 220066cc 
Hero: folds
ff0e9ed1: folds
c61ce7e0: folds
4b03ed6c: folds
2fdbf38: folds
333b0fac: raises 800 to 1,600
f170f258: folds
220066cc: calls 800
*** FLOP *** [3h Js Th]
220066cc: checks
333b0fac: bets 2,508
220066cc: raises 2,508 to 5,016
333b0fac: calls 2,508
*** TURN *** [3h Js Th] [2d]
220066cc: checks
333b0fac: bets 37,491 and is all-in
220066cc: folds
Uncalled bet (37,491) returned to 333b0fac
*** SHOWDOWN ***
333b0fac collected 14,592 from pot
*** SUMMARY ***
Total pot 14,592 | Rake 0 | Jackpot 0 | Bingo 0 | Fortune 0 | Tax 0
Board [3h Js Th 2d]
Seat 1: Hero folded before Flop
Seat 2: ff0e9ed1 folded before Flop
Seat 3: c61ce7e0 folded before Flop
Seat 4: 4b03ed6c folded before Flop
Seat 5: 2fdbf38 folded before Flop
Seat 6: 333b0fac (button) won (14,592)
Seat 7: f170f258 (small blind) folded before Flop
Seat 8: 220066cc (big blind) folded on the Turn


Poker Hand #TM5627970609: Tournament #265690113, Bounty Hunters Deepstack Turbo $8.88 Hold'em No Limit - Level11(400/800(120)) - 2026/02/24 15:46:17
Table '52' 8-max Seat #5 is the button
Seat 1: Hero (18,049 in chips)
Seat 2: ff0e9ed1 (22,040 in chips)
Seat 3: c61ce7e0 (22,754 in chips)
Seat 4: 4b03ed6c (63,961 in chips)
Seat 5: 2fdbf38 (41,065 in chips)
Seat 6: 333b0fac (45,947 in chips)
Seat 7: f170f258 (28,993 in chips)
Seat 8: 220066cc (101,872 in chips)
c61ce7e0: posts the ante 120
Hero: posts the ante 120
ff0e9ed1: posts the ante 120
2fdbf38: posts the ante 120
f170f258: posts the ante 120
4b03ed6c: posts the ante 120
333b0fac: posts the ante 120
220066cc: posts the ante 120
333b0fac: posts small blind 400
f170f258: posts big blind 800
*** HOLE CARDS ***
Dealt to Hero [9c 9h]
Dealt to ff0e9ed1 
Dealt to c61ce7e0 
Dealt to 4b03ed6c 
Dealt to 2fdbf38 
Dealt to 333b0fac 
Dealt to f170f258 
Dealt to 220066cc 
220066cc: folds
Hero: raises 800 to 1,600
ff0e9ed1: calls 1,600
c61ce7e0: folds
4b03ed6c: folds
2fdbf38: folds
333b0fac: calls 1,200
f170f258: calls 800
*** FLOP *** [Ah 2d 5h]
333b0fac: checks
f170f258: checks
Hero: bets 1,629
ff0e9ed1: raises 3,504 to 5,133
333b0fac: folds
f170f258: calls 5,133
Hero: folds
*** TURN *** [Ah 2d 5h] [Kc]
f170f258: checks
ff0e9ed1: bets 15,187 and is all-in
f170f258: calls 15,187
ff0e9ed1: shows [6s Ac] (a pair of Aces)
f170f258: shows [4h As] (a pair of Aces)
*** RIVER *** [Ah 2d 5h Kc] [Jd]
*** SHOWDOWN ***
ff0e9ed1 collected 49,629 from pot
*** SUMMARY ***
Total pot 49,629 | Rake 0 | Jackpot 0 | Bingo 0 | Fortune 0 | Tax 0
Board [Ah 2d 5h Kc Jd]
Seat 1: Hero folded on the Flop
Seat 2: ff0e9ed1 showed [6s Ac] and won (49,629) with a pair of Aces
Seat 3: c61ce7e0 folded before Flop
Seat 4: 4b03ed6c folded before Flop
Seat 5: 2fdbf38 (button) folded before Flop
Seat 6: 333b0fac (small blind) folded on the Flop
Seat 7: f170f258 (big blind) showed [4h As] and lost with a pair of Aces
Seat 8: 220066cc folded before Flop


Poker Hand #TM5627970606: Tournament #265690113, Bounty Hunters Deepstack Turbo $8.88 Hold'em No Limit - Level11(400/800(120)) - 2026/02/24 15:45:49
Table '52' 8-max Seat #4 is the button
Seat 1: Hero (18,169 in chips)
Seat 2: ff0e9ed1 (20,000 in chips)
Seat 3: c61ce7e0 (22,874 in chips)
Seat 4: 4b03ed6c (64,081 in chips)
Seat 5: 2fdbf38 (41,585 in chips)
Seat 6: 333b0fac (46,867 in chips)
Seat 7: f170f258 (29,113 in chips)
Seat 8: 220066cc (101,992 in chips)
c61ce7e0: posts the ante 120
Hero: posts the ante 120
ff0e9ed1: posts the ante 120
2fdbf38: posts the ante 120
f170f258: posts the ante 120
4b03ed6c: posts the ante 120
333b0fac: posts the ante 120
220066cc: posts the ante 120
2fdbf38: posts small blind 400
333b0fac: posts big blind 800
*** HOLE CARDS ***
Dealt to Hero [4c 2c]
Dealt to ff0e9ed1 
Dealt to c61ce7e0 
Dealt to 4b03ed6c 
Dealt to 2fdbf38 
Dealt to 333b0fac 
Dealt to f170f258 
Dealt to 220066cc 
f170f258: folds
220066cc: folds
Hero: folds
ff0e9ed1: raises 19,080 to 19,880 and is all-in
c61ce7e0: folds
4b03ed6c: folds
2fdbf38: folds
333b0fac: folds
Uncalled bet (19,080) returned to ff0e9ed1
*** SHOWDOWN ***
ff0e9ed1 collected 2,960 from pot
*** SUMMARY ***
Total pot 2,960 | Rake 0 | Jackpot 0 | Bingo 0 | Fortune 0 | Tax 0
Seat 1: Hero folded before Flop
Seat 2: ff0e9ed1 collected (2,960)
Seat 3: c61ce7e0 folded before Flop
Seat 4: 4b03ed6c (button) folded before Flop
Seat 5: 2fdbf38 (small blind) folded before Flop
Seat 6: 333b0fac (big blind) folded before Flop
Seat 7: f170f258 folded before Flop
Seat 8: 220066cc folded before Flop


Poker Hand #TM5627970598: Tournament #265690113, Bounty Hunters Deepstack Turbo $8.88 Hold'em No Limit - Level11(400/800(120)) - 2026/02/24 15:44:55
Table '52' 8-max Seat #3 is the button
Seat 1: Hero (18,289 in chips)
Seat 3: c61ce7e0 (9,737 in chips)
Seat 4: 4b03ed6c (64,601 in chips)
Seat 5: 2fdbf38 (42,505 in chips)
Seat 6: 333b0fac (46,987 in chips)
Seat 7: f170f258 (38,850 in chips)
Seat 8: 220066cc (103,712 in chips)
c61ce7e0: posts the ante 120
Hero: posts the ante 120
2fdbf38: posts the ante 120
f170f258: posts the ante 120
333b0fac: posts the ante 120
4b03ed6c: posts the ante 120
220066cc: posts the ante 120
4b03ed6c: posts small blind 400
2fdbf38: posts big blind 800
*** HOLE CARDS ***
Dealt to Hero [6c 9d]
Dealt to c61ce7e0 
Dealt to 4b03ed6c 
Dealt to 2fdbf38 
Dealt to 333b0fac 
Dealt to f170f258 
Dealt to 220066cc 
333b0fac: folds
f170f258: raises 800 to 1,600
220066cc: calls 1,600
Hero: folds
c61ce7e0: raises 8,017 to 9,617 and is all-in
4b03ed6c: folds
2fdbf38: folds
f170f258: raises 22,874 to 32,491
220066cc: folds
Uncalled bet (22,874) returned to f170f258
f170f258: shows [As Qd]
c61ce7e0: shows [Th 9s]
*** FLOP *** [6h Ts 9c]
*** TURN *** [6h Ts 9c] [2d]
*** RIVER *** [6h Ts 9c 2d] [6s]
Hero: shows [6c 9d] (a full house, Sixes full of Nines)
*** SHOWDOWN ***
c61ce7e0 collected 22,874 from pot
*** SUMMARY ***
Total pot 22,874 | Rake 0 | Jackpot 0 | Bingo 0 | Fortune 0 | Tax 0
Board [6h Ts 9c 2d 6s]
Seat 1: Hero folded before Flop
Seat 3: c61ce7e0 (button) showed [Th 9s] and won (22,874) with two pair, Tens and Nines
Seat 4: 4b03ed6c (small blind) folded before Flop
Seat 5: 2fdbf38 (big blind) folded before Flop
Seat 6: 333b0fac folded before Flop
Seat 7: f170f258 showed [As Qd] and lost with a pair of Sixes
Seat 8: 220066cc folded before Flop


Poker Hand #TM5627970588: Tournament #265690113, Bounty Hunters Deepstack Turbo $8.88 Hold'em No Limit - Level11(400/800(120)) - 2026/02/24 15:43:51
Table '52' 8-max Seat #2 is the button
Seat 1: Hero (18,409 in chips)
Seat 2: a4bda819 (3,083 in chips)
Seat 3: c61ce7e0 (30,986 in chips)
Seat 4: 4b03ed6c (21,249 in chips)
Seat 5: 2fdbf38 (42,625 in chips)
Seat 6: 44a9c979 (16,940 in chips)
Seat 7: f170f258 (38,970 in chips)
Seat 8: 220066cc (105,432 in chips)
Hero: posts the ante 120
c61ce7e0: posts the ante 120
2fdbf38: posts the ante 120
a4bda819: posts the ante 120
f170f258: posts the ante 120
4b03ed6c: posts the ante 120
44a9c979: posts the ante 120
220066cc: posts the ante 120
c61ce7e0: posts small blind 400
4b03ed6c: posts big blind 800
*** HOLE CARDS ***
Dealt to Hero [As 2h]
Dealt to a4bda819 
Dealt to c61ce7e0 
Dealt to 4b03ed6c 
Dealt to 2fdbf38 
Dealt to 44a9c979 
Dealt to f170f258 
Dealt to 220066cc 
2fdbf38: folds
44a9c979: raises 800 to 1,600
f170f258: folds
220066cc: calls 1,600
Hero: folds
a4bda819: raises 1,363 to 2,963 and is all-in
c61ce7e0: raises 27,903 to 30,866 and is all-in
4b03ed6c: calls 20,329 and is all-in
44a9c979: calls 15,220 and is all-in
220066cc: folds
Uncalled bet (9,737) returned to c61ce7e0
c61ce7e0: shows [Ad Kh]
4b03ed6c: shows [Js 4s]
44a9c979: shows [Jh Ah]
a4bda819: shows [5c 6c]
*** FLOP *** [4d 6s 9c]
*** TURN *** [4d 6s 9c] [4h]
*** RIVER *** [4d 6s 9c 4h] [7s]
*** SHOWDOWN ***
4b03ed6c collected 14,412 from pot
4b03ed6c collected 41,571 from pot
4b03ed6c collected 8,618 from pot
*** SUMMARY ***
Total pot 64,601 | Rake 0 | Jackpot 0 | Bingo 0 | Fortune 0 | Tax 0
Board [4d 6s 9c 4h 7s]
Seat 1: Hero folded before Flop
Seat 2: a4bda819 (button) showed [5c 6c] and lost with two pair, Sixes and Fours
Seat 3: c61ce7e0 (small blind) showed [Ad Kh] and lost with a pair of Fours
Seat 4: 4b03ed6c (big blind) showed [Js 4s] and won (64,601) with three of a kind, Fours
Seat 5: 2fdbf38 folded before Flop
Seat 6: 44a9c979 showed [Jh Ah] and lost with a pair of Fours
Seat 7: f170f258 folded before Flop
Seat 8: 220066cc folded before Flop


Poker Hand #TM5627970577: Tournament #265690113, Bounty Hunters Deepstack Turbo $8.88 Hold'em No Limit - Level11(400/800(120)) - 2026/02/24 15:42:39
Table '52' 8-max Seat #1 is the button
Seat 1: Hero (22,162 in chips)
Seat 2: a4bda819 (3,603 in chips)
Seat 3: c61ce7e0 (22,480 in chips)
Seat 4: 4b03ed6c (21,369 in chips)
Seat 5: 2fdbf38 (42,745 in chips)
Seat 6: 44a9c979 (17,060 in chips)
Seat 7: f170f258 (42,723 in chips)
Seat 8: 220066cc (105,552 in chips)
Hero: posts the ante 120
c61ce7e0: posts the ante 120
2fdbf38: posts the ante 120
a4bda819: posts the ante 120
f170f258: posts the ante 120
4b03ed6c: posts the ante 120
44a9c979: posts the ante 120
220066cc: posts the ante 120
a4bda819: posts small blind 400
c61ce7e0: posts big blind 800
*** HOLE CARDS ***
Dealt to Hero [8s 7s]
Dealt to a4bda819 
Dealt to c61ce7e0 
Dealt to 4b03ed6c 
Dealt to 2fdbf38 
Dealt to 44a9c979 
Dealt to f170f258 
Dealt to 220066cc 
4b03ed6c: folds
2fdbf38: folds
44a9c979: folds
f170f258: raises 800 to 1,600
220066cc: folds
Hero: calls 1,600
a4bda819: folds
c61ce7e0: calls 800
*** FLOP *** [Ad 8c 2s]
c61ce7e0: checks
f170f258: bets 2,033
Hero: calls 2,033
c61ce7e0: calls 2,033
*** TURN *** [Ad 8c 2s] [Th]
c61ce7e0: checks
f170f258: checks
Hero: checks
*** RIVER *** [Ad 8c 2s Th] [4h]
c61ce7e0: bets 18,727 and is all-in
f170f258: folds
Hero: folds
Uncalled bet (18,727) returned to c61ce7e0
*** SHOWDOWN ***
c61ce7e0 collected 12,259 from pot
*** SUMMARY ***
Total pot 12,259 | Rake 0 | Jackpot 0 | Bingo 0 | Fortune 0 | Tax 0
Board [Ad 8c 2s Th 4h]
Seat 1: Hero (button) folded on the River
Seat 2: a4bda819 (small blind) folded before Flop
Seat 3: c61ce7e0 (big blind) won (12,259)
Seat 4: 4b03ed6c folded before Flop
Seat 5: 2fdbf38 folded before Flop
Seat 6: 44a9c979 folded before Flop
Seat 7: f170f258 folded on the River
Seat 8: 220066cc folded before Flop


Poker Hand #TM5627970564: Tournament #265690113, Bounty Hunters Deepstack Turbo $8.88 Hold'em No Limit - Level10(350/700(100)) - 2026/02/24 15:41:35
Table '52' 8-max Seat #8 is the button
Seat 1: Hero (22,612 in chips)
Seat 2: a4bda819 (5,476 in chips)
Seat 3: c61ce7e0 (22,580 in chips)
Seat 4: 4b03ed6c (41,369 in chips)
Seat 5: 2fdbf38 (42,845 in chips)
Seat 6: 44a9c979 (17,160 in chips)
Seat 7: f170f258 (20,000 in chips)
Seat 8: 220066cc (105,652 in chips)
c61ce7e0: posts the ante 100
Hero: posts the ante 100
2fdbf38: posts the ante 100
a4bda819: posts the ante 100
f170f258: posts the ante 100
4b03ed6c: posts the ante 100
44a9c979: posts the ante 100
220066cc: posts the ante 100
Hero: posts small blind 350
a4bda819: posts big blind 700
*** HOLE CARDS ***
Dealt to Hero [9c 3h]
Dealt to a4bda819 
Dealt to c61ce7e0 
Dealt to 4b03ed6c 
Dealt to 2fdbf38 
Dealt to 44a9c979 
Dealt to f170f258 
Dealt to 220066cc 
c61ce7e0: folds
4b03ed6c: calls 700
2fdbf38: folds
44a9c979: folds
f170f258: calls 700
220066cc: folds
Hero: folds
a4bda819: checks
*** FLOP *** [Qs Td Th]
a4bda819: checks
4b03ed6c: bets 1,073
f170f258: calls 1,073
a4bda819: calls 1,073
*** TURN *** [Qs Td Th] [2d]
a4bda819: checks
4b03ed6c: bets 4,852
f170f258: calls 4,852
a4bda819: folds
*** RIVER *** [Qs Td Th 2d] [5d]
4b03ed6c: bets 5,338
f170f258: raises 7,937 to 13,275 and is all-in
4b03ed6c: calls 7,937
f170f258: shows [Kh Ks] (two pair, Kings and Tens)
4b03ed6c: shows [Qc 6c] (two pair, Queens and Tens)
*** SHOWDOWN ***
f170f258 collected 42,723 from pot
*** SUMMARY ***
Total pot 42,723 | Rake 0 | Jackpot 0 | Bingo 0 | Fortune 0 | Tax 0
Board [Qs Td Th 2d 5d]
Seat 1: Hero (small blind) folded before Flop
Seat 2: a4bda819 (big blind) folded on the Turn
Seat 3: c61ce7e0 folded before Flop
Seat 4: 4b03ed6c showed [Qc 6c] and lost with two pair, Queens and Tens
Seat 5: 2fdbf38 folded before Flop
Seat 6: 44a9c979 folded before Flop
Seat 7: f170f258 showed [Kh Ks] and won (42,723) with two pair, Kings and Tens
Seat 8: 220066cc (button) folded before Flop


Poker Hand #TM5627970545: Tournament #265690113, Bounty Hunters Deepstack Turbo $8.88 Hold'em No Limit - Level10(350/700(100)) - 2026/02/24 15:40:15
Table '52' 8-max Seat #6 is the button
Seat 1: Hero (23,412 in chips)
Seat 2: a4bda819 (5,576 in chips)
Seat 3: c61ce7e0 (22,680 in chips)
Seat 4: 4b03ed6c (41,469 in chips)
Seat 5: 2fdbf38 (40,145 in chips)
Seat 6: 44a9c979 (17,260 in chips)
Seat 8: 220066cc (107,152 in chips)
c61ce7e0: posts the ante 100
Hero: posts the ante 100
2fdbf38: posts the ante 100
a4bda819: posts the ante 100
4b03ed6c: posts the ante 100
44a9c979: posts the ante 100
220066cc: posts the ante 100
220066cc: posts small blind 350
Hero: posts big blind 700
*** HOLE CARDS ***
Dealt to Hero [6h 2c]
Dealt to a4bda819 
Dealt to c61ce7e0 
Dealt to 4b03ed6c 
Dealt to 2fdbf38 
Dealt to 44a9c979 
Dealt to 220066cc 
a4bda819: folds
c61ce7e0: folds
4b03ed6c: folds
2fdbf38: raises 700 to 1,400
44a9c979: folds
220066cc: calls 1,050
Hero: folds
*** FLOP *** [Qs 4h 6c]
220066cc: checks
2fdbf38: checks
*** TURN *** [Qs 4h 6c] [Ks]
220066cc: checks
2fdbf38: bets 2,100
220066cc: folds
Uncalled bet (2,100) returned to 2fdbf38
*** SHOWDOWN ***
2fdbf38 collected 4,200 from pot
*** SUMMARY ***
Total pot 4,200 | Rake 0 | Jackpot 0 | Bingo 0 | Fortune 0 | Tax 0
Board [Qs 4h 6c Ks]
Seat 1: Hero (big blind) folded before Flop
Seat 2: a4bda819 folded before Flop
Seat 3: c61ce7e0 folded before Flop
Seat 4: 4b03ed6c folded before Flop
Seat 5: 2fdbf38 won (4,200)
Seat 6: 44a9c979 (button) folded before Flop
Seat 8: 220066cc (small blind) folded on the Turn


Poker Hand #TM5627970529: Tournament #265690113, Bounty Hunters Deepstack Turbo $8.88 Hold'em No Limit - Level10(350/700(100)) - 2026/02/24 15:38:43
Table '52' 8-max Seat #5 is the button
Seat 1: Hero (23,512 in chips)
Seat 2: a4bda819 (5,676 in chips)
Seat 3: c61ce7e0 (22,780 in chips)
Seat 4: 4b03ed6c (41,569 in chips)
Seat 5: 2fdbf38 (39,720 in chips)
Seat 6: 44a9c979 (17,710 in chips)
Seat 8: 220066cc (106,727 in chips)
c61ce7e0: posts the ante 100
Hero: posts the ante 100
2fdbf38: posts the ante 100
a4bda819: posts the ante 100
4b03ed6c: posts the ante 100
44a9c979: posts the ante 100
220066cc: posts the ante 100
44a9c979: posts small blind 350
220066cc: posts big blind 700
*** HOLE CARDS ***
Dealt to Hero [Jc 8h]
Dealt to a4bda819 
Dealt to c61ce7e0 
Dealt to 4b03ed6c 
Dealt to 2fdbf38 
Dealt to 44a9c979 
Dealt to 220066cc 
Hero: folds
a4bda819: folds
c61ce7e0: folds
4b03ed6c: folds
2fdbf38: raises 1,050 to 1,750
44a9c979: folds
220066cc: calls 1,050
*** FLOP *** [Ad Kh Th]
220066cc: checks
2fdbf38: bets 1,502
220066cc: calls 1,502
*** TURN *** [Ad Kh Th] [Qd]
220066cc: checks
2fdbf38: checks
*** RIVER *** [Ad Kh Th Qd] [Jd]
220066cc: bets 7,554
2fdbf38: calls 7,554
220066cc: shows [Qc Jh] (a straight, Ace to Ten)
2fdbf38: shows [Ac Qh] (a straight, Ace to Ten)
*** SHOWDOWN ***
2fdbf38 collected 11,331 from pot
220066cc collected 11,331 from pot
*** SUMMARY ***
Total pot 22,662 | Rake 0 | Jackpot 0 | Bingo 0 | Fortune 0 | Tax 0
Board [Ad Kh Th Qd Jd]
Seat 1: Hero folded before Flop
Seat 2: a4bda819 folded before Flop
Seat 3: c61ce7e0 folded before Flop
Seat 4: 4b03ed6c folded before Flop
Seat 5: 2fdbf38 (button) showed [Ac Qh] and won (11,331) with a straight, Ace to Ten
Seat 6: 44a9c979 (small blind) folded before Flop
Seat 8: 220066cc (big blind) showed [Qc Jh] and won (11,331) with a straight, Ace to Ten


Poker Hand #TM5627970516: Tournament #265690113, Bounty Hunters Deepstack Turbo $8.88 Hold'em No Limit - Level10(350/700(100)) - 2026/02/24 15:37:35
Table '52' 8-max Seat #4 is the button
Seat 1: Hero (23,612 in chips)
Seat 2: a4bda819 (5,776 in chips)
Seat 3: c61ce7e0 (18,930 in chips)
Seat 4: 4b03ed6c (41,669 in chips)
Seat 5: 2fdbf38 (40,170 in chips)
Seat 6: 44a9c979 (19,210 in chips)
Seat 7: 4272612f (88,653 in chips)
Seat 8: 220066cc (106,827 in chips)
c61ce7e0: posts the ante 100
Hero: posts the ante 100
4272612f: posts the ante 100
2fdbf38: posts the ante 100
a4bda819: posts the ante 100
4b03ed6c: posts the ante 100
44a9c979: posts the ante 100
220066cc: posts the ante 100
2fdbf38: posts small blind 350
44a9c979: posts big blind 700
*** HOLE CARDS ***
Dealt to Hero [5h 2c]
Dealt to a4bda819 
Dealt to c61ce7e0 
Dealt to 4b03ed6c 
Dealt to 2fdbf38 
Dealt to 44a9c979 
Dealt to 4272612f 
Dealt to 220066cc 
4272612f: raises 700 to 1,400
220066cc: folds
Hero: folds
a4bda819: folds
c61ce7e0: calls 1,400
4b03ed6c: folds
2fdbf38: folds
44a9c979: calls 700
*** FLOP *** [7s 9s 9c]
44a9c979: checks
4272612f: checks
c61ce7e0: bets 2,240
44a9c979: folds
4272612f: folds
Uncalled bet (2,240) returned to c61ce7e0
*** SHOWDOWN ***
c61ce7e0 collected 5,350 from pot
*** SUMMARY ***
Total pot 5,350 | Rake 0 | Jackpot 0 | Bingo 0 | Fortune 0 | Tax 0
Board [7s 9s 9c]
Seat 1: Hero folded before Flop
Seat 2: a4bda819 folded before Flop
Seat 3: c61ce7e0 won (5,350)
Seat 4: 4b03ed6c (button) folded before Flop
Seat 5: 2fdbf38 (small blind) folded before Flop
Seat 6: 44a9c979 (big blind) folded on the Flop
Seat 7: 4272612f folded on the Flop
Seat 8: 220066cc folded before Flop


Poker Hand #TM5627970504: Tournament #265690113, Bounty Hunters Deepstack Turbo $8.88 Hold'em No Limit - Level10(350/700(100)) - 2026/02/24 15:36:08
Table '52' 8-max Seat #3 is the button
Seat 1: Hero (23,712 in chips)
Seat 2: a4bda819 (5,876 in chips)
Seat 3: c61ce7e0 (19,030 in chips)
Seat 4: 4b03ed6c (42,119 in chips)
Seat 5: 2fdbf38 (19,610 in chips)
Seat 6: 44a9c979 (19,310 in chips)
Seat 7: 4272612f (88,753 in chips)
Seat 8: 220066cc (126,437 in chips)
c61ce7e0: posts the ante 100
Hero: posts the ante 100
4272612f: posts the ante 100
2fdbf38: posts the ante 100
a4bda819: posts the ante 100
4b03ed6c: posts the ante 100
44a9c979: posts the ante 100
220066cc: posts the ante 100
4b03ed6c: posts small blind 350
2fdbf38: posts big blind 700
*** HOLE CARDS ***
Dealt to Hero [3d 6s]
Dealt to a4bda819 
Dealt to c61ce7e0 
Dealt to 4b03ed6c 
Dealt to 2fdbf38 
Dealt to 44a9c979 
Dealt to 4272612f 
Dealt to 220066cc 
44a9c979: folds
4272612f: folds
220066cc: raises 700 to 1,400
Hero: folds
a4bda819: folds
c61ce7e0: folds
4b03ed6c: folds
2fdbf38: calls 700
*** FLOP *** [Tc Ts Qd]
2fdbf38: bets 1,304
220066cc: calls 1,304
*** TURN *** [Tc Ts Qd] [7s]
2fdbf38: checks
220066cc: bets 3,279
2fdbf38: raises 6,558 to 9,837
220066cc: raises 6,558 to 16,395
2fdbf38: raises 411 to 16,806 and is all-in
220066cc: calls 411
2fdbf38: shows [Td Ah] (three of a kind, Tens)
220066cc: shows [Ad Qs] (two pair, Queens and Tens)
*** RIVER *** [Tc Ts Qd 7s] [Kd]
*** SHOWDOWN ***
2fdbf38 collected 40,170 from pot
*** SUMMARY ***
Total pot 40,170 | Rake 0 | Jackpot 0 | Bingo 0 | Fortune 0 | Tax 0
Board [Tc Ts Qd 7s Kd]
Seat 1: Hero folded before Flop
Seat 2: a4bda819 folded before Flop
Seat 3: c61ce7e0 (button) folded before Flop
Seat 4: 4b03ed6c (small blind) folded before Flop
Seat 5: 2fdbf38 (big blind) showed [Td Ah] and won (40,170) with three of a kind, Tens
Seat 6: 44a9c979 folded before Flop
Seat 7: 4272612f folded before Flop
Seat 8: 220066cc showed [Ad Qs] and lost with two pair, Queens and Tens


Poker Hand #TM5627970499: Tournament #265690113, Bounty Hunters Deepstack Turbo $8.88 Hold'em No Limit - Level10(350/700(100)) - 2026/02/24 15:35:36
Table '52' 8-max Seat #2 is the button
Seat 1: Hero (20,562 in chips)
Seat 2: a4bda819 (5,976 in chips)
Seat 3: c61ce7e0 (19,480 in chips)
Seat 4: 4b03ed6c (42,919 in chips)
Seat 5: 2fdbf38 (19,710 in chips)
Seat 6: 44a9c979 (19,410 in chips)
Seat 7: 4272612f (88,853 in chips)
Seat 8: 220066cc (127,937 in chips)
Hero: posts the ante 100
c61ce7e0: posts the ante 100
4272612f: posts the ante 100
2fdbf38: posts the ante 100
a4bda819: posts the ante 100
4b03ed6c: posts the ante 100
44a9c979: posts the ante 100
220066cc: posts the ante 100
c61ce7e0: posts small blind 350
4b03ed6c: posts big blind 700
*** HOLE CARDS ***
Dealt to Hero [Qh Qs]
Dealt to a4bda819 
Dealt to c61ce7e0 
Dealt to 4b03ed6c 
Dealt to 2fdbf38 
Dealt to 44a9c979 
Dealt to 4272612f 
Dealt to 220066cc 
2fdbf38: folds
44a9c979: folds
4272612f: folds
220066cc: raises 700 to 1,400
Hero: raises 4,188 to 5,588
a4bda819: folds
c61ce7e0: folds
4b03ed6c: folds
220066cc: folds
Uncalled bet (4,188) returned to Hero
*** SHOWDOWN ***
Hero collected 4,650 from pot
*** SUMMARY ***
Total pot 4,650 | Rake 0 | Jackpot 0 | Bingo 0 | Fortune 0 | Tax 0
Seat 1: Hero collected (4,650)
Seat 2: a4bda819 (button) folded before Flop
Seat 3: c61ce7e0 (small blind) folded before Flop
Seat 4: 4b03ed6c (big blind) folded before Flop
Seat 5: 2fdbf38 folded before Flop
Seat 6: 44a9c979 folded before Flop
Seat 7: 4272612f folded before Flop
Seat 8: 220066cc folded before Flop


Poker Hand #TM5627970494: Tournament #265690113, Bounty Hunters Deepstack Turbo $8.88 Hold'em No Limit - Level10(350/700(100)) - 2026/02/24 15:35:12
Table '52' 8-max Seat #1 is the button
Seat 1: Hero (20,662 in chips)
Seat 2: a4bda819 (6,426 in chips)
Seat 3: c61ce7e0 (18,430 in chips)
Seat 4: 4b03ed6c (43,019 in chips)
Seat 5: 2fdbf38 (19,810 in chips)
Seat 6: 44a9c979 (19,510 in chips)
Seat 7: 4272612f (88,953 in chips)
Seat 8: 220066cc (128,037 in chips)
Hero: posts the ante 100
c61ce7e0: posts the ante 100
4272612f: posts the ante 100
2fdbf38: posts the ante 100
a4bda819: posts the ante 100
4b03ed6c: posts the ante 100
44a9c979: posts the ante 100
220066cc: posts the ante 100
a4bda819: posts small blind 350
c61ce7e0: posts big blind 700
*** HOLE CARDS ***
Dealt to Hero [Th 4s]
Dealt to a4bda819 
Dealt to c61ce7e0 
Dealt to 4b03ed6c 
Dealt to 2fdbf38 
Dealt to 44a9c979 
Dealt to 4272612f 
Dealt to 220066cc 
4b03ed6c: folds
2fdbf38: folds
44a9c979: folds
4272612f: folds
220066cc: folds
Hero: folds
a4bda819: folds
Uncalled bet (350) returned to c61ce7e0
*** SHOWDOWN ***
c61ce7e0 collected 1,500 from pot
*** SUMMARY ***
Total pot 1,500 | Rake 0 | Jackpot 0 | Bingo 0 | Fortune 0 | Tax 0
Seat 1: Hero (button) folded before Flop
Seat 2: a4bda819 (small blind) folded before Flop
Seat 3: c61ce7e0 (big blind) collected (1,500)
Seat 4: 4b03ed6c folded before Flop
Seat 5: 2fdbf38 folded before Flop
Seat 6: 44a9c979 folded before Flop
Seat 7: 4272612f folded before Flop
Seat 8: 220066cc folded before Flop


Poker Hand #TM5627970485: Tournament #265690113, Bounty Hunters Deepstack Turbo $8.88 Hold'em No Limit - Level10(350/700(100)) - 2026/02/24 15:34:25
Table '52' 8-max Seat #8 is the button
Seat 1: Hero (21,112 in chips)
Seat 2: a4bda819 (7,226 in chips)
Seat 3: c61ce7e0 (18,530 in chips)
Seat 4: 4b03ed6c (43,119 in chips)
Seat 5: 2fdbf38 (19,910 in chips)
Seat 6: 44a9c979 (19,610 in chips)
Seat 7: 4272612f (85,803 in chips)
Seat 8: 220066cc (129,537 in chips)
c61ce7e0: posts the ante 100
Hero: posts the ante 100
4272612f: posts the ante 100
2fdbf38: posts the ante 100
a4bda819: posts the ante 100
4b03ed6c: posts the ante 100
44a9c979: posts the ante 100
220066cc: posts the ante 100
Hero: posts small blind 350
a4bda819: posts big blind 700
*** HOLE CARDS ***
Dealt to Hero [3d 2s]
Dealt to a4bda819 
Dealt to c61ce7e0 
Dealt to 4b03ed6c 
Dealt to 2fdbf38 
Dealt to 44a9c979 
Dealt to 4272612f 
Dealt to 220066cc 
c61ce7e0: folds
4b03ed6c: folds
2fdbf38: folds
44a9c979: folds
4272612f: raises 700 to 1,400
220066cc: calls 1,400
Hero: folds
a4bda819: folds
*** FLOP *** [4s 8h 2d]
4272612f: bets 2,232
220066cc: folds
Uncalled bet (2,232) returned to 4272612f
*** SHOWDOWN ***
4272612f collected 4,650 from pot
*** SUMMARY ***
Total pot 4,650 | Rake 0 | Jackpot 0 | Bingo 0 | Fortune 0 | Tax 0
Board [4s 8h 2d]
Seat 1: Hero (small blind) folded before Flop
Seat 2: a4bda819 (big blind) folded before Flop
Seat 3: c61ce7e0 folded before Flop
Seat 4: 4b03ed6c folded before Flop
Seat 5: 2fdbf38 folded before Flop
Seat 6: 44a9c979 folded before Flop
Seat 7: 4272612f won (4,650)
Seat 8: 220066cc (button) folded on the Flop


Poker Hand #TM5627970475: Tournament #265690113, Bounty Hunters Deepstack Turbo $8.88 Hold'em No Limit - Level9(300/600(90)) - 2026/02/24 15:33:23
Table '52' 8-max Seat #7 is the button
Seat 1: Hero (24,428 in chips)
Seat 2: a4bda819 (7,316 in chips)
Seat 3: c61ce7e0 (18,620 in chips)
Seat 4: 4b03ed6c (43,209 in chips)
Seat 5: 2fdbf38 (20,000 in chips)
Seat 6: 44a9c979 (19,700 in chips)
Seat 7: 4272612f (85,893 in chips)
Seat 8: 220066cc (125,681 in chips)
c61ce7e0: posts the ante 90
Hero: posts the ante 90
4272612f: posts the ante 90
2fdbf38: posts the ante 90
a4bda819: posts the ante 90
4b03ed6c: posts the ante 90
44a9c979: posts the ante 90
220066cc: posts the ante 90
220066cc: posts small blind 300
Hero: posts big blind 600
*** HOLE CARDS ***
Dealt to Hero [7s Kc]
Dealt to a4bda819 
Dealt to c61ce7e0 
Dealt to 4b03ed6c 
Dealt to 2fdbf38 
Dealt to 44a9c979 
Dealt to 4272612f 
Dealt to 220066cc 
a4bda819: folds
c61ce7e0: folds
4b03ed6c: folds
2fdbf38: folds
44a9c979: folds
4272612f: folds
220066cc: calls 300
Hero: raises 1,200 to 1,800
220066cc: calls 1,200
*** FLOP *** [8h 8c 9h]
220066cc: checks
Hero: checks
*** TURN *** [8h 8c 9h] [6c]
220066cc: bets 1,426
Hero: calls 1,426
*** RIVER *** [8h 8c 9h 6c] [Qs]
220066cc: checks
Hero: checks
220066cc: shows [Ts Kh] (a pair of Eights)
Hero: shows [7s Kc] (a pair of Eights)
*** SHOWDOWN ***
220066cc collected 7,172 from pot
*** SUMMARY ***
Total pot 7,172 | Rake 0 | Jackpot 0 | Bingo 0 | Fortune 0 | Tax 0
Board [8h 8c 9h 6c Qs]
Seat 1: Hero (big blind) showed [7s Kc] and lost with a pair of Eights
Seat 2: a4bda819 folded before Flop
Seat 3: c61ce7e0 folded before Flop
Seat 4: 4b03ed6c folded before Flop
Seat 5: 2fdbf38 folded before Flop
Seat 6: 44a9c979 folded before Flop
Seat 7: 4272612f (button) folded before Flop
Seat 8: 220066cc (small blind) showed [Ts Kh] and won (7,172) with a pair of Eights


Poker Hand #TM5627970447: Tournament #265690113, Bounty Hunters Deepstack Turbo $8.88 Hold'em No Limit - Level9(300/600(90)) - 2026/02/24 15:30:22
Table '52' 8-max Seat #6 is the button
Seat 1: Hero (24,518 in chips)
Seat 2: a4bda819 (7,406 in chips)
Seat 3: c61ce7e0 (19,910 in chips)
Seat 4: 4b03ed6c (44,499 in chips)
Seat 5: e7cbf5ec (20,996 in chips)
Seat 6: 44a9c979 (19,790 in chips)
Seat 7: 4272612f (86,283 in chips)
Seat 8: 220066cc (101,445 in chips)
c61ce7e0: posts the ante 90
Hero: posts the ante 90
e7cbf5ec: posts the ante 90
4272612f: posts the ante 90
a4bda819: posts the ante 90
4b03ed6c: posts the ante 90
44a9c979: posts the ante 90
220066cc: posts the ante 90
4272612f: posts small blind 300
220066cc: posts big blind 600
*** HOLE CARDS ***
Dealt to Hero [4h 8s]
Dealt to a4bda819 
Dealt to c61ce7e0 
Dealt to 4b03ed6c 
Dealt to e7cbf5ec 
Dealt to 44a9c979 
Dealt to 4272612f 
Dealt to 220066cc 
Hero: folds
a4bda819: folds
c61ce7e0: raises 600 to 1,200
4b03ed6c: calls 1,200
e7cbf5ec: calls 1,200
44a9c979: folds
4272612f: folds
220066cc: calls 600
*** FLOP *** [Qc 8d 5s]
220066cc: checks
c61ce7e0: checks
4b03ed6c: checks
e7cbf5ec: checks
*** TURN *** [Qc 8d 5s] [Jh]
220066cc: checks
c61ce7e0: checks
4b03ed6c: checks
e7cbf5ec: bets 3,000
220066cc: calls 3,000
c61ce7e0: folds
4b03ed6c: folds
*** RIVER *** [Qc 8d 5s Jh] [7s]
220066cc: bets 39,600
e7cbf5ec: calls 16,706 and is all-in
Uncalled bet (22,894) returned to 220066cc
220066cc: shows [Ts 9d] (a straight, Queen to Eight)
e7cbf5ec: shows [Jc 8c] (two pair, Jacks and Eights)
*** SHOWDOWN ***
220066cc collected 45,232 from pot
*** SUMMARY ***
Total pot 45,232 | Rake 0 | Jackpot 0 | Bingo 0 | Fortune 0 | Tax 0
Board [Qc 8d 5s Jh 7s]
Seat 1: Hero folded before Flop
Seat 2: a4bda819 folded before Flop
Seat 3: c61ce7e0 folded on the Turn
Seat 4: 4b03ed6c folded on the Turn
Seat 5: e7cbf5ec showed [Jc 8c] and lost with two pair, Jacks and Eights
Seat 6: 44a9c979 (button) folded before Flop
Seat 7: 4272612f (small blind) folded before Flop
Seat 8: 220066cc (big blind) showed [Ts 9d] and won (45,232) with a straight, Queen to Eight


Poker Hand #TM5627970438: Tournament #265690113, Bounty Hunters Deepstack Turbo $8.88 Hold'em No Limit - Level9(300/600(90)) - 2026/02/24 15:29:31
Table '52' 8-max Seat #5 is the button
Seat 1: Hero (25,808 in chips)
Seat 2: a4bda819 (7,496 in chips)
Seat 3: c61ce7e0 (20,000 in chips)
Seat 4: 4b03ed6c (44,589 in chips)
Seat 5: e7cbf5ec (22,286 in chips)
Seat 6: 44a9c979 (21,080 in chips)
Seat 7: 4272612f (82,053 in chips)
Seat 8: 220066cc (101,535 in chips)
c61ce7e0: posts the ante 90
Hero: posts the ante 90
e7cbf5ec: posts the ante 90
4272612f: posts the ante 90
a4bda819: posts the ante 90
4b03ed6c: posts the ante 90
44a9c979: posts the ante 90
220066cc: posts the ante 90
44a9c979: posts small blind 300
4272612f: posts big blind 600
*** HOLE CARDS ***
Dealt to Hero [Qc Ah]
Dealt to a4bda819 
Dealt to c61ce7e0 
Dealt to 4b03ed6c 
Dealt to e7cbf5ec 
Dealt to 44a9c979 
Dealt to 4272612f 
Dealt to 220066cc 
220066cc: folds
Hero: raises 600 to 1,200
a4bda819: folds
c61ce7e0: folds
4b03ed6c: folds
e7cbf5ec: calls 1,200
44a9c979: calls 900
4272612f: calls 600
*** FLOP *** [8h 7c 8c]
44a9c979: checks
4272612f: checks
Hero: checks
e7cbf5ec: checks
*** TURN *** [8h 7c 8c] [6s]
44a9c979: checks
4272612f: bets 1,877
Hero: folds
e7cbf5ec: folds
44a9c979: folds
Uncalled bet (1,877) returned to 4272612f
*** SHOWDOWN ***
4272612f collected 5,520 from pot
*** SUMMARY ***
Total pot 5,520 | Rake 0 | Jackpot 0 | Bingo 0 | Fortune 0 | Tax 0
Board [8h 7c 8c 6s]
Seat 1: Hero folded on the Turn
Seat 2: a4bda819 folded before Flop
Seat 3: c61ce7e0 folded before Flop
Seat 4: 4b03ed6c folded before Flop
Seat 5: e7cbf5ec (button) folded on the Turn
Seat 6: 44a9c979 (small blind) folded on the Turn
Seat 7: 4272612f (big blind) won (5,520)
Seat 8: 220066cc folded before Flop


Poker Hand #TM5627970428: Tournament #265690113, Bounty Hunters Deepstack Turbo $8.88 Hold'em No Limit - Level9(300/600(90)) - 2026/02/24 15:28:17
Table '52' 8-max Seat #4 is the button
Seat 1: Hero (27,098 in chips)
Seat 2: a4bda819 (7,586 in chips)
Seat 4: 4b03ed6c (44,679 in chips)
Seat 5: e7cbf5ec (22,676 in chips)
Seat 6: 44a9c979 (19,040 in chips)
Seat 7: 4272612f (82,143 in chips)
Seat 8: 220066cc (101,625 in chips)
Hero: posts the ante 90
e7cbf5ec: posts the ante 90
4272612f: posts the ante 90
a4bda819: posts the ante 90
4b03ed6c: posts the ante 90
44a9c979: posts the ante 90
220066cc: posts the ante 90
e7cbf5ec: posts small blind 300
44a9c979: posts big blind 600
*** HOLE CARDS ***
Dealt to Hero [Ah 7h]
Dealt to a4bda819 
Dealt to 4b03ed6c 
Dealt to e7cbf5ec 
Dealt to 44a9c979 
Dealt to 4272612f 
Dealt to 220066cc 
4272612f: folds
220066cc: folds
Hero: raises 600 to 1,200
a4bda819: folds
4b03ed6c: folds
e7cbf5ec: folds
44a9c979: calls 600
*** FLOP *** [6h 5d Td]
44a9c979: checks
Hero: checks
*** TURN *** [6h 5d Td] [6d]
44a9c979: checks
Hero: checks
*** RIVER *** [6h 5d Td 6d] [Jd]
44a9c979: checks
Hero: checks
44a9c979: shows [8c Jc] (two pair, Jacks and Sixes)
Hero: shows [Ah 7h] (a pair of Sixes)
*** SHOWDOWN ***
44a9c979 collected 3,330 from pot
*** SUMMARY ***
Total pot 3,330 | Rake 0 | Jackpot 0 | Bingo 0 | Fortune 0 | Tax 0
Board [6h 5d Td 6d Jd]
Seat 1: Hero showed [Ah 7h] and lost with a pair of Sixes
Seat 2: a4bda819 folded before Flop
Seat 4: 4b03ed6c (button) folded before Flop
Seat 5: e7cbf5ec (small blind) folded before Flop
Seat 6: 44a9c979 (big blind) showed [8c Jc] and won (3,330) with two pair, Jacks and Sixes
Seat 7: 4272612f folded before Flop
Seat 8: 220066cc folded before Flop


Poker Hand #TM5627970425: Tournament #265690113, Bounty Hunters Deepstack Turbo $8.88 Hold'em No Limit - Level9(300/600(90)) - 2026/02/24 15:27:47
Table '52' 8-max Seat #2 is the button
Seat 1: Hero (27,188 in chips)
Seat 2: a4bda819 (7,676 in chips)
Seat 4: 4b03ed6c (45,069 in chips)
Seat 5: e7cbf5ec (21,836 in chips)
Seat 6: 44a9c979 (19,130 in chips)
Seat 7: 4272612f (82,233 in chips)
Seat 8: 220066cc (101,715 in chips)
Hero: posts the ante 90
e7cbf5ec: posts the ante 90
4272612f: posts the ante 90
a4bda819: posts the ante 90
4b03ed6c: posts the ante 90
44a9c979: posts the ante 90
220066cc: posts the ante 90
4b03ed6c: posts small blind 300
e7cbf5ec: posts big blind 600
*** HOLE CARDS ***
Dealt to Hero [6s Kh]
Dealt to a4bda819 
Dealt to 4b03ed6c 
Dealt to e7cbf5ec 
Dealt to 44a9c979 
Dealt to 4272612f 
Dealt to 220066cc 
44a9c979: folds
4272612f: folds
220066cc: folds
Hero: folds
a4bda819: folds
4b03ed6c: folds
Uncalled bet (300) returned to e7cbf5ec
*** SHOWDOWN ***
e7cbf5ec collected 1,230 from pot
*** SUMMARY ***
Total pot 1,230 | Rake 0 | Jackpot 0 | Bingo 0 | Fortune 0 | Tax 0
Seat 1: Hero folded before Flop
Seat 2: a4bda819 (button) folded before Flop
Seat 4: 4b03ed6c (small blind) folded before Flop
Seat 5: e7cbf5ec (big blind) collected (1,230)
Seat 6: 44a9c979 folded before Flop
Seat 7: 4272612f folded before Flop
Seat 8: 220066cc folded before Flop


Poker Hand #TM5627970410: Tournament #265690113, Bounty Hunters Deepstack Turbo $8.88 Hold'em No Limit - Level8(250/500(75)) - 2026/02/24 15:25:51
Table '52' 8-max Seat #1 is the button
Seat 1: Hero (27,263 in chips)
Seat 2: a4bda819 (8,001 in chips)
Seat 3: fc68f990 (12,557 in chips)
Seat 4: 4b03ed6c (45,144 in chips)
Seat 5: e7cbf5ec (22,911 in chips)
Seat 6: 44a9c979 (20,205 in chips)
Seat 7: 4272612f (66,976 in chips)
Seat 8: 220066cc (101,790 in chips)
Hero: posts the ante 75
e7cbf5ec: posts the ante 75
fc68f990: posts the ante 75
4272612f: posts the ante 75
a4bda819: posts the ante 75
4b03ed6c: posts the ante 75
44a9c979: posts the ante 75
220066cc: posts the ante 75
a4bda819: posts small blind 250
fc68f990: posts big blind 500
*** HOLE CARDS ***
Dealt to Hero [Js 8h]
Dealt to a4bda819 
Dealt to fc68f990 
Dealt to 4b03ed6c 
Dealt to e7cbf5ec 
Dealt to 44a9c979 
Dealt to 4272612f 
Dealt to 220066cc 
4b03ed6c: folds
e7cbf5ec: raises 500 to 1,000
44a9c979: calls 1,000
4272612f: raises 3,263 to 4,263
220066cc: folds
Hero: folds
a4bda819: folds
fc68f990: raises 8,219 to 12,482 and is all-in
e7cbf5ec: folds
44a9c979: folds
4272612f: calls 8,219
fc68f990: shows [4c Ad]
4272612f: shows [Th Ac]
*** FLOP *** [7s 3d 8c]
*** TURN *** [7s 3d 8c] [Kd]
*** RIVER *** [7s 3d 8c Kd] [Qc]
*** SHOWDOWN ***
4272612f collected 27,814 from pot
*** SUMMARY ***
Total pot 27,814 | Rake 0 | Jackpot 0 | Bingo 0 | Fortune 0 | Tax 0
Board [7s 3d 8c Kd Qc]
Seat 1: Hero (button) folded before Flop
Seat 2: a4bda819 (small blind) folded before Flop
Seat 3: fc68f990 (big blind) showed [4c Ad] and lost with Ace high
Seat 4: 4b03ed6c folded before Flop
Seat 5: e7cbf5ec folded before Flop
Seat 6: 44a9c979 folded before Flop
Seat 7: 4272612f showed [Th Ac] and won (27,814) with Ace high
Seat 8: 220066cc folded before Flop


Poker Hand #TM5627970396: Tournament #265690113, Bounty Hunters Deepstack Turbo $8.88 Hold'em No Limit - Level8(250/500(75)) - 2026/02/24 15:24:39
Table '52' 8-max Seat #8 is the button
Seat 1: Hero (24,880 in chips)
Seat 2: a4bda819 (9,934 in chips)
Seat 3: fc68f990 (12,632 in chips)
Seat 4: 4b03ed6c (45,219 in chips)
Seat 5: e7cbf5ec (22,986 in chips)
Seat 6: 44a9c979 (20,280 in chips)
Seat 7: 4272612f (67,051 in chips)
Seat 8: 220066cc (101,865 in chips)
Hero: posts the ante 75
e7cbf5ec: posts the ante 75
fc68f990: posts the ante 75
4272612f: posts the ante 75
a4bda819: posts the ante 75
4b03ed6c: posts the ante 75
44a9c979: posts the ante 75
220066cc: posts the ante 75
Hero: posts small blind 250
a4bda819: posts big blind 500
*** HOLE CARDS ***
Dealt to Hero [5h Kc]
Dealt to a4bda819 
Dealt to fc68f990 
Dealt to 4b03ed6c 
Dealt to e7cbf5ec 
Dealt to 44a9c979 
Dealt to 4272612f 
Dealt to 220066cc 
fc68f990: folds
4b03ed6c: folds
e7cbf5ec: folds
44a9c979: folds
4272612f: folds
220066cc: folds
Hero: raises 500 to 1,000
a4bda819: calls 500
*** FLOP *** [2s 9d Ah]
Hero: bets 858
a4bda819: calls 858
*** TURN *** [2s 9d Ah] [8c]
Hero: bets 2,158
a4bda819: folds
Uncalled bet (2,158) returned to Hero
*** SHOWDOWN ***
Hero collected 4,316 from pot
*** SUMMARY ***
Total pot 4,316 | Rake 0 | Jackpot 0 | Bingo 0 | Fortune 0 | Tax 0
Board [2s 9d Ah 8c]
Seat 1: Hero (small blind) won (4,316)
Seat 2: a4bda819 (big blind) folded on the Turn
Seat 3: fc68f990 folded before Flop
Seat 4: 4b03ed6c folded before Flop
Seat 5: e7cbf5ec folded before Flop
Seat 6: 44a9c979 folded before Flop
Seat 7: 4272612f folded before Flop
Seat 8: 220066cc (button) folded before Flop


Poker Hand #TM5627970385: Tournament #265690113, Bounty Hunters Deepstack Turbo $8.88 Hold'em No Limit - Level8(250/500(75)) - 2026/02/24 15:23:38
Table '52' 8-max Seat #7 is the button
Seat 1: Hero (19,655 in chips)
Seat 2: a4bda819 (10,009 in chips)
Seat 3: fc68f990 (12,707 in chips)
Seat 4: 4b03ed6c (45,294 in chips)
Seat 5: e7cbf5ec (23,061 in chips)
Seat 6: 44a9c979 (20,355 in chips)
Seat 7: 4272612f (68,126 in chips)
Seat 8: 220066cc (105,640 in chips)
Hero: posts the ante 75
e7cbf5ec: posts the ante 75
fc68f990: posts the ante 75
4272612f: posts the ante 75
a4bda819: posts the ante 75
4b03ed6c: posts the ante 75
44a9c979: posts the ante 75
220066cc: posts the ante 75
220066cc: posts small blind 250
Hero: posts big blind 500
*** HOLE CARDS ***
Dealt to Hero [2d 2s]
Dealt to a4bda819 
Dealt to fc68f990 
Dealt to 4b03ed6c 
Dealt to e7cbf5ec 
Dealt to 44a9c979 
Dealt to 4272612f 
Dealt to 220066cc 
a4bda819: folds
fc68f990: folds
4b03ed6c: folds
e7cbf5ec: folds
44a9c979: folds
4272612f: raises 500 to 1,000
220066cc: calls 750
Hero: calls 500
*** FLOP *** [As 2h Kh]
220066cc: checks
Hero: checks
4272612f: checks
*** TURN *** [As 2h Kh] [Ac]
220066cc: checks
Hero: bets 2,700
4272612f: folds
220066cc: calls 2,700
*** RIVER *** [As 2h Kh Ac] [7s]
220066cc: checks
Hero: bets 6,750
220066cc: folds
Uncalled bet (6,750) returned to Hero
*** SHOWDOWN ***
Hero collected 9,000 from pot
*** SUMMARY ***
Total pot 9,000 | Rake 0 | Jackpot 0 | Bingo 0 | Fortune 0 | Tax 0
Board [As 2h Kh Ac 7s]
Seat 1: Hero (big blind) won (9,000)
Seat 2: a4bda819 folded before Flop
Seat 3: fc68f990 folded before Flop
Seat 4: 4b03ed6c folded before Flop
Seat 5: e7cbf5ec folded before Flop
Seat 6: 44a9c979 folded before Flop
Seat 7: 4272612f (button) folded on the Turn
Seat 8: 220066cc (small blind) folded on the River


Poker Hand #TM5627970376: Tournament #265690113, Bounty Hunters Deepstack Turbo $8.88 Hold'em No Limit - Level8(250/500(75)) - 2026/02/24 15:22:48
Table '52' 8-max Seat #6 is the button
Seat 1: Hero (19,730 in chips)
Seat 2: a4bda819 (10,084 in chips)
Seat 3: fc68f990 (12,782 in chips)
Seat 4: 4b03ed6c (45,369 in chips)
Seat 5: e7cbf5ec (20,536 in chips)
Seat 6: 44a9c979 (20,430 in chips)
Seat 7: 4272612f (69,701 in chips)
Seat 8: 220066cc (106,215 in chips)
Hero: posts the ante 75
e7cbf5ec: posts the ante 75
fc68f990: posts the ante 75
4272612f: posts the ante 75
a4bda819: posts the ante 75
4b03ed6c: posts the ante 75
44a9c979: posts the ante 75
220066cc: posts the ante 75
4272612f: posts small blind 250
220066cc: posts big blind 500
*** HOLE CARDS ***
Dealt to Hero [Js 4c]
Dealt to a4bda819 
Dealt to fc68f990 
Dealt to 4b03ed6c 
Dealt to e7cbf5ec 
Dealt to 44a9c979 
Dealt to 4272612f 
Dealt to 220066cc 
Hero: folds
a4bda819: folds
fc68f990: folds
4b03ed6c: folds
e7cbf5ec: raises 1,000 to 1,500
44a9c979: folds
4272612f: calls 1,250
220066cc: folds
*** FLOP *** [9c Th 2d]
4272612f: checks
e7cbf5ec: bets 2,250
4272612f: folds
Uncalled bet (2,250) returned to e7cbf5ec
*** SHOWDOWN ***
e7cbf5ec collected 4,100 from pot
*** SUMMARY ***
Total pot 4,100 | Rake 0 | Jackpot 0 | Bingo 0 | Fortune 0 | Tax 0
Board [9c Th 2d]
Seat 1: Hero folded before Flop
Seat 2: a4bda819 folded before Flop
Seat 3: fc68f990 folded before Flop
Seat 4: 4b03ed6c folded before Flop
Seat 5: e7cbf5ec won (4,100)
Seat 6: 44a9c979 (button) folded before Flop
Seat 7: 4272612f (small blind) folded on the Flop
Seat 8: 220066cc (big blind) folded before Flop


Poker Hand #TM5627970353: Tournament #265690113, Bounty Hunters Deepstack Turbo $8.88 Hold'em No Limit - Level8(250/500(75)) - 2026/02/24 15:20:25
Table '52' 8-max Seat #5 is the button
Seat 1: Hero (19,805 in chips)
Seat 2: a4bda819 (10,159 in chips)
Seat 3: fc68f990 (30,932 in chips)
Seat 4: 4b03ed6c (45,444 in chips)
Seat 5: e7cbf5ec (20,611 in chips)
Seat 6: 44a9c979 (21,005 in chips)
Seat 7: 4272612f (70,276 in chips)
Seat 8: 220066cc (86,615 in chips)
Hero: posts the ante 75
e7cbf5ec: posts the ante 75
fc68f990: posts the ante 75
4272612f: posts the ante 75
a4bda819: posts the ante 75
4b03ed6c: posts the ante 75
44a9c979: posts the ante 75
220066cc: posts the ante 75
44a9c979: posts small blind 250
4272612f: posts big blind 500
*** HOLE CARDS ***
Dealt to Hero [3c 5c]
Dealt to a4bda819 
Dealt to fc68f990 
Dealt to 4b03ed6c 
Dealt to e7cbf5ec 
Dealt to 44a9c979 
Dealt to 4272612f 
Dealt to 220066cc 
220066cc: calls 500
Hero: folds
a4bda819: folds
fc68f990: calls 500
4b03ed6c: folds
e7cbf5ec: folds
44a9c979: calls 250
4272612f: checks
*** FLOP *** [Jc Jd 6h]
44a9c979: checks
4272612f: checks
220066cc: checks
fc68f990: checks
*** TURN *** [Jc Jd 6h] [9h]
44a9c979: checks
4272612f: checks
220066cc: checks
fc68f990: bets 2,250
44a9c979: folds
4272612f: folds
220066cc: calls 2,250
*** RIVER *** [Jc Jd 6h 9h] [2h]
220066cc: checks
fc68f990: bets 4,000
220066cc: raises 11,325 to 15,325
fc68f990: calls 11,325
220066cc: shows [Ah Kh] (a flush Ace high)
fc68f990: shows [Ac 9d] (two pair, Jacks and Nines)
*** SHOWDOWN ***
220066cc collected 37,750 from pot
*** SUMMARY ***
Total pot 37,750 | Rake 0 | Jackpot 0 | Bingo 0 | Fortune 0 | Tax 0
Board [Jc Jd 6h 9h 2h]
Seat 1: Hero folded before Flop
Seat 2: a4bda819 folded before Flop
Seat 3: fc68f990 showed [Ac 9d] and lost with two pair, Jacks and Nines
Seat 4: 4b03ed6c folded before Flop
Seat 5: e7cbf5ec (button) folded before Flop
Seat 6: 44a9c979 (small blind) folded on the Turn
Seat 7: 4272612f (big blind) folded on the Turn
Seat 8: 220066cc showed [Ah Kh] and won (37,750) with a flush Ace high


Poker Hand #TM5627970337: Tournament #265690113, Bounty Hunters Deepstack Turbo $8.88 Hold'em No Limit - Level8(250/500(75)) - 2026/02/24 15:18:58
Table '52' 8-max Seat #4 is the button
Seat 1: Hero (19,880 in chips)
Seat 2: a4bda819 (10,234 in chips)
Seat 3: fc68f990 (31,007 in chips)
Seat 4: 4b03ed6c (45,519 in chips)
Seat 5: e7cbf5ec (18,086 in chips)
Seat 6: 44a9c979 (22,080 in chips)
Seat 7: 4272612f (71,351 in chips)
Seat 8: 220066cc (86,690 in chips)
Hero: posts the ante 75
fc68f990: posts the ante 75
e7cbf5ec: posts the ante 75
4272612f: posts the ante 75
a4bda819: posts the ante 75
4b03ed6c: posts the ante 75
44a9c979: posts the ante 75
220066cc: posts the ante 75
e7cbf5ec: posts small blind 250
44a9c979: posts big blind 500
*** HOLE CARDS ***
Dealt to Hero [Jc 3s]
Dealt to a4bda819 
Dealt to fc68f990 
Dealt to 4b03ed6c 
Dealt to e7cbf5ec 
Dealt to 44a9c979 
Dealt to 4272612f 
Dealt to 220066cc 
4272612f: raises 500 to 1,000
220066cc: folds
Hero: folds
a4bda819: folds
fc68f990: folds
4b03ed6c: folds
e7cbf5ec: calls 750
44a9c979: calls 500
*** FLOP *** [6d Ad Ks]
e7cbf5ec: checks
44a9c979: checks
4272612f: checks
*** TURN *** [6d Ad Ks] [Kd]
e7cbf5ec: checks
44a9c979: checks
4272612f: checks
*** RIVER *** [6d Ad Ks Kd] [8s]
e7cbf5ec: checks
44a9c979: checks
4272612f: checks
e7cbf5ec: shows [7h 7c] (two pair, Kings and Sevens)
44a9c979: shows [9s 6s] (two pair, Kings and Sixes)
4272612f: shows [9h Jh] (a pair of Kings)
*** SHOWDOWN ***
e7cbf5ec collected 3,600 from pot
*** SUMMARY ***
Total pot 3,600 | Rake 0 | Jackpot 0 | Bingo 0 | Fortune 0 | Tax 0
Board [6d Ad Ks Kd 8s]
Seat 1: Hero folded before Flop
Seat 2: a4bda819 folded before Flop
Seat 3: fc68f990 folded before Flop
Seat 4: 4b03ed6c (button) folded before Flop
Seat 5: e7cbf5ec (small blind) showed [7h 7c] and won (3,600) with two pair, Kings and Sevens
Seat 6: 44a9c979 (big blind) showed [9s 6s] and lost with two pair, Kings and Sixes
Seat 7: 4272612f showed [9h Jh] and lost with a pair of Kings
Seat 8: 220066cc folded before Flop


Poker Hand #TM5627970327: Tournament #265690113, Bounty Hunters Deepstack Turbo $8.88 Hold'em No Limit - Level7(200/400(60)) - 2026/02/24 15:17:51
Table '52' 8-max Seat #3 is the button
Seat 1: Hero (19,940 in chips)
Seat 2: a4bda819 (10,294 in chips)
Seat 3: fc68f990 (29,187 in chips)
Seat 4: 4b03ed6c (45,779 in chips)
Seat 5: e7cbf5ec (18,546 in chips)
Seat 6: 44a9c979 (22,140 in chips)
Seat 7: 4272612f (71,411 in chips)
Seat 8: 220066cc (87,550 in chips)
Hero: posts the ante 60
fc68f990: posts the ante 60
e7cbf5ec: posts the ante 60
4272612f: posts the ante 60
a4bda819: posts the ante 60
4b03ed6c: posts the ante 60
44a9c979: posts the ante 60
220066cc: posts the ante 60
4b03ed6c: posts small blind 200
e7cbf5ec: posts big blind 400
*** HOLE CARDS ***
Dealt to Hero [4d 3d]
Dealt to a4bda819 
Dealt to fc68f990 
Dealt to 4b03ed6c 
Dealt to e7cbf5ec 
Dealt to 44a9c979 
Dealt to 4272612f 
Dealt to 220066cc 
44a9c979: folds
4272612f: folds
220066cc: raises 400 to 800
Hero: folds
a4bda819: folds
fc68f990: raises 28,327 to 29,127 and is all-in
4b03ed6c: folds
e7cbf5ec: folds
220066cc: folds
Uncalled bet (28,327) returned to fc68f990
*** SHOWDOWN ***
fc68f990 collected 2,680 from pot
*** SUMMARY ***
Total pot 2,680 | Rake 0 | Jackpot 0 | Bingo 0 | Fortune 0 | Tax 0
Seat 1: Hero folded before Flop
Seat 2: a4bda819 folded before Flop
Seat 3: fc68f990 (button) collected (2,680)
Seat 4: 4b03ed6c (small blind) folded before Flop
Seat 5: e7cbf5ec (big blind) folded before Flop
Seat 6: 44a9c979 folded before Flop
Seat 7: 4272612f folded before Flop
Seat 8: 220066cc folded before Flop


Poker Hand #TM5627970315: Tournament #265690113, Bounty Hunters Deepstack Turbo $8.88 Hold'em No Limit - Level7(200/400(60)) - 2026/02/24 15:16:59
Table '52' 8-max Seat #2 is the button
Seat 1: Hero (20,000 in chips)
Seat 2: a4bda819 (10,354 in chips)
Seat 3: fc68f990 (29,447 in chips)
Seat 4: 4b03ed6c (46,239 in chips)
Seat 5: e7cbf5ec (18,606 in chips)
Seat 6: 44a9c979 (21,120 in chips)
Seat 7: 4272612f (71,471 in chips)
Seat 8: 220066cc (87,610 in chips)
Hero: posts the ante 60
e7cbf5ec: posts the ante 60
fc68f990: posts the ante 60
4272612f: posts the ante 60
a4bda819: posts the ante 60
4b03ed6c: posts the ante 60
44a9c979: posts the ante 60
220066cc: posts the ante 60
fc68f990: posts small blind 200
4b03ed6c: posts big blind 400
*** HOLE CARDS ***
Dealt to Hero [4h 9d]
Dealt to a4bda819 
Dealt to fc68f990 
Dealt to 4b03ed6c 
Dealt to e7cbf5ec 
Dealt to 44a9c979 
Dealt to 4272612f 
Dealt to 220066cc 
e7cbf5ec: folds
44a9c979: raises 400 to 800
4272612f: folds
220066cc: folds
Hero: folds
a4bda819: folds
fc68f990: folds
4b03ed6c: folds
Uncalled bet (400) returned to 44a9c979
*** SHOWDOWN ***
44a9c979 collected 1,480 from pot
*** SUMMARY ***
Total pot 1,480 | Rake 0 | Jackpot 0 | Bingo 0 | Fortune 0 | Tax 0
Seat 1: Hero folded before Flop
Seat 2: a4bda819 (button) folded before Flop
Seat 3: fc68f990 (small blind) folded before Flop
Seat 4: 4b03ed6c (big blind) folded before Flop
Seat 5: e7cbf5ec folded before Flop
Seat 6: 44a9c979 collected (1,480)
Seat 7: 4272612f folded before Flop
Seat 8: 220066cc folded before Flop


