Poker Hand #TM5579224530: Tournament #262920025, Bounty Hunters Deepstack Turbo $10.80 Hold'em No Limit - Level8(250/500(75)) - 2026/02/12 23:24:15
Table '32' 8-max Seat #1 is the button
Seat 1: 395ee9e9 (20,430 in chips)
Seat 2: 8f0c1f44 (21,980 in chips)
Seat 3: Hero (19,625 in chips)
Seat 4: 2c63e8ed (28,847 in chips)
Seat 5: 280ab9d (8,093 in chips)
Seat 6: f1e30f24 (18,666 in chips)
Seat 7: 11c6ed76 (48,602 in chips)
Seat 8: cd100701 (39,773 in chips)
cd100701: posts the ante 75
2c63e8ed: posts the ante 75
Hero: posts the ante 75
395ee9e9: posts the ante 75
11c6ed76: posts the ante 75
f1e30f24: posts the ante 75
8f0c1f44: posts the ante 75
280ab9d: posts the ante 75
8f0c1f44: posts small blind 250
Hero: posts big blind 500
*** HOLE CARDS ***
Dealt to 395ee9e9 
Dealt to 8f0c1f44 
Dealt to Hero [9h Qd]
Dealt to 2c63e8ed 
Dealt to 280ab9d 
Dealt to f1e30f24 
Dealt to 11c6ed76 
Dealt to cd100701 
2c63e8ed: folds
280ab9d: raises 7,518 to 8,018 and is all-in
f1e30f24: folds
11c6ed76: calls 8,018
cd100701: folds
395ee9e9: folds
8f0c1f44: folds
Hero: calls 7,518
*** FLOP *** [Js 7h Td]
Hero: checks
11c6ed76: bets 12,452
Hero: calls 11,532 and is all-in
Uncalled bet (920) returned to 11c6ed76
11c6ed76: shows [Jh 3h] (a pair of Jacks)
Hero: shows [9h Qd] (Queen high)
280ab9d: shows [Qs Ah] (Ace high)
*** TURN *** [Js 7h Td] [9d]
*** RIVER *** [Js 7h Td 9d] [6d]
*** SHOWDOWN ***
11c6ed76 collected 24,904 from pot
11c6ed76 collected 23,064 from pot
*** SUMMARY ***
Total pot 47,968 | Rake 0 | Jackpot 0 | Bingo 0 | Fortune 0 | Tax 0
Board [Js 7h Td 9d 6d]
Seat 1: 395ee9e9 (button) folded before Flop
Seat 2: 8f0c1f44 (small blind) folded before Flop
Seat 3: Hero (big blind) showed [9h Qd] and lost with a pair of Nines
Seat 4: 2c63e8ed folded before Flop
Seat 5: 280ab9d showed [Qs Ah] and lost with Ace high
Seat 6: f1e30f24 folded before Flop
Seat 7: 11c6ed76 showed [Jh 3h] and won (47,968) with a pair of Jacks
Seat 8: cd100701 folded before Flop


Poker Hand #TM5579224490: Tournament #262920025, Bounty Hunters Deepstack Turbo $10.80 Hold'em No Limit - Level8(250/500(75)) - 2026/02/12 23:23:14
Table '32' 8-max Seat #8 is the button
Seat 1: 395ee9e9 (20,755 in chips)
Seat 2: 8f0c1f44 (22,555 in chips)
Seat 3: Hero (19,700 in chips)
Seat 4: 2c63e8ed (28,922 in chips)
Seat 5: 280ab9d (8,168 in chips)
Seat 6: f1e30f24 (18,741 in chips)
Seat 7: 11c6ed76 (51,927 in chips)
Seat 8: cd100701 (35,248 in chips)
cd100701: posts the ante 75
2c63e8ed: posts the ante 75
Hero: posts the ante 75
11c6ed76: posts the ante 75
395ee9e9: posts the ante 75
f1e30f24: posts the ante 75
8f0c1f44: posts the ante 75
280ab9d: posts the ante 75
395ee9e9: posts small blind 250
8f0c1f44: posts big blind 500
*** HOLE CARDS ***
Dealt to 395ee9e9 
Dealt to 8f0c1f44 
Dealt to Hero [3c 8s]
Dealt to 2c63e8ed 
Dealt to 280ab9d 
Dealt to f1e30f24 
Dealt to 11c6ed76 
Dealt to cd100701 
Hero: folds
2c63e8ed: folds
280ab9d: folds
f1e30f24: folds
11c6ed76: raises 550 to 1,050
cd100701: raises 2,200 to 3,250
395ee9e9: folds
8f0c1f44: folds
11c6ed76: calls 2,200
*** FLOP *** [9h Kc 5c]
11c6ed76: checks
cd100701: bets 3,200
11c6ed76: folds
Uncalled bet (3,200) returned to cd100701
*** SHOWDOWN ***
cd100701 collected 7,850 from pot
*** SUMMARY ***
Total pot 7,850 | Rake 0 | Jackpot 0 | Bingo 0 | Fortune 0 | Tax 0
Board [9h Kc 5c]
Seat 1: 395ee9e9 (small blind) folded before Flop
Seat 2: 8f0c1f44 (big blind) folded before Flop
Seat 3: Hero folded before Flop
Seat 4: 2c63e8ed folded before Flop
Seat 5: 280ab9d folded before Flop
Seat 6: f1e30f24 folded before Flop
Seat 7: 11c6ed76 folded on the Flop
Seat 8: cd100701 (button) won (7,850)


Poker Hand #TM5579224456: Tournament #262920025, Bounty Hunters Deepstack Turbo $10.80 Hold'em No Limit - Level8(250/500(75)) - 2026/02/12 23:22:23
Table '32' 8-max Seat #7 is the button
Seat 1: 395ee9e9 (21,330 in chips)
Seat 2: 8f0c1f44 (22,630 in chips)
Seat 3: Hero (19,775 in chips)
Seat 4: 2c63e8ed (28,997 in chips)
Seat 5: 280ab9d (8,243 in chips)
Seat 6: f1e30f24 (19,816 in chips)
Seat 7: 11c6ed76 (49,652 in chips)
Seat 8: cd100701 (35,573 in chips)
cd100701: posts the ante 75
2c63e8ed: posts the ante 75
Hero: posts the ante 75
11c6ed76: posts the ante 75
395ee9e9: posts the ante 75
f1e30f24: posts the ante 75
8f0c1f44: posts the ante 75
280ab9d: posts the ante 75
cd100701: posts small blind 250
395ee9e9: posts big blind 500
*** HOLE CARDS ***
Dealt to 395ee9e9 
Dealt to 8f0c1f44 
Dealt to Hero [Jh 4d]
Dealt to 2c63e8ed 
Dealt to 280ab9d 
Dealt to f1e30f24 
Dealt to 11c6ed76 
Dealt to cd100701 
8f0c1f44: folds
Hero: folds
2c63e8ed: folds
280ab9d: folds
f1e30f24: raises 500 to 1,000
11c6ed76: raises 2,000 to 3,000
cd100701: folds
395ee9e9: folds
f1e30f24: folds
Uncalled bet (2,000) returned to 11c6ed76
*** SHOWDOWN ***
11c6ed76 collected 3,350 from pot
*** SUMMARY ***
Total pot 3,350 | Rake 0 | Jackpot 0 | Bingo 0 | Fortune 0 | Tax 0
Seat 1: 395ee9e9 (big blind) folded before Flop
Seat 2: 8f0c1f44 folded before Flop
Seat 3: Hero folded before Flop
Seat 4: 2c63e8ed folded before Flop
Seat 5: 280ab9d folded before Flop
Seat 6: f1e30f24 folded before Flop
Seat 7: 11c6ed76 (button) collected (3,350)
Seat 8: cd100701 (small blind) folded before Flop


Poker Hand #TM5579224412: Tournament #262920025, Bounty Hunters Deepstack Turbo $10.80 Hold'em No Limit - Level8(250/500(75)) - 2026/02/12 23:21:06
Table '32' 8-max Seat #6 is the button
Seat 1: 395ee9e9 (21,405 in chips)
Seat 2: 8f0c1f44 (22,705 in chips)
Seat 3: Hero (19,850 in chips)
Seat 4: 2c63e8ed (29,072 in chips)
Seat 5: 280ab9d (8,318 in chips)
Seat 6: f1e30f24 (15,443 in chips)
Seat 7: 11c6ed76 (49,977 in chips)
Seat 8: cd100701 (39,246 in chips)
cd100701: posts the ante 75
2c63e8ed: posts the ante 75
Hero: posts the ante 75
395ee9e9: posts the ante 75
11c6ed76: posts the ante 75
f1e30f24: posts the ante 75
8f0c1f44: posts the ante 75
280ab9d: posts the ante 75
11c6ed76: posts small blind 250
cd100701: posts big blind 500
*** HOLE CARDS ***
Dealt to 395ee9e9 
Dealt to 8f0c1f44 
Dealt to Hero [Qd 8s]
Dealt to 2c63e8ed 
Dealt to 280ab9d 
Dealt to f1e30f24 
Dealt to 11c6ed76 
Dealt to cd100701 
395ee9e9: folds
8f0c1f44: folds
Hero: folds
2c63e8ed: folds
280ab9d: folds
f1e30f24: raises 500 to 1,000
11c6ed76: folds
cd100701: calls 500
*** FLOP *** [4s Th 6d]
cd100701: checks
f1e30f24: bets 941
cd100701: raises 1,657 to 2,598
f1e30f24: calls 1,657
*** TURN *** [4s Th 6d] [Kh]
cd100701: checks
f1e30f24: bets 2,656
cd100701: folds
Uncalled bet (2,656) returned to f1e30f24
*** SHOWDOWN ***
f1e30f24 collected 8,046 from pot
*** SUMMARY ***
Total pot 8,046 | Rake 0 | Jackpot 0 | Bingo 0 | Fortune 0 | Tax 0
Board [4s Th 6d Kh]
Seat 1: 395ee9e9 folded before Flop
Seat 2: 8f0c1f44 folded before Flop
Seat 3: Hero folded before Flop
Seat 4: 2c63e8ed folded before Flop
Seat 5: 280ab9d folded before Flop
Seat 6: f1e30f24 (button) won (8,046)
Seat 7: 11c6ed76 (small blind) folded before Flop
Seat 8: cd100701 (big blind) folded on the Turn


Poker Hand #TM5579224384: Tournament #262920025, Bounty Hunters Deepstack Turbo $10.80 Hold'em No Limit - Level8(250/500(75)) - 2026/02/12 23:20:26
Table '32' 8-max Seat #5 is the button
Seat 1: 395ee9e9 (21,480 in chips)
Seat 2: 8f0c1f44 (22,780 in chips)
Seat 3: Hero (19,925 in chips)
Seat 4: 2c63e8ed (29,147 in chips)
Seat 5: 280ab9d (3,809 in chips)
Seat 6: f1e30f24 (15,768 in chips)
Seat 7: 11c6ed76 (53,786 in chips)
Seat 8: cd100701 (39,321 in chips)
cd100701: posts the ante 75
2c63e8ed: posts the ante 75
Hero: posts the ante 75
395ee9e9: posts the ante 75
11c6ed76: posts the ante 75
f1e30f24: posts the ante 75
8f0c1f44: posts the ante 75
280ab9d: posts the ante 75
f1e30f24: posts small blind 250
11c6ed76: posts big blind 500
*** HOLE CARDS ***
Dealt to 395ee9e9 
Dealt to 8f0c1f44 
Dealt to Hero [6c 7d]
Dealt to 2c63e8ed 
Dealt to 280ab9d 
Dealt to f1e30f24 
Dealt to 11c6ed76 
Dealt to cd100701 
cd100701: folds
395ee9e9: folds
8f0c1f44: folds
Hero: folds
2c63e8ed: folds
280ab9d: raises 3,234 to 3,734 and is all-in
f1e30f24: folds
11c6ed76: calls 3,234
280ab9d: shows [Qs Ad]
11c6ed76: shows [9s 3h]
*** FLOP *** [8d 5c Ac]
*** TURN *** [8d 5c Ac] [Jd]
*** RIVER *** [8d 5c Ac Jd] [3d]
*** SHOWDOWN ***
280ab9d collected 8,318 from pot
*** SUMMARY ***
Total pot 8,318 | Rake 0 | Jackpot 0 | Bingo 0 | Fortune 0 | Tax 0
Board [8d 5c Ac Jd 3d]
Seat 1: 395ee9e9 folded before Flop
Seat 2: 8f0c1f44 folded before Flop
Seat 3: Hero folded before Flop
Seat 4: 2c63e8ed folded before Flop
Seat 5: 280ab9d (button) showed [Qs Ad] and won (8,318) with a pair of Aces
Seat 6: f1e30f24 (small blind) folded before Flop
Seat 7: 11c6ed76 (big blind) showed [9s 3h] and lost with a pair of Threes
Seat 8: cd100701 folded before Flop


Poker Hand #TM5579224332: Tournament #262920025, Bounty Hunters Deepstack Turbo $10.80 Hold'em No Limit - Level8(250/500(75)) - 2026/02/12 23:18:57
Table '32' 8-max Seat #4 is the button
Seat 1: 395ee9e9 (21,555 in chips)
Seat 2: 8f0c1f44 (22,855 in chips)
Seat 3: Hero (20,000 in chips)
Seat 4: 2c63e8ed (25,709 in chips)
Seat 5: 280ab9d (4,134 in chips)
Seat 6: f1e30f24 (16,343 in chips)
Seat 7: 11c6ed76 (56,024 in chips)
Seat 8: cd100701 (39,396 in chips)
cd100701: posts the ante 75
2c63e8ed: posts the ante 75
Hero: posts the ante 75
395ee9e9: posts the ante 75
11c6ed76: posts the ante 75
f1e30f24: posts the ante 75
8f0c1f44: posts the ante 75
280ab9d: posts the ante 75
280ab9d: posts small blind 250
f1e30f24: posts big blind 500
*** HOLE CARDS ***
Dealt to 395ee9e9 
Dealt to 8f0c1f44 
Dealt to Hero [4h Qs]
Dealt to 2c63e8ed 
Dealt to 280ab9d 
Dealt to f1e30f24 
Dealt to 11c6ed76 
Dealt to cd100701 
11c6ed76: raises 550 to 1,050
cd100701: folds
395ee9e9: folds
8f0c1f44: folds
Hero: folds
2c63e8ed: calls 1,050
280ab9d: folds
f1e30f24: folds
*** FLOP *** [Th Ts 4d]
11c6ed76: bets 1,113
2c63e8ed: calls 1,113
*** TURN *** [Th Ts 4d] [9h]
11c6ed76: checks
2c63e8ed: checks
*** RIVER *** [Th Ts 4d 9h] [6h]
11c6ed76: checks
2c63e8ed: bets 2,838
11c6ed76: folds
Uncalled bet (2,838) returned to 2c63e8ed
*** SHOWDOWN ***
2c63e8ed collected 5,676 from pot
*** SUMMARY ***
Total pot 5,676 | Rake 0 | Jackpot 0 | Bingo 0 | Fortune 0 | Tax 0
Board [Th Ts 4d 9h 6h]
Seat 1: 395ee9e9 folded before Flop
Seat 2: 8f0c1f44 folded before Flop
Seat 3: Hero folded before Flop
Seat 4: 2c63e8ed (button) won (5,676)
Seat 5: 280ab9d (small blind) folded before Flop
Seat 6: f1e30f24 (big blind) folded before Flop
Seat 7: 11c6ed76 folded on the River
Seat 8: cd100701 folded before Flop


