Poker Hand #TM5596231402: Tournament #263798028, Bounty Hunters Mini Big Game $10.80 Hold'em No Limit - Level9(2,000/4,000(600)) - 2026/02/16 13:25:20
Table '42' 8-max Seat #2 is the button
Seat 1: 2e9ec79d (250,948 in chips)
Seat 2: 99652e20 (148,212 in chips)
Seat 3: 5652b4d9 (111,800 in chips)
Seat 4: fbb0c03 (70,636 in chips)
Seat 5: Hero (99,400 in chips)
Seat 6: 848b3f5d (226,736 in chips)
Seat 7: 90ff3a84 (428,930 in chips)
Seat 8: 59dbab9d (136,819 in chips)
2e9ec79d: posts the ante 600
fbb0c03: posts the ante 600
59dbab9d: posts the ante 600
Hero: posts the ante 600
99652e20: posts the ante 600
90ff3a84: posts the ante 600
5652b4d9: posts the ante 600
848b3f5d: posts the ante 600
5652b4d9: posts small blind 2,000
fbb0c03: posts big blind 4,000
*** HOLE CARDS ***
Dealt to 2e9ec79d 
Dealt to 99652e20 
Dealt to 5652b4d9 
Dealt to fbb0c03 
Dealt to Hero [Ah Qd]
Dealt to 848b3f5d 
Dealt to 90ff3a84 
Dealt to 59dbab9d 
Hero: raises 94,800 to 98,800 and is all-in
848b3f5d: folds
90ff3a84: folds
59dbab9d: folds
2e9ec79d: raises 151,548 to 250,348 and is all-in
99652e20: folds
5652b4d9: folds
fbb0c03: folds
Uncalled bet (151,548) returned to 2e9ec79d
2e9ec79d: shows [Kh Ac]
Hero: shows [Ah Qd]
*** FLOP *** [9c 4c As]
*** TURN *** [9c 4c As] [2c]
*** RIVER *** [9c 4c As 2c] [3d]
*** SHOWDOWN ***
2e9ec79d collected 208,400 from pot
*** SUMMARY ***
Total pot 208,400 | Rake 0 | Jackpot 0 | Bingo 0 | Fortune 0 | Tax 0
Board [9c 4c As 2c 3d]
Seat 1: 2e9ec79d showed [Kh Ac] and won (208,400) with a pair of Aces
Seat 2: 99652e20 (button) folded before Flop
Seat 3: 5652b4d9 (small blind) folded before Flop
Seat 4: fbb0c03 (big blind) folded before Flop
Seat 5: Hero showed [Ah Qd] and lost with a pair of Aces
Seat 6: 848b3f5d folded before Flop
Seat 7: 90ff3a84 folded before Flop
Seat 8: 59dbab9d folded before Flop


Poker Hand #TM5596231377: Tournament #263798028, Bounty Hunters Mini Big Game $10.80 Hold'em No Limit - Level9(2,000/4,000(600)) - 2026/02/16 13:23:38
Table '42' 8-max Seat #1 is the button
Seat 1: 2e9ec79d (251,548 in chips)
Seat 2: 99652e20 (123,412 in chips)
Seat 3: 5652b4d9 (116,400 in chips)
Seat 4: fbb0c03 (71,236 in chips)
Seat 5: Hero (100,000 in chips)
Seat 6: 848b3f5d (243,936 in chips)
Seat 7: 90ff3a84 (429,530 in chips)
Seat 8: 59dbab9d (137,419 in chips)
2e9ec79d: posts the ante 600
fbb0c03: posts the ante 600
59dbab9d: posts the ante 600
Hero: posts the ante 600
99652e20: posts the ante 600
90ff3a84: posts the ante 600
5652b4d9: posts the ante 600
848b3f5d: posts the ante 600
99652e20: posts small blind 2,000
5652b4d9: posts big blind 4,000
*** HOLE CARDS ***
Dealt to 2e9ec79d 
Dealt to 99652e20 
Dealt to 5652b4d9 
Dealt to fbb0c03 
Dealt to Hero [Js 4c]
Dealt to 848b3f5d 
Dealt to 90ff3a84 
Dealt to 59dbab9d 
fbb0c03: folds
Hero: folds
848b3f5d: calls 4,000
90ff3a84: folds
59dbab9d: folds
2e9ec79d: folds
99652e20: calls 2,000
5652b4d9: checks
*** FLOP *** [Kc 4s Jd]
99652e20: checks
5652b4d9: checks
848b3f5d: checks
*** TURN *** [Kc 4s Jd] [Ad]
99652e20: checks
5652b4d9: checks
848b3f5d: bets 12,600
99652e20: calls 12,600
5652b4d9: folds
*** RIVER *** [Kc 4s Jd Ad] [7c]
99652e20: checks
848b3f5d: checks
99652e20: shows [7d As] (two pair, Aces and Sevens)
848b3f5d: shows [9c Ah] (a pair of Aces)
*** SHOWDOWN ***
99652e20 collected 42,000 from pot
*** SUMMARY ***
Total pot 42,000 | Rake 0 | Jackpot 0 | Bingo 0 | Fortune 0 | Tax 0
Board [Kc 4s Jd Ad 7c]
Seat 1: 2e9ec79d (button) folded before Flop
Seat 2: 99652e20 (small blind) showed [7d As] and won (42,000) with two pair, Aces and Sevens
Seat 3: 5652b4d9 (big blind) folded on the Turn
Seat 4: fbb0c03 folded before Flop
Seat 5: Hero folded before Flop
Seat 6: 848b3f5d showed [9c Ah] and lost with a pair of Aces
Seat 7: 90ff3a84 folded before Flop
Seat 8: 59dbab9d folded before Flop


