Poker Hand #TM5565587365: Tournament #262130177, Bounty Hunters Special $10.80 [6-Max] Hold'em No Limit - Level6(150/300(45)) - 2026/02/09 13:46:52
Table '24' 6-max Seat #1 is the button
Seat 1: 42a90658 (36,677 in chips)
Seat 2: a1862fb0 (8,925 in chips)
Seat 3: b9794495 (15,906 in chips)
Seat 4: da784588 (9,297 in chips)
Seat 5: Hero (14,490 in chips)
Seat 6: 2afd118c (12,242 in chips)
Hero: posts the ante 45
2afd118c: posts the ante 45
da784588: posts the ante 45
b9794495: posts the ante 45
42a90658: posts the ante 45
a1862fb0: posts the ante 45
a1862fb0: posts small blind 150
b9794495: posts big blind 300
*** HOLE CARDS ***
Dealt to 42a90658 
Dealt to a1862fb0 
Dealt to b9794495 
Dealt to da784588 
Dealt to Hero [6h 6d]
Dealt to 2afd118c 
da784588: folds
Hero: raises 300 to 600
2afd118c: folds
42a90658: folds
a1862fb0: folds
b9794495: calls 300
*** FLOP *** [8h 3s Td]
b9794495: checks
Hero: bets 535
b9794495: raises 888 to 1,423
Hero: calls 888
*** TURN *** [8h 3s Td] [3h]
b9794495: bets 3,350
Hero: calls 3,350
*** RIVER *** [8h 3s Td 3h] [Th]
b9794495: bets 10,338
Hero: calls 9,072 and is all-in
Uncalled bet (1,266) returned to b9794495
b9794495: shows [8c Ah] (two pair, Tens and Eights)
Hero: shows [6h 6d] (two pair, Tens and Sixes)
*** SHOWDOWN ***
b9794495 collected 29,310 from pot
*** SUMMARY ***
Total pot 29,310 | Rake 0 | Jackpot 0 | Bingo 0 | Fortune 0 | Tax 0
Board [8h 3s Td 3h Th]
Seat 1: 42a90658 (button) folded before Flop
Seat 2: a1862fb0 (small blind) folded before Flop
Seat 3: b9794495 (big blind) showed [8c Ah] and won (29,310) with two pair, Tens and Eights
Seat 4: da784588 folded before Flop
Seat 5: Hero showed [6h 6d] and lost with two pair, Tens and Sixes
Seat 6: 2afd118c folded before Flop


Poker Hand #TM5565587357: Tournament #262130177, Bounty Hunters Special $10.80 [6-Max] Hold'em No Limit - Level6(150/300(45)) - 2026/02/09 13:46:09
Table '24' 6-max Seat #6 is the button
Seat 1: 42a90658 (36,872 in chips)
Seat 2: a1862fb0 (9,570 in chips)
Seat 3: b9794495 (14,931 in chips)
Seat 4: da784588 (9,342 in chips)
Seat 5: Hero (14,535 in chips)
Seat 6: 2afd118c (12,287 in chips)
Hero: posts the ante 45
2afd118c: posts the ante 45
da784588: posts the ante 45
b9794495: posts the ante 45
a1862fb0: posts the ante 45
42a90658: posts the ante 45
42a90658: posts small blind 150
a1862fb0: posts big blind 300
*** HOLE CARDS ***
Dealt to 42a90658 
Dealt to a1862fb0 
Dealt to b9794495 
Dealt to da784588 
Dealt to Hero [3h Jd]
Dealt to 2afd118c 
b9794495: raises 300 to 600
da784588: folds
Hero: folds
2afd118c: folds
42a90658: folds
a1862fb0: calls 300
*** FLOP *** [Kh 6d 3s]
a1862fb0: checks
b9794495: checks
*** TURN *** [Kh 6d 3s] [5s]
a1862fb0: checks
b9794495: bets 1,215
a1862fb0: folds
Uncalled bet (1,215) returned to b9794495
*** SHOWDOWN ***
b9794495 collected 1,620 from pot
*** SUMMARY ***
Total pot 1,620 | Rake 0 | Jackpot 0 | Bingo 0 | Fortune 0 | Tax 0
Board [Kh 6d 3s 5s]
Seat 1: 42a90658 (small blind) folded before Flop
Seat 2: a1862fb0 (big blind) folded on the Turn
Seat 3: b9794495 won (1,620)
Seat 4: da784588 folded before Flop
Seat 5: Hero folded before Flop
Seat 6: 2afd118c (button) folded before Flop


Poker Hand #TM5565587335: Tournament #262130177, Bounty Hunters Special $10.80 [6-Max] Hold'em No Limit - Level6(150/300(45)) - 2026/02/09 13:44:31
Table '24' 6-max Seat #5 is the button
Seat 1: 42a90658 (38,250 in chips)
Seat 2: a1862fb0 (9,615 in chips)
Seat 3: b9794495 (11,890 in chips)
Seat 4: da784588 (10,720 in chips)
Seat 5: Hero (14,580 in chips)
Seat 6: 2afd118c (12,482 in chips)
Hero: posts the ante 45
da784588: posts the ante 45
2afd118c: posts the ante 45
b9794495: posts the ante 45
a1862fb0: posts the ante 45
42a90658: posts the ante 45
2afd118c: posts small blind 150
42a90658: posts big blind 300
*** HOLE CARDS ***
Dealt to 42a90658 
Dealt to a1862fb0 
Dealt to b9794495 
Dealt to da784588 
Dealt to Hero [Qh 9c]
Dealt to 2afd118c 
a1862fb0: folds
b9794495: raises 300 to 600
da784588: calls 600
Hero: folds
2afd118c: folds
42a90658: calls 300
*** FLOP *** [6d 5h Qc]
42a90658: checks
b9794495: bets 733
da784588: calls 733
42a90658: calls 733
*** TURN *** [6d 5h Qc] [7d]
42a90658: checks
b9794495: bets 3,315
da784588: folds
42a90658: folds
Uncalled bet (3,315) returned to b9794495
*** SHOWDOWN ***
b9794495 collected 4,419 from pot
*** SUMMARY ***
Total pot 4,419 | Rake 0 | Jackpot 0 | Bingo 0 | Fortune 0 | Tax 0
Board [6d 5h Qc 7d]
Seat 1: 42a90658 (big blind) folded on the Turn
Seat 2: a1862fb0 folded before Flop
Seat 3: b9794495 won (4,419)
Seat 4: da784588 folded on the Turn
Seat 5: Hero (button) folded before Flop
Seat 6: 2afd118c (small blind) folded before Flop


Poker Hand #TM5565587331: Tournament #262130177, Bounty Hunters Special $10.80 [6-Max] Hold'em No Limit - Level6(150/300(45)) - 2026/02/09 13:44:04
Table '24' 6-max Seat #4 is the button
Seat 1: 42a90658 (38,295 in chips)
Seat 2: a1862fb0 (9,660 in chips)
Seat 3: b9794495 (11,935 in chips)
Seat 4: da784588 (10,765 in chips)
Seat 5: Hero (13,455 in chips)
Seat 6: 2afd118c (13,427 in chips)
Hero: posts the ante 45
da784588: posts the ante 45
2afd118c: posts the ante 45
b9794495: posts the ante 45
a1862fb0: posts the ante 45
42a90658: posts the ante 45
Hero: posts small blind 150
2afd118c: posts big blind 300
*** HOLE CARDS ***
Dealt to 42a90658 
Dealt to a1862fb0 
Dealt to b9794495 
Dealt to da784588 
Dealt to Hero [Kh 6h]
Dealt to 2afd118c 
42a90658: folds
a1862fb0: folds
b9794495: folds
da784588: folds
Hero: raises 600 to 900
2afd118c: calls 600
*** FLOP *** [Th 4h Kd]
Hero: bets 684
2afd118c: folds
Uncalled bet (684) returned to Hero
*** SHOWDOWN ***
Hero collected 2,070 from pot
*** SUMMARY ***
Total pot 2,070 | Rake 0 | Jackpot 0 | Bingo 0 | Fortune 0 | Tax 0
Board [Th 4h Kd]
Seat 1: 42a90658 folded before Flop
Seat 2: a1862fb0 folded before Flop
Seat 3: b9794495 folded before Flop
Seat 4: da784588 (button) folded before Flop
Seat 5: Hero (small blind) won (2,070)
Seat 6: 2afd118c (big blind) folded on the Flop


Poker Hand #TM5565587321: Tournament #262130177, Bounty Hunters Special $10.80 [6-Max] Hold'em No Limit - Level6(150/300(45)) - 2026/02/09 13:43:25
Table '24' 6-max Seat #3 is the button
Seat 1: 42a90658 (38,340 in chips)
Seat 2: a1862fb0 (9,705 in chips)
Seat 3: b9794495 (11,980 in chips)
Seat 4: da784588 (10,240 in chips)
Seat 5: Hero (13,800 in chips)
Seat 6: 2afd118c (13,472 in chips)
Hero: posts the ante 45
2afd118c: posts the ante 45
da784588: posts the ante 45
b9794495: posts the ante 45
a1862fb0: posts the ante 45
42a90658: posts the ante 45
da784588: posts small blind 150
Hero: posts big blind 300
*** HOLE CARDS ***
Dealt to 42a90658 
Dealt to a1862fb0 
Dealt to b9794495 
Dealt to da784588 
Dealt to Hero [Kc 3c]
Dealt to 2afd118c 
2afd118c: folds
42a90658: folds
a1862fb0: folds
b9794495: folds
da784588: calls 150
Hero: checks
*** FLOP *** [Td 7h 8c]
da784588: bets 300
Hero: folds
Uncalled bet (300) returned to da784588
*** SHOWDOWN ***
da784588 collected 870 from pot
*** SUMMARY ***
Total pot 870 | Rake 0 | Jackpot 0 | Bingo 0 | Fortune 0 | Tax 0
Board [Td 7h 8c]
Seat 1: 42a90658 folded before Flop
Seat 2: a1862fb0 folded before Flop
Seat 3: b9794495 (button) folded before Flop
Seat 4: da784588 (small blind) won (870)
Seat 5: Hero (big blind) folded on the Flop
Seat 6: 2afd118c folded before Flop


Poker Hand #TM5565587312: Tournament #262130177, Bounty Hunters Special $10.80 [6-Max] Hold'em No Limit - Level6(150/300(45)) - 2026/02/09 13:42:56
Table '24' 6-max Seat #2 is the button
Seat 1: 42a90658 (38,385 in chips)
Seat 2: a1862fb0 (9,750 in chips)
Seat 3: b9794495 (12,175 in chips)
Seat 4: da784588 (9,865 in chips)
Seat 5: Hero (13,845 in chips)
Seat 6: 2afd118c (13,517 in chips)
Hero: posts the ante 45
2afd118c: posts the ante 45
da784588: posts the ante 45
b9794495: posts the ante 45
a1862fb0: posts the ante 45
42a90658: posts the ante 45
b9794495: posts small blind 150
da784588: posts big blind 300
*** HOLE CARDS ***
Dealt to 42a90658 
Dealt to a1862fb0 
Dealt to b9794495 
Dealt to da784588 
Dealt to Hero [7h Ks]
Dealt to 2afd118c 
Hero: folds
2afd118c: folds
42a90658: folds
a1862fb0: folds
b9794495: folds
Uncalled bet (150) returned to da784588
*** SHOWDOWN ***
da784588 collected 570 from pot
*** SUMMARY ***
Total pot 570 | Rake 0 | Jackpot 0 | Bingo 0 | Fortune 0 | Tax 0
Seat 1: 42a90658 folded before Flop
Seat 2: a1862fb0 (button) folded before Flop
Seat 3: b9794495 (small blind) folded before Flop
Seat 4: da784588 (big blind) collected (570)
Seat 5: Hero folded before Flop
Seat 6: 2afd118c folded before Flop


Poker Hand #TM5565587302: Tournament #262130177, Bounty Hunters Special $10.80 [6-Max] Hold'em No Limit - Level6(150/300(45)) - 2026/02/09 13:42:05
Table '24' 6-max Seat #1 is the button
Seat 1: 42a90658 (39,330 in chips)
Seat 2: a1862fb0 (9,945 in chips)
Seat 3: b9794495 (10,000 in chips)
Seat 4: da784588 (9,910 in chips)
Seat 5: Hero (13,890 in chips)
Seat 6: 2afd118c (14,462 in chips)
Hero: posts the ante 45
2afd118c: posts the ante 45
da784588: posts the ante 45
b9794495: posts the ante 45
42a90658: posts the ante 45
a1862fb0: posts the ante 45
a1862fb0: posts small blind 150
b9794495: posts big blind 300
*** HOLE CARDS ***
Dealt to 42a90658 
Dealt to a1862fb0 
Dealt to b9794495 
Dealt to da784588 
Dealt to Hero [4s Ac]
Dealt to 2afd118c 
da784588: folds
Hero: folds
2afd118c: raises 600 to 900
42a90658: calls 900
a1862fb0: folds
b9794495: calls 600
*** FLOP *** [Ah 8c Jd]
b9794495: checks
2afd118c: checks
42a90658: checks
*** TURN *** [Ah 8c Jd] [7h]
b9794495: bets 2,340
2afd118c: folds
42a90658: folds
Uncalled bet (2,340) returned to b9794495
*** SHOWDOWN ***
b9794495 collected 3,120 from pot
*** SUMMARY ***
Total pot 3,120 | Rake 0 | Jackpot 0 | Bingo 0 | Fortune 0 | Tax 0
Board [Ah 8c Jd 7h]
Seat 1: 42a90658 (button) folded on the Turn
Seat 2: a1862fb0 (small blind) folded before Flop
Seat 3: b9794495 (big blind) won (3,120)
Seat 4: da784588 folded before Flop
Seat 5: Hero folded before Flop
Seat 6: 2afd118c folded on the Turn


Poker Hand #TM5565587290: Tournament #262130177, Bounty Hunters Special $10.80 [6-Max] Hold'em No Limit - Level6(150/300(45)) - 2026/02/09 13:41:13
Table '24' 6-max Seat #6 is the button
Seat 1: 42a90658 (33,245 in chips)
Seat 2: a1862fb0 (10,590 in chips)
Seat 4: da784588 (9,955 in chips)
Seat 5: Hero (19,240 in chips)
Seat 6: 2afd118c (14,507 in chips)
Hero: posts the ante 45
2afd118c: posts the ante 45
da784588: posts the ante 45
a1862fb0: posts the ante 45
42a90658: posts the ante 45
42a90658: posts small blind 150
a1862fb0: posts big blind 300
*** HOLE CARDS ***
Dealt to 42a90658 
Dealt to a1862fb0 
Dealt to da784588 
Dealt to Hero [Ah 5d]
Dealt to 2afd118c 
da784588: folds
Hero: raises 300 to 600
2afd118c: folds
42a90658: calls 450
a1862fb0: calls 300
*** FLOP *** [Tc Td Ac]
42a90658: checks
a1862fb0: checks
Hero: bets 669
42a90658: calls 669
a1862fb0: folds
*** TURN *** [Tc Td Ac] [2s]
42a90658: checks
Hero: checks
*** RIVER *** [Tc Td Ac 2s] [Qc]
42a90658: bets 4,036
Hero: calls 4,036
42a90658: shows [Ts Jd] (three of a kind, Tens)
Hero: shows [Ah 5d] (two pair, Aces and Tens)
*** SHOWDOWN ***
42a90658 collected 11,435 from pot
*** SUMMARY ***
Total pot 11,435 | Rake 0 | Jackpot 0 | Bingo 0 | Fortune 0 | Tax 0
Board [Tc Td Ac 2s Qc]
Seat 1: 42a90658 (small blind) showed [Ts Jd] and won (11,435) with three of a kind, Tens
Seat 2: a1862fb0 (big blind) folded on the Flop
Seat 4: da784588 folded before Flop
Seat 5: Hero showed [Ah 5d] and lost with two pair, Aces and Tens
Seat 6: 2afd118c (button) folded before Flop


Poker Hand #TM5565587274: Tournament #262130177, Bounty Hunters Special $10.80 [6-Max] Hold'em No Limit - Level6(150/300(45)) - 2026/02/09 13:39:46
Table '24' 6-max Seat #5 is the button
Seat 1: 42a90658 (23,566 in chips)
Seat 2: a1862fb0 (10,935 in chips)
Seat 3: 5334c897 (4,811 in chips)
Seat 4: da784588 (10,000 in chips)
Seat 5: Hero (23,523 in chips)
Seat 6: 2afd118c (14,702 in chips)
Hero: posts the ante 45
da784588: posts the ante 45
2afd118c: posts the ante 45
5334c897: posts the ante 45
a1862fb0: posts the ante 45
42a90658: posts the ante 45
2afd118c: posts small blind 150
42a90658: posts big blind 300
*** HOLE CARDS ***
Dealt to 42a90658 
Dealt to a1862fb0 
Dealt to 5334c897 
Dealt to da784588 
Dealt to Hero [4d Ad]
Dealt to 2afd118c 
a1862fb0: calls 300
5334c897: raises 300 to 600
da784588: folds
Hero: raises 1,410 to 2,010
2afd118c: folds
42a90658: calls 1,710
a1862fb0: folds
5334c897: calls 1,410
*** FLOP *** [Jd 9h Qc]
42a90658: checks
5334c897: checks
Hero: bets 2,228
42a90658: calls 2,228
5334c897: calls 2,228
*** TURN *** [Jd 9h Qc] [2c]
42a90658: checks
5334c897: checks
Hero: checks
*** RIVER *** [Jd 9h Qc 2c] [5s]
42a90658: bets 19,283 and is all-in
5334c897: calls 528 and is all-in
Hero: folds
Uncalled bet (18,755) returned to 42a90658
42a90658: shows [9s 9d] (three of a kind, Nines)
5334c897: shows [3c 3d] (a pair of Threes)
*** SHOWDOWN ***
42a90658 collected 14,490 from pot
*** SUMMARY ***
Total pot 14,490 | Rake 0 | Jackpot 0 | Bingo 0 | Fortune 0 | Tax 0
Board [Jd 9h Qc 2c 5s]
Seat 1: 42a90658 (big blind) showed [9s 9d] and won (14,490) with three of a kind, Nines
Seat 2: a1862fb0 folded before Flop
Seat 3: 5334c897 showed [3c 3d] and lost with a pair of Threes
Seat 4: da784588 folded before Flop
Seat 5: Hero (button) folded on the River
Seat 6: 2afd118c (small blind) folded before Flop


Poker Hand #TM5565587266: Tournament #262130177, Bounty Hunters Special $10.80 [6-Max] Hold'em No Limit - Level6(150/300(45)) - 2026/02/09 13:39:06
Table '24' 6-max Seat #3 is the button
Seat 1: 42a90658 (23,611 in chips)
Seat 2: a1862fb0 (10,980 in chips)
Seat 3: 5334c897 (4,856 in chips)
Seat 5: Hero (23,043 in chips)
Seat 6: 2afd118c (15,047 in chips)
Hero: posts the ante 45
2afd118c: posts the ante 45
5334c897: posts the ante 45
a1862fb0: posts the ante 45
42a90658: posts the ante 45
Hero: posts small blind 150
2afd118c: posts big blind 300
*** HOLE CARDS ***
Dealt to 42a90658 
Dealt to a1862fb0 
Dealt to 5334c897 
Dealt to Hero [8h Qs]
Dealt to 2afd118c 
42a90658: folds
a1862fb0: folds
5334c897: folds
Hero: raises 600 to 900
2afd118c: folds
Uncalled bet (600) returned to Hero
*** SHOWDOWN ***
Hero collected 825 from pot
*** SUMMARY ***
Total pot 825 | Rake 0 | Jackpot 0 | Bingo 0 | Fortune 0 | Tax 0
Seat 1: 42a90658 folded before Flop
Seat 2: a1862fb0 folded before Flop
Seat 3: 5334c897 (button) folded before Flop
Seat 5: Hero (small blind) collected (825)
Seat 6: 2afd118c (big blind) folded before Flop


Poker Hand #TM5565587260: Tournament #262130177, Bounty Hunters Special $10.80 [6-Max] Hold'em No Limit - Level6(150/300(45)) - 2026/02/09 13:38:38
Table '24' 6-max Seat #2 is the button
Seat 1: 42a90658 (23,656 in chips)
Seat 2: a1862fb0 (11,025 in chips)
Seat 3: 5334c897 (5,051 in chips)
Seat 5: Hero (22,713 in chips)
Seat 6: 2afd118c (15,092 in chips)
Hero: posts the ante 45
2afd118c: posts the ante 45
5334c897: posts the ante 45
a1862fb0: posts the ante 45
42a90658: posts the ante 45
5334c897: posts small blind 150
Hero: posts big blind 300
*** HOLE CARDS ***
Dealt to 42a90658 
Dealt to a1862fb0 
Dealt to 5334c897 
Dealt to Hero [7c 9d]
Dealt to 2afd118c 
2afd118c: folds
42a90658: folds
a1862fb0: folds
5334c897: folds
Uncalled bet (150) returned to Hero
*** SHOWDOWN ***
Hero collected 525 from pot
*** SUMMARY ***
Total pot 525 | Rake 0 | Jackpot 0 | Bingo 0 | Fortune 0 | Tax 0
Seat 1: 42a90658 folded before Flop
Seat 2: a1862fb0 (button) folded before Flop
Seat 3: 5334c897 (small blind) folded before Flop
Seat 5: Hero (big blind) collected (525)
Seat 6: 2afd118c folded before Flop


Poker Hand #TM5565587244: Tournament #262130177, Bounty Hunters Special $10.80 [6-Max] Hold'em No Limit - Level6(150/300(45)) - 2026/02/09 13:37:46
Table '24' 6-max Seat #1 is the button
Seat 1: 42a90658 (23,701 in chips)
Seat 2: a1862fb0 (11,220 in chips)
Seat 3: 5334c897 (16,265 in chips)
Seat 5: Hero (11,214 in chips)
Seat 6: 2afd118c (15,137 in chips)
Hero: posts the ante 45
2afd118c: posts the ante 45
5334c897: posts the ante 45
42a90658: posts the ante 45
a1862fb0: posts the ante 45
a1862fb0: posts small blind 150
5334c897: posts big blind 300
*** HOLE CARDS ***
Dealt to 42a90658 
Dealt to a1862fb0 
Dealt to 5334c897 
Dealt to Hero [Ah Qs]
Dealt to 2afd118c 
Hero: raises 300 to 600
2afd118c: folds
42a90658: folds
a1862fb0: folds
5334c897: raises 750 to 1,350
Hero: raises 9,819 to 11,169 and is all-in
5334c897: calls 9,819
Hero: shows [Ah Qs]
5334c897: shows [Js Ad]
*** FLOP *** [Ks Ts 4s]
*** TURN *** [Ks Ts 4s] [3s]
*** RIVER *** [Ks Ts 4s 3s] [9c]
*** SHOWDOWN ***
Hero collected 22,713 from pot
*** SUMMARY ***
Total pot 22,713 | Rake 0 | Jackpot 0 | Bingo 0 | Fortune 0 | Tax 0
Board [Ks Ts 4s 3s 9c]
Seat 1: 42a90658 (button) folded before Flop
Seat 2: a1862fb0 (small blind) folded before Flop
Seat 3: 5334c897 (big blind) showed [Js Ad] and lost with a flush King high
Seat 5: Hero showed [Ah Qs] and won (22,713) with a flush King high
Seat 6: 2afd118c folded before Flop


Poker Hand #TM5565587235: Tournament #262130177, Bounty Hunters Special $10.80 [6-Max] Hold'em No Limit - Level6(150/300(45)) - 2026/02/09 13:37:09
Table '24' 6-max Seat #6 is the button
Seat 1: 42a90658 (23,896 in chips)
Seat 2: a1862fb0 (11,565 in chips)
Seat 3: 5334c897 (16,310 in chips)
Seat 5: Hero (11,259 in chips)
Seat 6: 2afd118c (14,507 in chips)
Hero: posts the ante 45
2afd118c: posts the ante 45
5334c897: posts the ante 45
a1862fb0: posts the ante 45
42a90658: posts the ante 45
42a90658: posts small blind 150
a1862fb0: posts big blind 300
*** HOLE CARDS ***
Dealt to 42a90658 
Dealt to a1862fb0 
Dealt to 5334c897 
Dealt to Hero [Jc 3d]
Dealt to 2afd118c 
5334c897: folds
Hero: folds
2afd118c: raises 600 to 900
42a90658: folds
a1862fb0: folds
Uncalled bet (600) returned to 2afd118c
*** SHOWDOWN ***
2afd118c collected 975 from pot
*** SUMMARY ***
Total pot 975 | Rake 0 | Jackpot 0 | Bingo 0 | Fortune 0 | Tax 0
Seat 1: 42a90658 (small blind) folded before Flop
Seat 2: a1862fb0 (big blind) folded before Flop
Seat 3: 5334c897 folded before Flop
Seat 5: Hero folded before Flop
Seat 6: 2afd118c (button) collected (975)


Poker Hand #TM5565587229: Tournament #262130177, Bounty Hunters Special $10.80 [6-Max] Hold'em No Limit - Level6(150/300(45)) - 2026/02/09 13:36:40
Table '24' 6-max Seat #5 is the button
Seat 1: 42a90658 (24,241 in chips)
Seat 2: a1862fb0 (11,610 in chips)
Seat 3: 5334c897 (15,680 in chips)
Seat 5: Hero (11,304 in chips)
Seat 6: 2afd118c (14,702 in chips)
Hero: posts the ante 45
2afd118c: posts the ante 45
5334c897: posts the ante 45
a1862fb0: posts the ante 45
42a90658: posts the ante 45
2afd118c: posts small blind 150
42a90658: posts big blind 300
*** HOLE CARDS ***
Dealt to 42a90658 
Dealt to a1862fb0 
Dealt to 5334c897 
Dealt to Hero [5s Ad]
Dealt to 2afd118c 
a1862fb0: folds
5334c897: raises 300 to 600
Hero: folds
2afd118c: folds
42a90658: folds
Uncalled bet (300) returned to 5334c897
*** SHOWDOWN ***
5334c897 collected 975 from pot
*** SUMMARY ***
Total pot 975 | Rake 0 | Jackpot 0 | Bingo 0 | Fortune 0 | Tax 0
Seat 1: 42a90658 (big blind) folded before Flop
Seat 2: a1862fb0 folded before Flop
Seat 3: 5334c897 collected (975)
Seat 5: Hero (button) folded before Flop
Seat 6: 2afd118c (small blind) folded before Flop


Poker Hand #TM5565587217: Tournament #262130177, Bounty Hunters Special $10.80 [6-Max] Hold'em No Limit - Level5(125/250(35)) - 2026/02/09 13:35:45
Table '24' 6-max Seat #4 is the button
Seat 1: 42a90658 (24,276 in chips)
Seat 2: a1862fb0 (6,677 in chips)
Seat 3: 5334c897 (15,715 in chips)
Seat 4: b40f3178 (4,418 in chips)
Seat 5: Hero (11,464 in chips)
Seat 6: 2afd118c (14,987 in chips)
Hero: posts the ante 35
b40f3178: posts the ante 35
2afd118c: posts the ante 35
5334c897: posts the ante 35
a1862fb0: posts the ante 35
42a90658: posts the ante 35
Hero: posts small blind 125
2afd118c: posts big blind 250
*** HOLE CARDS ***
Dealt to 42a90658 
Dealt to a1862fb0 
Dealt to 5334c897 
Dealt to b40f3178 
Dealt to Hero [Qh 6d]
Dealt to 2afd118c 
42a90658: folds
a1862fb0: raises 250 to 500
5334c897: folds
b40f3178: calls 500
Hero: folds
2afd118c: folds
*** FLOP *** [Th 7h Qs]
a1862fb0: bets 524
b40f3178: raises 3,359 to 3,883 and is all-in
a1862fb0: calls 3,359
b40f3178: shows [8c Jc] (Queen high)
a1862fb0: shows [Js Ks] (King high)
*** TURN *** [Th 7h Qs] [9d]
*** RIVER *** [Th 7h Qs 9d] [4s]
*** SHOWDOWN ***
a1862fb0 collected 9,351 from pot
*** SUMMARY ***
Total pot 9,351 | Rake 0 | Jackpot 0 | Bingo 0 | Fortune 0 | Tax 0
Board [Th 7h Qs 9d 4s]
Seat 1: 42a90658 folded before Flop
Seat 2: a1862fb0 showed [Js Ks] and won (9,351) with a straight, King to Nine
Seat 3: 5334c897 folded before Flop
Seat 4: b40f3178 (button) showed [8c Jc] and lost with a straight, Queen to Eight
Seat 5: Hero (small blind) folded before Flop
Seat 6: 2afd118c (big blind) folded before Flop


Poker Hand #TM5565587204: Tournament #262130177, Bounty Hunters Special $10.80 [6-Max] Hold'em No Limit - Level5(125/250(35)) - 2026/02/09 13:34:45
Table '24' 6-max Seat #3 is the button
Seat 1: 42a90658 (24,811 in chips)
Seat 2: a1862fb0 (8,130 in chips)
Seat 3: 5334c897 (15,750 in chips)
Seat 4: b40f3178 (4,578 in chips)
Seat 5: Hero (9,246 in chips)
Seat 6: 2afd118c (15,022 in chips)
Hero: posts the ante 35
b40f3178: posts the ante 35
2afd118c: posts the ante 35
5334c897: posts the ante 35
a1862fb0: posts the ante 35
42a90658: posts the ante 35
b40f3178: posts small blind 125
Hero: posts big blind 250
*** HOLE CARDS ***
Dealt to 42a90658 
Dealt to a1862fb0 
Dealt to 5334c897 
Dealt to b40f3178 
Dealt to Hero [Kc 4s]
Dealt to 2afd118c 
2afd118c: folds
42a90658: raises 250 to 500
a1862fb0: calls 500
5334c897: folds
b40f3178: folds
Hero: calls 250
*** FLOP *** [Ts 4c 9c]
Hero: checks
42a90658: checks
a1862fb0: bets 918
Hero: calls 918
42a90658: folds
*** TURN *** [Ts 4c 9c] [Tc]
Hero: checks
a1862fb0: checks
*** RIVER *** [Ts 4c 9c Tc] [Ad]
Hero: bets 1,586
a1862fb0: folds
Uncalled bet (1,586) returned to Hero
*** SHOWDOWN ***
Hero collected 3,671 from pot
*** SUMMARY ***
Total pot 3,671 | Rake 0 | Jackpot 0 | Bingo 0 | Fortune 0 | Tax 0
Board [Ts 4c 9c Tc Ad]
Seat 1: 42a90658 folded on the Flop
Seat 2: a1862fb0 folded on the River
Seat 3: 5334c897 (button) folded before Flop
Seat 4: b40f3178 (small blind) folded before Flop
Seat 5: Hero (big blind) won (3,671)
Seat 6: 2afd118c folded before Flop


Poker Hand #TM5565587191: Tournament #262130177, Bounty Hunters Special $10.80 [6-Max] Hold'em No Limit - Level5(125/250(35)) - 2026/02/09 13:33:50
Table '24' 6-max Seat #2 is the button
Seat 1: 42a90658 (24,846 in chips)
Seat 2: a1862fb0 (8,165 in chips)
Seat 3: 5334c897 (15,910 in chips)
Seat 4: b40f3178 (5,554 in chips)
Seat 5: Hero (8,005 in chips)
Seat 6: 2afd118c (15,057 in chips)
Hero: posts the ante 35
b40f3178: posts the ante 35
2afd118c: posts the ante 35
5334c897: posts the ante 35
a1862fb0: posts the ante 35
42a90658: posts the ante 35
5334c897: posts small blind 125
b40f3178: posts big blind 250
*** HOLE CARDS ***
Dealt to 42a90658 
Dealt to a1862fb0 
Dealt to 5334c897 
Dealt to b40f3178 
Dealt to Hero [Js Jh]
Dealt to 2afd118c 
Hero: raises 250 to 500
2afd118c: folds
42a90658: folds
a1862fb0: folds
5334c897: folds
b40f3178: calls 250
*** FLOP *** [5h Ad Td]
b40f3178: checks
Hero: bets 441
b40f3178: calls 441
*** TURN *** [5h Ad Td] [2h]
b40f3178: checks
Hero: bets 1,359
b40f3178: folds
Uncalled bet (1,359) returned to Hero
*** SHOWDOWN ***
Hero collected 2,217 from pot
*** SUMMARY ***
Total pot 2,217 | Rake 0 | Jackpot 0 | Bingo 0 | Fortune 0 | Tax 0
Board [5h Ad Td 2h]
Seat 1: 42a90658 folded before Flop
Seat 2: a1862fb0 (button) folded before Flop
Seat 3: 5334c897 (small blind) folded before Flop
Seat 4: b40f3178 (big blind) folded on the Turn
Seat 5: Hero won (2,217)
Seat 6: 2afd118c folded before Flop


Poker Hand #TM5565587183: Tournament #262130177, Bounty Hunters Special $10.80 [6-Max] Hold'em No Limit - Level5(125/250(35)) - 2026/02/09 13:33:23
Table '24' 6-max Seat #1 is the button
Seat 1: 42a90658 (24,881 in chips)
Seat 2: a1862fb0 (7,740 in chips)
Seat 3: 5334c897 (16,195 in chips)
Seat 4: b40f3178 (5,589 in chips)
Seat 5: Hero (8,040 in chips)
Seat 6: 2afd118c (15,092 in chips)
Hero: posts the ante 35
b40f3178: posts the ante 35
2afd118c: posts the ante 35
5334c897: posts the ante 35
42a90658: posts the ante 35
a1862fb0: posts the ante 35
a1862fb0: posts small blind 125
5334c897: posts big blind 250
*** HOLE CARDS ***
Dealt to 42a90658 
Dealt to a1862fb0 
Dealt to 5334c897 
Dealt to b40f3178 
Dealt to Hero [Qc 2d]
Dealt to 2afd118c 
b40f3178: folds
Hero: folds
2afd118c: folds
42a90658: folds
a1862fb0: calls 125
5334c897: checks
*** FLOP *** [4s 3d Ks]
a1862fb0: bets 533
5334c897: folds
Uncalled bet (533) returned to a1862fb0
*** SHOWDOWN ***
a1862fb0 collected 710 from pot
*** SUMMARY ***
Total pot 710 | Rake 0 | Jackpot 0 | Bingo 0 | Fortune 0 | Tax 0
Board [4s 3d Ks]
Seat 1: 42a90658 (button) folded before Flop
Seat 2: a1862fb0 (small blind) won (710)
Seat 3: 5334c897 (big blind) folded on the Flop
Seat 4: b40f3178 folded before Flop
Seat 5: Hero folded before Flop
Seat 6: 2afd118c folded before Flop


Poker Hand #TM5565587176: Tournament #262130177, Bounty Hunters Special $10.80 [6-Max] Hold'em No Limit - Level5(125/250(35)) - 2026/02/09 13:32:56
Table '24' 6-max Seat #6 is the button
Seat 1: 42a90658 (24,456 in chips)
Seat 2: a1862fb0 (8,025 in chips)
Seat 3: 5334c897 (16,230 in chips)
Seat 4: b40f3178 (5,624 in chips)
Seat 5: Hero (8,075 in chips)
Seat 6: 2afd118c (15,127 in chips)
Hero: posts the ante 35
b40f3178: posts the ante 35
2afd118c: posts the ante 35
5334c897: posts the ante 35
a1862fb0: posts the ante 35
42a90658: posts the ante 35
42a90658: posts small blind 125
a1862fb0: posts big blind 250
*** HOLE CARDS ***
Dealt to 42a90658 
Dealt to a1862fb0 
Dealt to 5334c897 
Dealt to b40f3178 
Dealt to Hero [3d Tc]
Dealt to 2afd118c 
5334c897: folds
b40f3178: folds
Hero: folds
2afd118c: folds
42a90658: raises 500 to 750
a1862fb0: folds
Uncalled bet (500) returned to 42a90658
*** SHOWDOWN ***
42a90658 collected 710 from pot
*** SUMMARY ***
Total pot 710 | Rake 0 | Jackpot 0 | Bingo 0 | Fortune 0 | Tax 0
Seat 1: 42a90658 (small blind) collected (710)
Seat 2: a1862fb0 (big blind) folded before Flop
Seat 3: 5334c897 folded before Flop
Seat 4: b40f3178 folded before Flop
Seat 5: Hero folded before Flop
Seat 6: 2afd118c (button) folded before Flop


Poker Hand #TM5565587163: Tournament #262130177, Bounty Hunters Special $10.80 [6-Max] Hold'em No Limit - Level5(125/250(35)) - 2026/02/09 13:32:02
Table '24' 6-max Seat #5 is the button
Seat 1: 42a90658 (21,717 in chips)
Seat 2: a1862fb0 (8,060 in chips)
Seat 3: 5334c897 (16,765 in chips)
Seat 4: b40f3178 (5,659 in chips)
Seat 5: Hero (10,049 in chips)
Seat 6: 2afd118c (15,287 in chips)
Hero: posts the ante 35
b40f3178: posts the ante 35
2afd118c: posts the ante 35
5334c897: posts the ante 35
a1862fb0: posts the ante 35
42a90658: posts the ante 35
2afd118c: posts small blind 125
42a90658: posts big blind 250
*** HOLE CARDS ***
Dealt to 42a90658 
Dealt to a1862fb0 
Dealt to 5334c897 
Dealt to b40f3178 
Dealt to Hero [Tc Ah]
Dealt to 2afd118c 
a1862fb0: folds
5334c897: raises 250 to 500
b40f3178: folds
Hero: raises 1,439 to 1,939
2afd118c: folds
42a90658: raises 2,843 to 4,782
5334c897: folds
Hero: folds
Uncalled bet (2,843) returned to 42a90658
*** SHOWDOWN ***
42a90658 collected 4,713 from pot
*** SUMMARY ***
Total pot 4,713 | Rake 0 | Jackpot 0 | Bingo 0 | Fortune 0 | Tax 0
Seat 1: 42a90658 (big blind) collected (4,713)
Seat 2: a1862fb0 folded before Flop
Seat 3: 5334c897 folded before Flop
Seat 4: b40f3178 folded before Flop
Seat 5: Hero (button) folded before Flop
Seat 6: 2afd118c (small blind) folded before Flop


Poker Hand #TM5565587158: Tournament #262130177, Bounty Hunters Special $10.80 [6-Max] Hold'em No Limit - Level5(125/250(35)) - 2026/02/09 13:31:29
Table '24' 6-max Seat #4 is the button
Seat 1: 42a90658 (21,752 in chips)
Seat 2: a1862fb0 (8,095 in chips)
Seat 3: 5334c897 (17,300 in chips)
Seat 4: b40f3178 (5,694 in chips)
Seat 5: Hero (10,209 in chips)
Seat 6: 2afd118c (14,487 in chips)
Hero: posts the ante 35
b40f3178: posts the ante 35
2afd118c: posts the ante 35
5334c897: posts the ante 35
a1862fb0: posts the ante 35
42a90658: posts the ante 35
Hero: posts small blind 125
2afd118c: posts big blind 250
*** HOLE CARDS ***
Dealt to 42a90658 
Dealt to a1862fb0 
Dealt to 5334c897 
Dealt to b40f3178 
Dealt to Hero [5h 2s]
Dealt to 2afd118c 
42a90658: folds
a1862fb0: folds
5334c897: raises 250 to 500
b40f3178: folds
Hero: folds
2afd118c: calls 250
*** FLOP *** [Qh 9d Qc]
2afd118c: bets 668
5334c897: folds
Uncalled bet (668) returned to 2afd118c
*** SHOWDOWN ***
2afd118c collected 1,335 from pot
*** SUMMARY ***
Total pot 1,335 | Rake 0 | Jackpot 0 | Bingo 0 | Fortune 0 | Tax 0
Board [Qh 9d Qc]
Seat 1: 42a90658 folded before Flop
Seat 2: a1862fb0 folded before Flop
Seat 3: 5334c897 folded on the Flop
Seat 4: b40f3178 (button) folded before Flop
Seat 5: Hero (small blind) folded before Flop
Seat 6: 2afd118c (big blind) won (1,335)


Poker Hand #TM5565587147: Tournament #262130177, Bounty Hunters Special $10.80 [6-Max] Hold'em No Limit - Level5(125/250(35)) - 2026/02/09 13:30:52
Table '24' 6-max Seat #3 is the button
Seat 1: 42a90658 (21,787 in chips)
Seat 2: a1862fb0 (8,630 in chips)
Seat 3: 5334c897 (17,335 in chips)
Seat 4: b40f3178 (4,769 in chips)
Seat 5: Hero (10,494 in chips)
Seat 6: 2afd118c (14,522 in chips)
Hero: posts the ante 35
b40f3178: posts the ante 35
2afd118c: posts the ante 35
5334c897: posts the ante 35
a1862fb0: posts the ante 35
42a90658: posts the ante 35
b40f3178: posts small blind 125
Hero: posts big blind 250
*** HOLE CARDS ***
Dealt to 42a90658 
Dealt to a1862fb0 
Dealt to 5334c897 
Dealt to b40f3178 
Dealt to Hero [4d 2h]
Dealt to 2afd118c 
2afd118c: folds
42a90658: folds
a1862fb0: raises 250 to 500
5334c897: folds
b40f3178: raises 4,234 to 4,734 and is all-in
Hero: folds
a1862fb0: folds
Uncalled bet (4,234) returned to b40f3178
*** SHOWDOWN ***
b40f3178 collected 1,460 from pot
*** SUMMARY ***
Total pot 1,460 | Rake 0 | Jackpot 0 | Bingo 0 | Fortune 0 | Tax 0
Seat 1: 42a90658 folded before Flop
Seat 2: a1862fb0 folded before Flop
Seat 3: 5334c897 (button) folded before Flop
Seat 4: b40f3178 (small blind) collected (1,460)
Seat 5: Hero (big blind) folded before Flop
Seat 6: 2afd118c folded before Flop


Poker Hand #TM5565587137: Tournament #262130177, Bounty Hunters Special $10.80 [6-Max] Hold'em No Limit - Level5(125/250(35)) - 2026/02/09 13:30:13
Table '24' 6-max Seat #2 is the button
Seat 1: 42a90658 (21,822 in chips)
Seat 2: a1862fb0 (8,665 in chips)
Seat 3: 5334c897 (17,995 in chips)
Seat 4: b40f3178 (3,969 in chips)
Seat 5: Hero (10,529 in chips)
Seat 6: 2afd118c (14,557 in chips)
Hero: posts the ante 35
b40f3178: posts the ante 35
2afd118c: posts the ante 35
5334c897: posts the ante 35
a1862fb0: posts the ante 35
42a90658: posts the ante 35
5334c897: posts small blind 125
b40f3178: posts big blind 250
*** HOLE CARDS ***
Dealt to 42a90658 
Dealt to a1862fb0 
Dealt to 5334c897 
Dealt to b40f3178 
Dealt to Hero [3s 8h]
Dealt to 2afd118c 
Hero: folds
2afd118c: folds
42a90658: folds
a1862fb0: folds
5334c897: raises 375 to 625
b40f3178: calls 375
*** FLOP *** [9h 8c 2d]
5334c897: checks
b40f3178: bets 804
5334c897: folds
Uncalled bet (804) returned to b40f3178
*** SHOWDOWN ***
b40f3178 collected 1,460 from pot
*** SUMMARY ***
Total pot 1,460 | Rake 0 | Jackpot 0 | Bingo 0 | Fortune 0 | Tax 0
Board [9h 8c 2d]
Seat 1: 42a90658 folded before Flop
Seat 2: a1862fb0 (button) folded before Flop
Seat 3: 5334c897 (small blind) folded on the Flop
Seat 4: b40f3178 (big blind) won (1,460)
Seat 5: Hero folded before Flop
Seat 6: 2afd118c folded before Flop


Poker Hand #TM5565587129: Tournament #262130177, Bounty Hunters Special $10.80 [6-Max] Hold'em No Limit - Level5(125/250(35)) - 2026/02/09 13:29:40
Table '24' 6-max Seat #1 is the button
Seat 1: 42a90658 (21,857 in chips)
Seat 2: a1862fb0 (8,825 in chips)
Seat 3: 5334c897 (18,280 in chips)
Seat 4: b40f3178 (4,004 in chips)
Seat 5: Hero (10,564 in chips)
Seat 6: 2afd118c (14,007 in chips)
Hero: posts the ante 35
b40f3178: posts the ante 35
2afd118c: posts the ante 35
5334c897: posts the ante 35
42a90658: posts the ante 35
a1862fb0: posts the ante 35
a1862fb0: posts small blind 125
5334c897: posts big blind 250
*** HOLE CARDS ***
Dealt to 42a90658 
Dealt to a1862fb0 
Dealt to 5334c897 
Dealt to b40f3178 
Dealt to Hero [5c 8d]
Dealt to 2afd118c 
b40f3178: folds
Hero: folds
2afd118c: raises 500 to 750
42a90658: folds
a1862fb0: folds
5334c897: folds
Uncalled bet (500) returned to 2afd118c
*** SHOWDOWN ***
2afd118c collected 835 from pot
*** SUMMARY ***
Total pot 835 | Rake 0 | Jackpot 0 | Bingo 0 | Fortune 0 | Tax 0
Seat 1: 42a90658 (button) folded before Flop
Seat 2: a1862fb0 (small blind) folded before Flop
Seat 3: 5334c897 (big blind) folded before Flop
Seat 4: b40f3178 folded before Flop
Seat 5: Hero folded before Flop
Seat 6: 2afd118c collected (835)


Poker Hand #TM5565587123: Tournament #262130177, Bounty Hunters Special $10.80 [6-Max] Hold'em No Limit - Level5(125/250(35)) - 2026/02/09 13:29:15
Table '24' 6-max Seat #6 is the button
Seat 1: 42a90658 (22,017 in chips)
Seat 2: a1862fb0 (9,110 in chips)
Seat 3: 5334c897 (18,315 in chips)
Seat 4: b40f3178 (4,039 in chips)
Seat 5: Hero (10,599 in chips)
Seat 6: 2afd118c (13,457 in chips)
Hero: posts the ante 35
b40f3178: posts the ante 35
2afd118c: posts the ante 35
5334c897: posts the ante 35
a1862fb0: posts the ante 35
42a90658: posts the ante 35
42a90658: posts small blind 125
a1862fb0: posts big blind 250
*** HOLE CARDS ***
Dealt to 42a90658 
Dealt to a1862fb0 
Dealt to 5334c897 
Dealt to b40f3178 
Dealt to Hero [Jh 8s]
Dealt to 2afd118c 
5334c897: folds
b40f3178: folds
Hero: folds
2afd118c: raises 500 to 750
42a90658: folds
a1862fb0: folds
Uncalled bet (500) returned to 2afd118c
*** SHOWDOWN ***
2afd118c collected 835 from pot
*** SUMMARY ***
Total pot 835 | Rake 0 | Jackpot 0 | Bingo 0 | Fortune 0 | Tax 0
Seat 1: 42a90658 (small blind) folded before Flop
Seat 2: a1862fb0 (big blind) folded before Flop
Seat 3: 5334c897 folded before Flop
Seat 4: b40f3178 folded before Flop
Seat 5: Hero folded before Flop
Seat 6: 2afd118c (button) collected (835)


Poker Hand #TM5565587104: Tournament #262130177, Bounty Hunters Special $10.80 [6-Max] Hold'em No Limit - Level5(125/250(35)) - 2026/02/09 13:27:58
Table '24' 6-max Seat #5 is the button
Seat 1: 42a90658 (22,302 in chips)
Seat 2: a1862fb0 (9,145 in chips)
Seat 3: 5334c897 (18,350 in chips)
Seat 4: b40f3178 (4,074 in chips)
Seat 5: Hero (11,864 in chips)
Seat 6: 2afd118c (11,802 in chips)
Hero: posts the ante 35
b40f3178: posts the ante 35
2afd118c: posts the ante 35
5334c897: posts the ante 35
a1862fb0: posts the ante 35
42a90658: posts the ante 35
2afd118c: posts small blind 125
42a90658: posts big blind 250
*** HOLE CARDS ***
Dealt to 42a90658 
Dealt to a1862fb0 
Dealt to 5334c897 
Dealt to b40f3178 
Dealt to Hero [Ac 6s]
Dealt to 2afd118c 
a1862fb0: folds
5334c897: folds
b40f3178: folds
Hero: raises 250 to 500
2afd118c: calls 375
42a90658: folds
*** FLOP *** [4s 5c Qh]
2afd118c: bets 730
Hero: calls 730
*** TURN *** [4s 5c Qh] [2h]
2afd118c: checks
Hero: checks
*** RIVER *** [4s 5c Qh 2h] [Ts]
2afd118c: bets 1,460
Hero: folds
Uncalled bet (1,460) returned to 2afd118c
*** SHOWDOWN ***
2afd118c collected 2,920 from pot
*** SUMMARY ***
Total pot 2,920 | Rake 0 | Jackpot 0 | Bingo 0 | Fortune 0 | Tax 0
Board [4s 5c Qh 2h Ts]
Seat 1: 42a90658 (big blind) folded before Flop
Seat 2: a1862fb0 folded before Flop
Seat 3: 5334c897 folded before Flop
Seat 4: b40f3178 folded before Flop
Seat 5: Hero (button) folded on the River
Seat 6: 2afd118c (small blind) won (2,920)


Poker Hand #TM5565587088: Tournament #262130177, Bounty Hunters Special $10.80 [6-Max] Hold'em No Limit - Level5(125/250(35)) - 2026/02/09 13:26:49
Table '24' 6-max Seat #4 is the button
Seat 1: 42a90658 (22,337 in chips)
Seat 2: a1862fb0 (9,180 in chips)
Seat 3: 5334c897 (8,980 in chips)
Seat 4: b40f3178 (4,109 in chips)
Seat 5: Hero (20,844 in chips)
Seat 6: 2afd118c (12,087 in chips)
Hero: posts the ante 35
b40f3178: posts the ante 35
2afd118c: posts the ante 35
5334c897: posts the ante 35
a1862fb0: posts the ante 35
42a90658: posts the ante 35
Hero: posts small blind 125
2afd118c: posts big blind 250
*** HOLE CARDS ***
Dealt to 42a90658 
Dealt to a1862fb0 
Dealt to 5334c897 
Dealt to b40f3178 
Dealt to Hero [Td Kh]
Dealt to 2afd118c 
42a90658: folds
a1862fb0: folds
5334c897: raises 250 to 500
b40f3178: folds
Hero: calls 375
2afd118c: folds
*** FLOP *** [Jh Qd Ah]
Hero: checks
5334c897: checks
*** TURN *** [Jh Qd Ah] [Js]
Hero: bets 1,095
5334c897: calls 1,095
*** RIVER *** [Jh Qd Ah Js] [2c]
Hero: checks
5334c897: bets 1,330
Hero: raises 17,884 to 19,214 and is all-in
5334c897: calls 6,020 and is all-in
Uncalled bet (11,864) returned to Hero
Hero: shows [Td Kh] (a straight, Ace to Ten)
5334c897: shows [As Ad] (a full house, Aces full of Jacks)
*** SHOWDOWN ***
5334c897 collected 18,350 from pot
*** SUMMARY ***
Total pot 18,350 | Rake 0 | Jackpot 0 | Bingo 0 | Fortune 0 | Tax 0
Board [Jh Qd Ah Js 2c]
Seat 1: 42a90658 folded before Flop
Seat 2: a1862fb0 folded before Flop
Seat 3: 5334c897 showed [As Ad] and won (18,350) with a full house, Aces full of Jacks
Seat 4: b40f3178 (button) folded before Flop
Seat 5: Hero (small blind) showed [Td Kh] and lost with a straight, Ace to Ten
Seat 6: 2afd118c (big blind) folded before Flop


Poker Hand #TM5565587074: Tournament #262130177, Bounty Hunters Special $10.80 [6-Max] Hold'em No Limit - Level5(125/250(35)) - 2026/02/09 13:26:10
Table '24' 6-max Seat #3 is the button
Seat 1: 42a90658 (22,372 in chips)
Seat 2: a1862fb0 (9,215 in chips)
Seat 3: 5334c897 (9,015 in chips)
Seat 4: b40f3178 (3,184 in chips)
Seat 5: Hero (21,629 in chips)
Seat 6: 2afd118c (12,122 in chips)
Hero: posts the ante 35
b40f3178: posts the ante 35
2afd118c: posts the ante 35
5334c897: posts the ante 35
a1862fb0: posts the ante 35
42a90658: posts the ante 35
b40f3178: posts small blind 125
Hero: posts big blind 250
*** HOLE CARDS ***
Dealt to 42a90658 
Dealt to a1862fb0 
Dealt to 5334c897 
Dealt to b40f3178 
Dealt to Hero [4d 5s]
Dealt to 2afd118c 
2afd118c: folds
42a90658: folds
a1862fb0: folds
5334c897: folds
b40f3178: raises 500 to 750
Hero: calls 500
*** FLOP *** [Tc 9h 8d]
b40f3178: checks
Hero: checks
*** TURN *** [Tc 9h 8d] [9c]
b40f3178: bets 513
Hero: folds
Uncalled bet (513) returned to b40f3178
*** SHOWDOWN ***
b40f3178 collected 1,710 from pot
*** SUMMARY ***
Total pot 1,710 | Rake 0 | Jackpot 0 | Bingo 0 | Fortune 0 | Tax 0
Board [Tc 9h 8d 9c]
Seat 1: 42a90658 folded before Flop
Seat 2: a1862fb0 folded before Flop
Seat 3: 5334c897 (button) folded before Flop
Seat 4: b40f3178 (small blind) won (1,710)
Seat 5: Hero (big blind) folded on the Turn
Seat 6: 2afd118c folded before Flop


Poker Hand #TM5565587065: Tournament #262130177, Bounty Hunters Special $10.80 [6-Max] Hold'em No Limit - Level5(125/250(35)) - 2026/02/09 13:25:33
Table '24' 6-max Seat #2 is the button
Seat 1: 42a90658 (22,407 in chips)
Seat 2: a1862fb0 (9,250 in chips)
Seat 3: 5334c897 (9,175 in chips)
Seat 4: b40f3178 (3,719 in chips)
Seat 5: Hero (20,829 in chips)
Seat 6: 2afd118c (12,157 in chips)
Hero: posts the ante 35
b40f3178: posts the ante 35
2afd118c: posts the ante 35
5334c897: posts the ante 35
a1862fb0: posts the ante 35
42a90658: posts the ante 35
5334c897: posts small blind 125
b40f3178: posts big blind 250
*** HOLE CARDS ***
Dealt to 42a90658 
Dealt to a1862fb0 
Dealt to 5334c897 
Dealt to b40f3178 
Dealt to Hero [5d 5h]
Dealt to 2afd118c 
Hero: raises 250 to 500
2afd118c: folds
42a90658: folds
a1862fb0: folds
5334c897: folds
b40f3178: calls 250
*** FLOP *** [Jc 6h 2d]
b40f3178: checks
Hero: bets 441
b40f3178: folds
Uncalled bet (441) returned to Hero
*** SHOWDOWN ***
Hero collected 1,335 from pot
*** SUMMARY ***
Total pot 1,335 | Rake 0 | Jackpot 0 | Bingo 0 | Fortune 0 | Tax 0
Board [Jc 6h 2d]
Seat 1: 42a90658 folded before Flop
Seat 2: a1862fb0 (button) folded before Flop
Seat 3: 5334c897 (small blind) folded before Flop
Seat 4: b40f3178 (big blind) folded on the Flop
Seat 5: Hero won (1,335)
Seat 6: 2afd118c folded before Flop


Poker Hand #TM5565587047: Tournament #262130177, Bounty Hunters Special $10.80 [6-Max] Hold'em No Limit - Level4(100/200(30)) - 2026/02/09 13:24:19
Table '24' 6-max Seat #1 is the button
Seat 1: 42a90658 (22,437 in chips)
Seat 2: a1862fb0 (9,680 in chips)
Seat 3: 5334c897 (5,411 in chips)
Seat 4: b40f3178 (4,149 in chips)
Seat 5: Hero (23,673 in chips)
Seat 6: 2afd118c (12,187 in chips)
Hero: posts the ante 30
b40f3178: posts the ante 30
2afd118c: posts the ante 30
5334c897: posts the ante 30
42a90658: posts the ante 30
a1862fb0: posts the ante 30
a1862fb0: posts small blind 100
5334c897: posts big blind 200
*** HOLE CARDS ***
Dealt to 42a90658 
Dealt to a1862fb0 
Dealt to 5334c897 
Dealt to b40f3178 
Dealt to Hero [Qd Td]
Dealt to 2afd118c 
b40f3178: raises 200 to 400
Hero: calls 400
2afd118c: folds
42a90658: folds
a1862fb0: calls 300
5334c897: raises 1,100 to 1,500
b40f3178: folds
Hero: calls 1,100
a1862fb0: folds
*** FLOP *** [4s Kh 5d]
5334c897: checks
Hero: bets 1,314
5334c897: raises 2,567 to 3,881 and is all-in
Hero: folds
Uncalled bet (2,567) returned to 5334c897
*** SHOWDOWN ***
5334c897 collected 6,608 from pot
*** SUMMARY ***
Total pot 6,608 | Rake 0 | Jackpot 0 | Bingo 0 | Fortune 0 | Tax 0
Board [4s Kh 5d]
Seat 1: 42a90658 (button) folded before Flop
Seat 2: a1862fb0 (small blind) folded before Flop
Seat 3: 5334c897 (big blind) won (6,608)
Seat 4: b40f3178 folded before Flop
Seat 5: Hero folded on the Flop
Seat 6: 2afd118c folded before Flop


Poker Hand #TM5565587040: Tournament #262130177, Bounty Hunters Special $10.80 [6-Max] Hold'em No Limit - Level4(100/200(30)) - 2026/02/09 13:23:52
Table '24' 6-max Seat #6 is the button
Seat 1: 42a90658 (22,087 in chips)
Seat 2: a1862fb0 (9,910 in chips)
Seat 3: 5334c897 (5,441 in chips)
Seat 4: b40f3178 (4,179 in chips)
Seat 5: Hero (23,703 in chips)
Seat 6: 2afd118c (12,217 in chips)
Hero: posts the ante 30
b40f3178: posts the ante 30
2afd118c: posts the ante 30
5334c897: posts the ante 30
a1862fb0: posts the ante 30
42a90658: posts the ante 30
42a90658: posts small blind 100
a1862fb0: posts big blind 200
*** HOLE CARDS ***
Dealt to 42a90658 
Dealt to a1862fb0 
Dealt to 5334c897 
Dealt to b40f3178 
Dealt to Hero [9d 5s]
Dealt to 2afd118c 
5334c897: folds
b40f3178: folds
Hero: folds
2afd118c: folds
42a90658: raises 400 to 600
a1862fb0: folds
Uncalled bet (400) returned to 42a90658
*** SHOWDOWN ***
42a90658 collected 580 from pot
*** SUMMARY ***
Total pot 580 | Rake 0 | Jackpot 0 | Bingo 0 | Fortune 0 | Tax 0
Seat 1: 42a90658 (small blind) collected (580)
Seat 2: a1862fb0 (big blind) folded before Flop
Seat 3: 5334c897 folded before Flop
Seat 4: b40f3178 folded before Flop
Seat 5: Hero folded before Flop
Seat 6: 2afd118c (button) folded before Flop


Poker Hand #TM5565587033: Tournament #262130177, Bounty Hunters Special $10.80 [6-Max] Hold'em No Limit - Level4(100/200(30)) - 2026/02/09 13:23:20
Table '24' 6-max Seat #5 is the button
Seat 1: 42a90658 (22,317 in chips)
Seat 2: a1862fb0 (9,940 in chips)
Seat 3: 5334c897 (5,471 in chips)
Seat 4: b40f3178 (4,209 in chips)
Seat 5: Hero (23,253 in chips)
Seat 6: 2afd118c (12,347 in chips)
Hero: posts the ante 30
b40f3178: posts the ante 30
2afd118c: posts the ante 30
5334c897: posts the ante 30
a1862fb0: posts the ante 30
42a90658: posts the ante 30
2afd118c: posts small blind 100
42a90658: posts big blind 200
*** HOLE CARDS ***
Dealt to 42a90658 
Dealt to a1862fb0 
Dealt to 5334c897 
Dealt to b40f3178 
Dealt to Hero [Qc Qh]
Dealt to 2afd118c 
a1862fb0: folds
5334c897: folds
b40f3178: folds
Hero: raises 200 to 400
2afd118c: folds
42a90658: folds
Uncalled bet (200) returned to Hero
*** SHOWDOWN ***
Hero collected 680 from pot
*** SUMMARY ***
Total pot 680 | Rake 0 | Jackpot 0 | Bingo 0 | Fortune 0 | Tax 0
Seat 1: 42a90658 (big blind) folded before Flop
Seat 2: a1862fb0 folded before Flop
Seat 3: 5334c897 folded before Flop
Seat 4: b40f3178 folded before Flop
Seat 5: Hero (button) collected (680)
Seat 6: 2afd118c (small blind) folded before Flop


Poker Hand #TM5565587026: Tournament #262130177, Bounty Hunters Special $10.80 [6-Max] Hold'em No Limit - Level4(100/200(30)) - 2026/02/09 13:22:53
Table '24' 6-max Seat #4 is the button
Seat 1: 42a90658 (22,347 in chips)
Seat 2: a1862fb0 (9,970 in chips)
Seat 3: 5334c897 (5,501 in chips)
Seat 4: b40f3178 (4,639 in chips)
Seat 5: Hero (22,503 in chips)
Seat 6: 2afd118c (12,577 in chips)
Hero: posts the ante 30
b40f3178: posts the ante 30
2afd118c: posts the ante 30
5334c897: posts the ante 30
a1862fb0: posts the ante 30
42a90658: posts the ante 30
Hero: posts small blind 100
2afd118c: posts big blind 200
*** HOLE CARDS ***
Dealt to 42a90658 
Dealt to a1862fb0 
Dealt to 5334c897 
Dealt to b40f3178 
Dealt to Hero [Td As]
Dealt to 2afd118c 
42a90658: folds
a1862fb0: folds
5334c897: folds
b40f3178: raises 200 to 400
Hero: raises 1,580 to 1,980
2afd118c: folds
b40f3178: folds
Uncalled bet (1,580) returned to Hero
*** SHOWDOWN ***
Hero collected 1,180 from pot
*** SUMMARY ***
Total pot 1,180 | Rake 0 | Jackpot 0 | Bingo 0 | Fortune 0 | Tax 0
Seat 1: 42a90658 folded before Flop
Seat 2: a1862fb0 folded before Flop
Seat 3: 5334c897 folded before Flop
Seat 4: b40f3178 (button) folded before Flop
Seat 5: Hero (small blind) collected (1,180)
Seat 6: 2afd118c (big blind) folded before Flop


Poker Hand #TM5565587020: Tournament #262130177, Bounty Hunters Special $10.80 [6-Max] Hold'em No Limit - Level4(100/200(30)) - 2026/02/09 13:22:34
Table '24' 6-max Seat #3 is the button
Seat 1: 42a90658 (22,377 in chips)
Seat 2: a1862fb0 (10,000 in chips)
Seat 3: 5334c897 (5,051 in chips)
Seat 4: b40f3178 (4,769 in chips)
Seat 5: Hero (22,733 in chips)
Seat 6: 2afd118c (12,607 in chips)
Hero: posts the ante 30
b40f3178: posts the ante 30
2afd118c: posts the ante 30
5334c897: posts the ante 30
a1862fb0: posts the ante 30
42a90658: posts the ante 30
b40f3178: posts small blind 100
Hero: posts big blind 200
*** HOLE CARDS ***
Dealt to 42a90658 
Dealt to a1862fb0 
Dealt to 5334c897 
Dealt to b40f3178 
Dealt to Hero [2h Qc]
Dealt to 2afd118c 
2afd118c: folds
42a90658: folds
a1862fb0: folds
5334c897: raises 200 to 400
b40f3178: folds
Hero: folds
Uncalled bet (200) returned to 5334c897
*** SHOWDOWN ***
5334c897 collected 680 from pot
*** SUMMARY ***
Total pot 680 | Rake 0 | Jackpot 0 | Bingo 0 | Fortune 0 | Tax 0
Seat 1: 42a90658 folded before Flop
Seat 2: a1862fb0 folded before Flop
Seat 3: 5334c897 (button) collected (680)
Seat 4: b40f3178 (small blind) folded before Flop
Seat 5: Hero (big blind) folded before Flop
Seat 6: 2afd118c folded before Flop


Poker Hand #TM5565587015: Tournament #262130177, Bounty Hunters Special $10.80 [6-Max] Hold'em No Limit - Level4(100/200(30)) - 2026/02/09 13:22:09
Table '24' 6-max Seat #1 is the button
Seat 1: 42a90658 (22,407 in chips)
Seat 3: 5334c897 (5,181 in chips)
Seat 4: b40f3178 (5,399 in chips)
Seat 5: Hero (22,763 in chips)
Seat 6: 2afd118c (11,787 in chips)
Hero: posts the ante 30
b40f3178: posts the ante 30
2afd118c: posts the ante 30
5334c897: posts the ante 30
42a90658: posts the ante 30
5334c897: posts small blind 100
b40f3178: posts big blind 200
*** HOLE CARDS ***
Dealt to 42a90658 
Dealt to 5334c897 
Dealt to b40f3178 
Dealt to Hero [9c 6h]
Dealt to 2afd118c 
Hero: folds
2afd118c: raises 400 to 600
42a90658: folds
5334c897: folds
b40f3178: calls 400
*** FLOP *** [6c Jc Js]
b40f3178: checks
2afd118c: bets 1,088
b40f3178: folds
Uncalled bet (1,088) returned to 2afd118c
*** SHOWDOWN ***
2afd118c collected 1,450 from pot
*** SUMMARY ***
Total pot 1,450 | Rake 0 | Jackpot 0 | Bingo 0 | Fortune 0 | Tax 0
Board [6c Jc Js]
Seat 1: 42a90658 (button) folded before Flop
Seat 3: 5334c897 (small blind) folded before Flop
Seat 4: b40f3178 (big blind) folded on the Flop
Seat 5: Hero folded before Flop
Seat 6: 2afd118c won (1,450)


Poker Hand #TM5565586999: Tournament #262130177, Bounty Hunters Special $10.80 [6-Max] Hold'em No Limit - Level4(100/200(30)) - 2026/02/09 13:21:12
Table '24' 6-max Seat #6 is the button
Seat 1: 42a90658 (23,242 in chips)
Seat 3: 5334c897 (5,611 in chips)
Seat 4: b40f3178 (4,074 in chips)
Seat 5: Hero (22,793 in chips)
Seat 6: 2afd118c (11,817 in chips)
Hero: posts the ante 30
b40f3178: posts the ante 30
2afd118c: posts the ante 30
5334c897: posts the ante 30
42a90658: posts the ante 30
42a90658: posts small blind 100
5334c897: posts big blind 200
*** HOLE CARDS ***
Dealt to 42a90658 
Dealt to 5334c897 
Dealt to b40f3178 
Dealt to Hero [8h 2h]
Dealt to 2afd118c 
b40f3178: raises 200 to 400
Hero: folds
2afd118c: folds
42a90658: calls 300
5334c897: calls 200
*** FLOP *** [As Ks 3h]
42a90658: checks
5334c897: checks
b40f3178: bets 405
42a90658: calls 405
5334c897: folds
*** TURN *** [As Ks 3h] [5h]
42a90658: checks
b40f3178: checks
*** RIVER *** [As Ks 3h 5h] [5c]
42a90658: checks
b40f3178: checks
42a90658: shows [Qc Qd] (two pair, Queens and Fives)
b40f3178: shows [6c Kc] (two pair, Kings and Fives)
*** SHOWDOWN ***
b40f3178 collected 2,160 from pot
*** SUMMARY ***
Total pot 2,160 | Rake 0 | Jackpot 0 | Bingo 0 | Fortune 0 | Tax 0
Board [As Ks 3h 5h 5c]
Seat 1: 42a90658 (small blind) showed [Qc Qd] and lost with two pair, Queens and Fives
Seat 3: 5334c897 (big blind) folded on the Flop
Seat 4: b40f3178 showed [6c Kc] and won (2,160) with two pair, Kings and Fives
Seat 5: Hero folded before Flop
Seat 6: 2afd118c (button) folded before Flop


Poker Hand #TM5565586991: Tournament #262130177, Bounty Hunters Special $10.80 [6-Max] Hold'em No Limit - Level4(100/200(30)) - 2026/02/09 13:20:29
Table '24' 6-max Seat #5 is the button
Seat 1: 42a90658 (23,472 in chips)
Seat 2: 491ba8bc (14,670 in chips)
Seat 3: 5334c897 (6,141 in chips)
Seat 4: b40f3178 (4,104 in chips)
Seat 5: Hero (22,823 in chips)
Seat 6: 2afd118c (10,967 in chips)
Hero: posts the ante 30
b40f3178: posts the ante 30
2afd118c: posts the ante 30
5334c897: posts the ante 30
491ba8bc: posts the ante 30
42a90658: posts the ante 30
2afd118c: posts small blind 100
42a90658: posts big blind 200
*** HOLE CARDS ***
Dealt to 42a90658 
Dealt to 491ba8bc 
Dealt to 5334c897 
Dealt to b40f3178 
Dealt to Hero [Jd 8h]
Dealt to 2afd118c 
491ba8bc: folds
5334c897: raises 300 to 500
b40f3178: folds
Hero: folds
2afd118c: calls 400
42a90658: folds
*** FLOP *** [4h 9c 7s]
2afd118c: bets 690
5334c897: folds
Uncalled bet (690) returned to 2afd118c
*** SHOWDOWN ***
2afd118c collected 1,380 from pot
*** SUMMARY ***
Total pot 1,380 | Rake 0 | Jackpot 0 | Bingo 0 | Fortune 0 | Tax 0
Board [4h 9c 7s]
Seat 1: 42a90658 (big blind) folded before Flop
Seat 2: 491ba8bc folded before Flop
Seat 3: 5334c897 folded on the Flop
Seat 4: b40f3178 folded before Flop
Seat 5: Hero (button) folded before Flop
Seat 6: 2afd118c (small blind) won (1,380)


Poker Hand #TM5565586979: Tournament #262130177, Bounty Hunters Special $10.80 [6-Max] Hold'em No Limit - Level4(100/200(30)) - 2026/02/09 13:20:03
Table '24' 6-max Seat #4 is the button
Seat 1: 42a90658 (23,502 in chips)
Seat 2: 491ba8bc (14,700 in chips)
Seat 3: 5334c897 (5,691 in chips)
Seat 4: b40f3178 (4,134 in chips)
Seat 5: Hero (22,953 in chips)
Seat 6: 2afd118c (11,197 in chips)
Hero: posts the ante 30
b40f3178: posts the ante 30
2afd118c: posts the ante 30
5334c897: posts the ante 30
491ba8bc: posts the ante 30
42a90658: posts the ante 30
Hero: posts small blind 100
2afd118c: posts big blind 200
*** HOLE CARDS ***
Dealt to 42a90658 
Dealt to 491ba8bc 
Dealt to 5334c897 
Dealt to b40f3178 
Dealt to Hero [7c Qs]
Dealt to 2afd118c 
42a90658: folds
491ba8bc: folds
5334c897: raises 200 to 400
b40f3178: folds
Hero: folds
2afd118c: folds
Uncalled bet (200) returned to 5334c897
*** SHOWDOWN ***
5334c897 collected 680 from pot
*** SUMMARY ***
Total pot 680 | Rake 0 | Jackpot 0 | Bingo 0 | Fortune 0 | Tax 0
Seat 1: 42a90658 folded before Flop
Seat 2: 491ba8bc folded before Flop
Seat 3: 5334c897 collected (680)
Seat 4: b40f3178 (button) folded before Flop
Seat 5: Hero (small blind) folded before Flop
Seat 6: 2afd118c (big blind) folded before Flop


Poker Hand #TM5565586959: Tournament #262130177, Bounty Hunters Special $10.80 [6-Max] Hold'em No Limit - Level4(100/200(30)) - 2026/02/09 13:18:53
Table '24' 6-max Seat #3 is the button
Seat 1: 42a90658 (23,532 in chips)
Seat 2: 491ba8bc (14,730 in chips)
Seat 3: 5334c897 (5,721 in chips)
Seat 4: b40f3178 (4,264 in chips)
Seat 5: Hero (23,183 in chips)
Seat 6: 2afd118c (10,747 in chips)
Hero: posts the ante 30
b40f3178: posts the ante 30
2afd118c: posts the ante 30
5334c897: posts the ante 30
491ba8bc: posts the ante 30
42a90658: posts the ante 30
b40f3178: posts small blind 100
Hero: posts big blind 200
*** HOLE CARDS ***
Dealt to 42a90658 
Dealt to 491ba8bc 
Dealt to 5334c897 
Dealt to b40f3178 
Dealt to Hero [As Ah]
Dealt to 2afd118c 
2afd118c: raises 400 to 600
42a90658: folds
491ba8bc: folds
5334c897: folds
b40f3178: folds
Hero: folds
Uncalled bet (400) returned to 2afd118c
*** SHOWDOWN ***
2afd118c collected 680 from pot
*** SUMMARY ***
Total pot 680 | Rake 0 | Jackpot 0 | Bingo 0 | Fortune 0 | Tax 0
Seat 1: 42a90658 folded before Flop
Seat 2: 491ba8bc folded before Flop
Seat 3: 5334c897 (button) folded before Flop
Seat 4: b40f3178 (small blind) folded before Flop
Seat 5: Hero (big blind) folded before Flop
Seat 6: 2afd118c collected (680)


Poker Hand #TM5565586950: Tournament #262130177, Bounty Hunters Special $10.80 [6-Max] Hold'em No Limit - Level4(100/200(30)) - 2026/02/09 13:18:20
Table '24' 6-max Seat #2 is the button
Seat 1: 42a90658 (23,562 in chips)
Seat 2: 491ba8bc (14,280 in chips)
Seat 3: 5334c897 (5,851 in chips)
Seat 4: b40f3178 (4,494 in chips)
Seat 5: Hero (23,213 in chips)
Seat 6: 2afd118c (10,777 in chips)
Hero: posts the ante 30
b40f3178: posts the ante 30
2afd118c: posts the ante 30
5334c897: posts the ante 30
491ba8bc: posts the ante 30
42a90658: posts the ante 30
5334c897: posts small blind 100
b40f3178: posts big blind 200
*** HOLE CARDS ***
Dealt to 42a90658 
Dealt to 491ba8bc 
Dealt to 5334c897 
Dealt to b40f3178 
Dealt to Hero [4c 6d]
Dealt to 2afd118c 
Hero: folds
2afd118c: folds
42a90658: folds
491ba8bc: raises 200 to 400
5334c897: folds
b40f3178: folds
Uncalled bet (200) returned to 491ba8bc
*** SHOWDOWN ***
491ba8bc collected 680 from pot
*** SUMMARY ***
Total pot 680 | Rake 0 | Jackpot 0 | Bingo 0 | Fortune 0 | Tax 0
Seat 1: 42a90658 folded before Flop
Seat 2: 491ba8bc (button) collected (680)
Seat 3: 5334c897 (small blind) folded before Flop
Seat 4: b40f3178 (big blind) folded before Flop
Seat 5: Hero folded before Flop
Seat 6: 2afd118c folded before Flop


Poker Hand #TM5565586938: Tournament #262130177, Bounty Hunters Special $10.80 [6-Max] Hold'em No Limit - Level4(100/200(30)) - 2026/02/09 13:17:24
Table '24' 6-max Seat #1 is the button
Seat 1: 42a90658 (23,592 in chips)
Seat 2: 491ba8bc (9,270 in chips)
Seat 3: 5334c897 (10,741 in chips)
Seat 4: b40f3178 (4,524 in chips)
Seat 5: Hero (23,243 in chips)
Seat 6: 2afd118c (10,807 in chips)
Hero: posts the ante 30
b40f3178: posts the ante 30
2afd118c: posts the ante 30
5334c897: posts the ante 30
491ba8bc: posts the ante 30
42a90658: posts the ante 30
491ba8bc: posts small blind 100
5334c897: posts big blind 200
*** HOLE CARDS ***
Dealt to 42a90658 
Dealt to 491ba8bc 
Dealt to 5334c897 
Dealt to b40f3178 
Dealt to Hero [8d 5c]
Dealt to 2afd118c 
b40f3178: folds
Hero: folds
2afd118c: folds
42a90658: folds
491ba8bc: calls 100
5334c897: raises 700 to 900
491ba8bc: calls 700
*** FLOP *** [2h Td Qs]
491ba8bc: checks
5334c897: checks
*** TURN *** [2h Td Qs] [3s]
491ba8bc: bets 1,485
5334c897: calls 1,485
*** RIVER *** [2h Td Qs 3s] [6d]
491ba8bc: bets 2,475
5334c897: calls 2,475
491ba8bc: shows [Qd 7d] (a pair of Queens)
5334c897: shows [Ac Tc] (a pair of Tens)
*** SHOWDOWN ***
491ba8bc collected 9,900 from pot
*** SUMMARY ***
Total pot 9,900 | Rake 0 | Jackpot 0 | Bingo 0 | Fortune 0 | Tax 0
Board [2h Td Qs 3s 6d]
Seat 1: 42a90658 (button) folded before Flop
Seat 2: 491ba8bc (small blind) showed [Qd 7d] and won (9,900) with a pair of Queens
Seat 3: 5334c897 (big blind) showed [Ac Tc] and lost with a pair of Tens
Seat 4: b40f3178 folded before Flop
Seat 5: Hero folded before Flop
Seat 6: 2afd118c folded before Flop


Poker Hand #TM5565586928: Tournament #262130177, Bounty Hunters Special $10.80 [6-Max] Hold'em No Limit - Level4(100/200(30)) - 2026/02/09 13:16:42
Table '24' 6-max Seat #6 is the button
Seat 1: 42a90658 (24,022 in chips)
Seat 2: 491ba8bc (9,700 in chips)
Seat 3: 5334c897 (9,791 in chips)
Seat 4: b40f3178 (4,554 in chips)
Seat 5: Hero (23,273 in chips)
Seat 6: 2afd118c (10,837 in chips)
Hero: posts the ante 30
b40f3178: posts the ante 30
2afd118c: posts the ante 30
5334c897: posts the ante 30
491ba8bc: posts the ante 30
42a90658: posts the ante 30
42a90658: posts small blind 100
491ba8bc: posts big blind 200
*** HOLE CARDS ***
Dealt to 42a90658 
Dealt to 491ba8bc 
Dealt to 5334c897 
Dealt to b40f3178 
Dealt to Hero [Jd 2s]
Dealt to 2afd118c 
5334c897: raises 200 to 400
b40f3178: folds
Hero: folds
2afd118c: folds
42a90658: calls 300
491ba8bc: calls 200
*** FLOP *** [4c 3d 3s]
42a90658: checks
491ba8bc: checks
5334c897: bets 456
42a90658: folds
491ba8bc: folds
Uncalled bet (456) returned to 5334c897
*** SHOWDOWN ***
5334c897 collected 1,380 from pot
*** SUMMARY ***
Total pot 1,380 | Rake 0 | Jackpot 0 | Bingo 0 | Fortune 0 | Tax 0
Board [4c 3d 3s]
Seat 1: 42a90658 (small blind) folded on the Flop
Seat 2: 491ba8bc (big blind) folded on the Flop
Seat 3: 5334c897 won (1,380)
Seat 4: b40f3178 folded before Flop
Seat 5: Hero folded before Flop
Seat 6: 2afd118c (button) folded before Flop


Poker Hand #TM5565586904: Tournament #262130177, Bounty Hunters Special $10.80 [6-Max] Hold'em No Limit - Level4(100/200(30)) - 2026/02/09 13:15:37
Table '24' 6-max Seat #5 is the button
Seat 1: 42a90658 (26,584 in chips)
Seat 2: 491ba8bc (9,730 in chips)
Seat 3: 5334c897 (9,821 in chips)
Seat 4: b40f3178 (4,584 in chips)
Seat 5: Hero (23,303 in chips)
Seat 6: 2afd118c (8,155 in chips)
Hero: posts the ante 30
b40f3178: posts the ante 30
2afd118c: posts the ante 30
5334c897: posts the ante 30
491ba8bc: posts the ante 30
42a90658: posts the ante 30
2afd118c: posts small blind 100
42a90658: posts big blind 200
*** HOLE CARDS ***
Dealt to 42a90658 
Dealt to 491ba8bc 
Dealt to 5334c897 
Dealt to b40f3178 
Dealt to Hero [Th Jc]
Dealt to 2afd118c 
491ba8bc: folds
5334c897: folds
b40f3178: folds
Hero: folds
2afd118c: raises 400 to 600
42a90658: calls 400
*** FLOP *** [3h 2c 7h]
2afd118c: bets 690
42a90658: calls 690
*** TURN *** [3h 2c 7h] [4h]
2afd118c: checks
42a90658: bets 1,242
2afd118c: calls 1,242
*** RIVER *** [3h 2c 7h 4h] [6h]
2afd118c: bets 2,622
42a90658: folds
Uncalled bet (2,622) returned to 2afd118c
*** SHOWDOWN ***
2afd118c collected 5,244 from pot
*** SUMMARY ***
Total pot 5,244 | Rake 0 | Jackpot 0 | Bingo 0 | Fortune 0 | Tax 0
Board [3h 2c 7h 4h 6h]
Seat 1: 42a90658 (big blind) folded on the River
Seat 2: 491ba8bc folded before Flop
Seat 3: 5334c897 folded before Flop
Seat 4: b40f3178 folded before Flop
Seat 5: Hero (button) folded before Flop
Seat 6: 2afd118c (small blind) won (5,244)


Poker Hand #TM5565586885: Tournament #262130177, Bounty Hunters Special $10.80 [6-Max] Hold'em No Limit - Level4(100/200(30)) - 2026/02/09 13:14:30
Table '24' 6-max Seat #4 is the button
Seat 1: 42a90658 (26,614 in chips)
Seat 2: 491ba8bc (6,311 in chips)
Seat 3: 5334c897 (9,851 in chips)
Seat 4: b40f3178 (7,383 in chips)
Seat 5: Hero (23,433 in chips)
Seat 6: 2afd118c (8,585 in chips)
Hero: posts the ante 30
b40f3178: posts the ante 30
2afd118c: posts the ante 30
5334c897: posts the ante 30
491ba8bc: posts the ante 30
42a90658: posts the ante 30
Hero: posts small blind 100
2afd118c: posts big blind 200
*** HOLE CARDS ***
Dealt to 42a90658 
Dealt to 491ba8bc 
Dealt to 5334c897 
Dealt to b40f3178 
Dealt to Hero [6s 3c]
Dealt to 2afd118c 
42a90658: folds
491ba8bc: raises 200 to 400
5334c897: folds
b40f3178: calls 400
Hero: folds
2afd118c: calls 200
*** FLOP *** [Td Jh 2h]
2afd118c: checks
491ba8bc: bets 740
b40f3178: calls 740
2afd118c: folds
*** TURN *** [Td Jh 2h] [Tc]
491ba8bc: checks
b40f3178: bets 1,629
491ba8bc: calls 1,629
*** RIVER *** [Td Jh 2h Tc] [9s]
491ba8bc: bets 3,512 and is all-in
b40f3178: folds
Uncalled bet (3,512) returned to 491ba8bc
*** SHOWDOWN ***
491ba8bc collected 6,218 from pot
*** SUMMARY ***
Total pot 6,218 | Rake 0 | Jackpot 0 | Bingo 0 | Fortune 0 | Tax 0
Board [Td Jh 2h Tc 9s]
Seat 1: 42a90658 folded before Flop
Seat 2: 491ba8bc won (6,218)
Seat 3: 5334c897 folded before Flop
Seat 4: b40f3178 (button) folded on the River
Seat 5: Hero (small blind) folded before Flop
Seat 6: 2afd118c (big blind) folded on the Flop


Poker Hand #TM5565586875: Tournament #262130177, Bounty Hunters Special $10.80 [6-Max] Hold'em No Limit - Level4(100/200(30)) - 2026/02/09 13:13:55
Table '24' 6-max Seat #3 is the button
Seat 1: 42a90658 (26,644 in chips)
Seat 2: 491ba8bc (6,341 in chips)
Seat 3: 5334c897 (9,201 in chips)
Seat 4: b40f3178 (7,513 in chips)
Seat 5: Hero (23,863 in chips)
Seat 6: 2afd118c (8,615 in chips)
Hero: posts the ante 30
b40f3178: posts the ante 30
2afd118c: posts the ante 30
5334c897: posts the ante 30
491ba8bc: posts the ante 30
42a90658: posts the ante 30
b40f3178: posts small blind 100
Hero: posts big blind 200
*** HOLE CARDS ***
Dealt to 42a90658 
Dealt to 491ba8bc 
Dealt to 5334c897 
Dealt to b40f3178 
Dealt to Hero [8s 9h]
Dealt to 2afd118c 
2afd118c: folds
42a90658: folds
491ba8bc: folds
5334c897: raises 200 to 400
b40f3178: folds
Hero: calls 200
*** FLOP *** [Ad Kd Ts]
Hero: checks
5334c897: bets 357
Hero: folds
Uncalled bet (357) returned to 5334c897
*** SHOWDOWN ***
5334c897 collected 1,080 from pot
*** SUMMARY ***
Total pot 1,080 | Rake 0 | Jackpot 0 | Bingo 0 | Fortune 0 | Tax 0
Board [Ad Kd Ts]
Seat 1: 42a90658 folded before Flop
Seat 2: 491ba8bc folded before Flop
Seat 3: 5334c897 (button) won (1,080)
Seat 4: b40f3178 (small blind) folded before Flop
Seat 5: Hero (big blind) folded on the Flop
Seat 6: 2afd118c folded before Flop


Poker Hand #TM5565586868: Tournament #262130177, Bounty Hunters Special $10.80 [6-Max] Hold'em No Limit - Level4(100/200(30)) - 2026/02/09 13:13:29
Table '24' 6-max Seat #2 is the button
Seat 1: 42a90658 (26,674 in chips)
Seat 2: 491ba8bc (6,771 in chips)
Seat 3: 5334c897 (8,451 in chips)
Seat 4: b40f3178 (7,743 in chips)
Seat 5: Hero (23,893 in chips)
Seat 6: 2afd118c (8,645 in chips)
Hero: posts the ante 30
b40f3178: posts the ante 30
2afd118c: posts the ante 30
5334c897: posts the ante 30
491ba8bc: posts the ante 30
42a90658: posts the ante 30
5334c897: posts small blind 100
b40f3178: posts big blind 200
*** HOLE CARDS ***
Dealt to 42a90658 
Dealt to 491ba8bc 
Dealt to 5334c897 
Dealt to b40f3178 
Dealt to Hero [3s Ah]
Dealt to 2afd118c 
Hero: folds
2afd118c: folds
42a90658: folds
491ba8bc: raises 200 to 400
5334c897: raises 985 to 1,385
b40f3178: folds
491ba8bc: folds
Uncalled bet (985) returned to 5334c897
*** SHOWDOWN ***
5334c897 collected 1,180 from pot
*** SUMMARY ***
Total pot 1,180 | Rake 0 | Jackpot 0 | Bingo 0 | Fortune 0 | Tax 0
Seat 1: 42a90658 folded before Flop
Seat 2: 491ba8bc (button) folded before Flop
Seat 3: 5334c897 (small blind) collected (1,180)
Seat 4: b40f3178 (big blind) folded before Flop
Seat 5: Hero folded before Flop
Seat 6: 2afd118c folded before Flop


Poker Hand #TM5565586850: Tournament #262130177, Bounty Hunters Special $10.80 [6-Max] Hold'em No Limit - Level4(100/200(30)) - 2026/02/09 13:12:45
Table '24' 6-max Seat #1 is the button
Seat 1: 42a90658 (27,989 in chips)
Seat 2: 491ba8bc (5,136 in chips)
Seat 3: 5334c897 (8,681 in chips)
Seat 4: b40f3178 (7,773 in chips)
Seat 5: Hero (23,923 in chips)
Seat 6: 2afd118c (8,675 in chips)
Hero: posts the ante 30
b40f3178: posts the ante 30
2afd118c: posts the ante 30
5334c897: posts the ante 30
491ba8bc: posts the ante 30
42a90658: posts the ante 30
491ba8bc: posts small blind 100
5334c897: posts big blind 200
*** HOLE CARDS ***
Dealt to 42a90658 
Dealt to 491ba8bc 
Dealt to 5334c897 
Dealt to b40f3178 
Dealt to Hero [4s Ts]
Dealt to 2afd118c 
b40f3178: folds
Hero: folds
2afd118c: folds
42a90658: raises 200 to 400
491ba8bc: raises 885 to 1,285
5334c897: folds
42a90658: calls 885
*** FLOP *** [5s Th 7d]
491ba8bc: bets 3,821 and is all-in
42a90658: folds
Uncalled bet (3,821) returned to 491ba8bc
*** SHOWDOWN ***
491ba8bc collected 2,950 from pot
*** SUMMARY ***
Total pot 2,950 | Rake 0 | Jackpot 0 | Bingo 0 | Fortune 0 | Tax 0
Board [5s Th 7d]
Seat 1: 42a90658 (button) folded on the Flop
Seat 2: 491ba8bc (small blind) won (2,950)
Seat 3: 5334c897 (big blind) folded before Flop
Seat 4: b40f3178 folded before Flop
Seat 5: Hero folded before Flop
Seat 6: 2afd118c folded before Flop


Poker Hand #TM5565586834: Tournament #262130177, Bounty Hunters Special $10.80 [6-Max] Hold'em No Limit - Level3(75/150(20)) - 2026/02/09 13:11:50
Table '24' 6-max Seat #6 is the button
Seat 1: 42a90658 (26,411 in chips)
Seat 2: 491ba8bc (5,306 in chips)
Seat 3: 5334c897 (8,701 in chips)
Seat 4: b40f3178 (7,793 in chips)
Seat 5: Hero (23,943 in chips)
Seat 6: 2afd118c (10,023 in chips)
Hero: posts the ante 20
b40f3178: posts the ante 20
2afd118c: posts the ante 20
5334c897: posts the ante 20
491ba8bc: posts the ante 20
42a90658: posts the ante 20
42a90658: posts small blind 75
491ba8bc: posts big blind 150
*** HOLE CARDS ***
Dealt to 42a90658 
Dealt to 491ba8bc 
Dealt to 5334c897 
Dealt to b40f3178 
Dealt to Hero [7c Jc]
Dealt to 2afd118c 
5334c897: folds
b40f3178: folds
Hero: folds
2afd118c: raises 300 to 450
42a90658: calls 375
491ba8bc: folds
*** FLOP *** [Jd Td Qc]
42a90658: checks
2afd118c: bets 878
42a90658: raises 1,266 to 2,144
2afd118c: folds
Uncalled bet (1,266) returned to 42a90658
*** SHOWDOWN ***
42a90658 collected 2,926 from pot
*** SUMMARY ***
Total pot 2,926 | Rake 0 | Jackpot 0 | Bingo 0 | Fortune 0 | Tax 0
Board [Jd Td Qc]
Seat 1: 42a90658 (small blind) won (2,926)
Seat 2: 491ba8bc (big blind) folded before Flop
Seat 3: 5334c897 folded before Flop
Seat 4: b40f3178 folded before Flop
Seat 5: Hero folded before Flop
Seat 6: 2afd118c (button) folded on the Flop


Poker Hand #TM5565586828: Tournament #262130177, Bounty Hunters Special $10.80 [6-Max] Hold'em No Limit - Level3(75/150(20)) - 2026/02/09 13:11:27
Table '24' 6-max Seat #5 is the button
Seat 1: 42a90658 (26,581 in chips)
Seat 2: 491ba8bc (4,981 in chips)
Seat 3: 5334c897 (8,721 in chips)
Seat 4: b40f3178 (7,813 in chips)
Seat 5: Hero (23,963 in chips)
Seat 6: 2afd118c (10,118 in chips)
Hero: posts the ante 20
b40f3178: posts the ante 20
2afd118c: posts the ante 20
5334c897: posts the ante 20
491ba8bc: posts the ante 20
42a90658: posts the ante 20
2afd118c: posts small blind 75
42a90658: posts big blind 150
*** HOLE CARDS ***
Dealt to 42a90658 
Dealt to 491ba8bc 
Dealt to 5334c897 
Dealt to b40f3178 
Dealt to Hero [6h Qd]
Dealt to 2afd118c 
491ba8bc: raises 150 to 300
5334c897: folds
b40f3178: folds
Hero: folds
2afd118c: folds
42a90658: folds
Uncalled bet (150) returned to 491ba8bc
*** SHOWDOWN ***
491ba8bc collected 495 from pot
*** SUMMARY ***
Total pot 495 | Rake 0 | Jackpot 0 | Bingo 0 | Fortune 0 | Tax 0
Seat 1: 42a90658 (big blind) folded before Flop
Seat 2: 491ba8bc collected (495)
Seat 3: 5334c897 folded before Flop
Seat 4: b40f3178 folded before Flop
Seat 5: Hero (button) folded before Flop
Seat 6: 2afd118c (small blind) folded before Flop


Poker Hand #TM5565586819: Tournament #262130177, Bounty Hunters Special $10.80 [6-Max] Hold'em No Limit - Level3(75/150(20)) - 2026/02/09 13:10:53
Table '24' 6-max Seat #4 is the button
Seat 1: 42a90658 (26,601 in chips)
Seat 2: 491ba8bc (5,001 in chips)
Seat 3: 5334c897 (8,741 in chips)
Seat 4: b40f3178 (7,488 in chips)
Seat 5: Hero (24,058 in chips)
Seat 6: 2afd118c (10,288 in chips)
Hero: posts the ante 20
b40f3178: posts the ante 20
2afd118c: posts the ante 20
5334c897: posts the ante 20
491ba8bc: posts the ante 20
42a90658: posts the ante 20
Hero: posts small blind 75
2afd118c: posts big blind 150
*** HOLE CARDS ***
Dealt to 42a90658 
Dealt to 491ba8bc 
Dealt to 5334c897 
Dealt to b40f3178 
Dealt to Hero [2s Qs]
Dealt to 2afd118c 
42a90658: folds
491ba8bc: folds
5334c897: folds
b40f3178: raises 150 to 300
Hero: folds
2afd118c: folds
Uncalled bet (150) returned to b40f3178
*** SHOWDOWN ***
b40f3178 collected 495 from pot
*** SUMMARY ***
Total pot 495 | Rake 0 | Jackpot 0 | Bingo 0 | Fortune 0 | Tax 0
Seat 1: 42a90658 folded before Flop
Seat 2: 491ba8bc folded before Flop
Seat 3: 5334c897 folded before Flop
Seat 4: b40f3178 (button) collected (495)
Seat 5: Hero (small blind) folded before Flop
Seat 6: 2afd118c (big blind) folded before Flop


Poker Hand #TM5565586811: Tournament #262130177, Bounty Hunters Special $10.80 [6-Max] Hold'em No Limit - Level3(75/150(20)) - 2026/02/09 13:10:24
Table '24' 6-max Seat #3 is the button
Seat 1: 42a90658 (26,621 in chips)
Seat 2: 491ba8bc (4,526 in chips)
Seat 3: 5334c897 (8,761 in chips)
Seat 4: b40f3178 (7,583 in chips)
Seat 5: Hero (24,378 in chips)
Seat 6: 2afd118c (10,308 in chips)
Hero: posts the ante 20
b40f3178: posts the ante 20
2afd118c: posts the ante 20
5334c897: posts the ante 20
491ba8bc: posts the ante 20
42a90658: posts the ante 20
b40f3178: posts small blind 75
Hero: posts big blind 150
*** HOLE CARDS ***
Dealt to 42a90658 
Dealt to 491ba8bc 
Dealt to 5334c897 
Dealt to b40f3178 
Dealt to Hero [7c As]
Dealt to 2afd118c 
2afd118c: folds
42a90658: folds
491ba8bc: raises 150 to 300
5334c897: folds
b40f3178: folds
Hero: calls 150
*** FLOP *** [2d Qd Jh]
Hero: checks
491ba8bc: bets 263
Hero: folds
Uncalled bet (263) returned to 491ba8bc
*** SHOWDOWN ***
491ba8bc collected 795 from pot
*** SUMMARY ***
Total pot 795 | Rake 0 | Jackpot 0 | Bingo 0 | Fortune 0 | Tax 0
Board [2d Qd Jh]
Seat 1: 42a90658 folded before Flop
Seat 2: 491ba8bc won (795)
Seat 3: 5334c897 (button) folded before Flop
Seat 4: b40f3178 (small blind) folded before Flop
Seat 5: Hero (big blind) folded on the Flop
Seat 6: 2afd118c folded before Flop


Poker Hand #TM5565586791: Tournament #262130177, Bounty Hunters Special $10.80 [6-Max] Hold'em No Limit - Level3(75/150(20)) - 2026/02/09 13:09:24
Table '24' 6-max Seat #2 is the button
Seat 1: 42a90658 (24,646 in chips)
Seat 2: 491ba8bc (4,546 in chips)
Seat 3: 5334c897 (8,856 in chips)
Seat 4: b40f3178 (9,403 in chips)
Seat 5: Hero (24,398 in chips)
Seat 6: 2afd118c (10,328 in chips)
Hero: posts the ante 20
b40f3178: posts the ante 20
2afd118c: posts the ante 20
5334c897: posts the ante 20
491ba8bc: posts the ante 20
42a90658: posts the ante 20
5334c897: posts small blind 75
b40f3178: posts big blind 150
*** HOLE CARDS ***
Dealt to 42a90658 
Dealt to 491ba8bc 
Dealt to 5334c897 
Dealt to b40f3178 
Dealt to Hero [3c Ad]
Dealt to 2afd118c 
Hero: folds
2afd118c: folds
42a90658: raises 150 to 300
491ba8bc: folds
5334c897: folds
b40f3178: calls 150
*** FLOP *** [Qd Th 8d]
b40f3178: checks
42a90658: bets 300
b40f3178: raises 1,200 to 1,500
42a90658: raises 4,554 to 6,054
b40f3178: folds
Uncalled bet (4,554) returned to 42a90658
*** SHOWDOWN ***
42a90658 collected 3,795 from pot
*** SUMMARY ***
Total pot 3,795 | Rake 0 | Jackpot 0 | Bingo 0 | Fortune 0 | Tax 0
Board [Qd Th 8d]
Seat 1: 42a90658 won (3,795)
Seat 2: 491ba8bc (button) folded before Flop
Seat 3: 5334c897 (small blind) folded before Flop
Seat 4: b40f3178 (big blind) folded on the Flop
Seat 5: Hero folded before Flop
Seat 6: 2afd118c folded before Flop


Poker Hand #TM5565586775: Tournament #262130177, Bounty Hunters Special $10.80 [6-Max] Hold'em No Limit - Level3(75/150(20)) - 2026/02/09 13:08:17
Table '24' 6-max Seat #1 is the button
Seat 1: 42a90658 (24,666 in chips)
Seat 2: 491ba8bc (4,866 in chips)
Seat 3: 5334c897 (8,156 in chips)
Seat 4: b40f3178 (9,423 in chips)
Seat 5: Hero (24,718 in chips)
Seat 6: 2afd118c (10,348 in chips)
Hero: posts the ante 20
b40f3178: posts the ante 20
2afd118c: posts the ante 20
5334c897: posts the ante 20
491ba8bc: posts the ante 20
42a90658: posts the ante 20
491ba8bc: posts small blind 75
5334c897: posts big blind 150
*** HOLE CARDS ***
Dealt to 42a90658 
Dealt to 491ba8bc 
Dealt to 5334c897 
Dealt to b40f3178 
Dealt to Hero [Ad 7s]
Dealt to 2afd118c 
b40f3178: folds
Hero: raises 150 to 300
2afd118c: folds
42a90658: folds
491ba8bc: calls 225
5334c897: calls 150
*** FLOP *** [4s Qh Ks]
491ba8bc: checks
5334c897: bets 765
Hero: folds
491ba8bc: folds
Uncalled bet (765) returned to 5334c897
*** SHOWDOWN ***
5334c897 collected 1,020 from pot
*** SUMMARY ***
Total pot 1,020 | Rake 0 | Jackpot 0 | Bingo 0 | Fortune 0 | Tax 0
Board [4s Qh Ks]
Seat 1: 42a90658 (button) folded before Flop
Seat 2: 491ba8bc (small blind) folded on the Flop
Seat 3: 5334c897 (big blind) won (1,020)
Seat 4: b40f3178 folded before Flop
Seat 5: Hero folded on the Flop
Seat 6: 2afd118c folded before Flop


Poker Hand #TM5565586759: Tournament #262130177, Bounty Hunters Special $10.80 [6-Max] Hold'em No Limit - Level3(75/150(20)) - 2026/02/09 13:07:19
Table '24' 6-max Seat #6 is the button
Seat 1: 42a90658 (24,761 in chips)
Seat 2: 491ba8bc (5,036 in chips)
Seat 3: 5334c897 (8,788 in chips)
Seat 4: b40f3178 (8,486 in chips)
Seat 5: Hero (24,738 in chips)
Seat 6: 2afd118c (10,368 in chips)
Hero: posts the ante 20
b40f3178: posts the ante 20
2afd118c: posts the ante 20
5334c897: posts the ante 20
491ba8bc: posts the ante 20
42a90658: posts the ante 20
42a90658: posts small blind 75
491ba8bc: posts big blind 150
*** HOLE CARDS ***
Dealt to 42a90658 
Dealt to 491ba8bc 
Dealt to 5334c897 
Dealt to b40f3178 
Dealt to Hero [2h 7c]
Dealt to 2afd118c 
5334c897: raises 150 to 300
b40f3178: calls 300
Hero: folds
2afd118c: folds
42a90658: folds
491ba8bc: folds
*** FLOP *** [Kd 8d 3h]
5334c897: bets 312
b40f3178: calls 312
*** TURN *** [Kd 8d 3h] [Jd]
5334c897: checks
b40f3178: bets 1,413
5334c897: folds
Uncalled bet (1,413) returned to b40f3178
*** SHOWDOWN ***
b40f3178 collected 1,569 from pot
*** SUMMARY ***
Total pot 1,569 | Rake 0 | Jackpot 0 | Bingo 0 | Fortune 0 | Tax 0
Board [Kd 8d 3h Jd]
Seat 1: 42a90658 (small blind) folded before Flop
Seat 2: 491ba8bc (big blind) folded before Flop
Seat 3: 5334c897 folded on the Turn
Seat 4: b40f3178 won (1,569)
Seat 5: Hero folded before Flop
Seat 6: 2afd118c (button) folded before Flop


Poker Hand #TM5565586732: Tournament #262130177, Bounty Hunters Special $10.80 [6-Max] Hold'em No Limit - Level3(75/150(20)) - 2026/02/09 13:05:52
Table '24' 6-max Seat #5 is the button
Seat 1: 42a90658 (22,569 in chips)
Seat 2: 491ba8bc (5,356 in chips)
Seat 3: 5334c897 (10,000 in chips)
Seat 4: b40f3178 (8,506 in chips)
Seat 5: Hero (25,058 in chips)
Seat 6: 2afd118c (10,688 in chips)
Hero: posts the ante 20
b40f3178: posts the ante 20
2afd118c: posts the ante 20
5334c897: posts the ante 20
491ba8bc: posts the ante 20
42a90658: posts the ante 20
2afd118c: posts small blind 75
42a90658: posts big blind 150
*** HOLE CARDS ***
Dealt to 42a90658 
Dealt to 491ba8bc 
Dealt to 5334c897 
Dealt to b40f3178 
Dealt to Hero [6c Ac]
Dealt to 2afd118c 
491ba8bc: raises 150 to 300
5334c897: calls 300
b40f3178: folds
Hero: calls 300
2afd118c: calls 225
42a90658: calls 150
*** FLOP *** [4h 2d 7h]
2afd118c: checks
42a90658: checks
491ba8bc: checks
5334c897: checks
Hero: checks
*** TURN *** [4h 2d 7h] [4d]
2afd118c: checks
42a90658: bets 892
491ba8bc: folds
5334c897: calls 892
Hero: folds
2afd118c: folds
*** RIVER *** [4h 2d 7h 4d] [Jh]
42a90658: bets 2,132
5334c897: folds
Uncalled bet (2,132) returned to 42a90658
*** SHOWDOWN ***
42a90658 collected 3,404 from pot
*** SUMMARY ***
Total pot 3,404 | Rake 0 | Jackpot 0 | Bingo 0 | Fortune 0 | Tax 0
Board [4h 2d 7h 4d Jh]
Seat 1: 42a90658 (big blind) won (3,404)
Seat 2: 491ba8bc folded on the Turn
Seat 3: 5334c897 folded on the River
Seat 4: b40f3178 folded before Flop
Seat 5: Hero (button) folded on the Turn
Seat 6: 2afd118c (small blind) folded on the Turn


Poker Hand #TM5565586718: Tournament #262130177, Bounty Hunters Special $10.80 [6-Max] Hold'em No Limit - Level3(75/150(20)) - 2026/02/09 13:04:57
Table '24' 6-max Seat #4 is the button
Seat 1: 42a90658 (22,589 in chips)
Seat 2: 491ba8bc (5,376 in chips)
Seat 4: b40f3178 (9,408 in chips)
Seat 5: Hero (25,153 in chips)
Seat 6: 2afd118c (9,651 in chips)
Hero: posts the ante 20
b40f3178: posts the ante 20
2afd118c: posts the ante 20
491ba8bc: posts the ante 20
42a90658: posts the ante 20
Hero: posts small blind 75
2afd118c: posts big blind 150
*** HOLE CARDS ***
Dealt to 42a90658 
Dealt to 491ba8bc 
Dealt to b40f3178 
Dealt to Hero [4c 2c]
Dealt to 2afd118c 
42a90658: folds
491ba8bc: folds
b40f3178: raises 150 to 300
Hero: folds
2afd118c: calls 150
*** FLOP *** [8c 9c 4d]
2afd118c: bets 582
b40f3178: calls 582
*** TURN *** [8c 9c 4d] [Ah]
2afd118c: bets 970
b40f3178: folds
Uncalled bet (970) returned to 2afd118c
*** SHOWDOWN ***
2afd118c collected 1,939 from pot
*** SUMMARY ***
Total pot 1,939 | Rake 0 | Jackpot 0 | Bingo 0 | Fortune 0 | Tax 0
Board [8c 9c 4d Ah]
Seat 1: 42a90658 folded before Flop
Seat 2: 491ba8bc folded before Flop
Seat 4: b40f3178 (button) folded on the Turn
Seat 5: Hero (small blind) folded before Flop
Seat 6: 2afd118c (big blind) won (1,939)


Poker Hand #TM5565586694: Tournament #262130177, Bounty Hunters Special $10.80 [6-Max] Hold'em No Limit - Level3(75/150(20)) - 2026/02/09 13:03:44
Table '24' 6-max Seat #3 is the button
Seat 1: 42a90658 (22,609 in chips)
Seat 2: 491ba8bc (5,396 in chips)
Seat 3: 63582407 (2,388 in chips)
Seat 4: b40f3178 (9,503 in chips)
Seat 5: Hero (22,610 in chips)
Seat 6: 2afd118c (9,671 in chips)
Hero: posts the ante 20
b40f3178: posts the ante 20
2afd118c: posts the ante 20
63582407: posts the ante 20
491ba8bc: posts the ante 20
42a90658: posts the ante 20
b40f3178: posts small blind 75
Hero: posts big blind 150
*** HOLE CARDS ***
Dealt to 42a90658 
Dealt to 491ba8bc 
Dealt to 63582407 
Dealt to b40f3178 
Dealt to Hero [9h 7s]
Dealt to 2afd118c 
2afd118c: folds
42a90658: folds
491ba8bc: folds
63582407: raises 2,218 to 2,368 and is all-in
b40f3178: folds
Hero: calls 2,218
63582407: shows [7h As]
Hero: shows [9h 7s]
*** FLOP *** [6h Jh 5c]
*** TURN *** [6h Jh 5c] [Tc]
*** RIVER *** [6h Jh 5c Tc] [8s]
*** SHOWDOWN ***
Hero collected 4,931 from pot
*** SUMMARY ***
Total pot 4,931 | Rake 0 | Jackpot 0 | Bingo 0 | Fortune 0 | Tax 0
Board [6h Jh 5c Tc 8s]
Seat 1: 42a90658 folded before Flop
Seat 2: 491ba8bc folded before Flop
Seat 3: 63582407 (button) showed [7h As] and lost with Ace high
Seat 4: b40f3178 (small blind) folded before Flop
Seat 5: Hero (big blind) showed [9h 7s] and won (4,931) with a straight, Jack to Seven
Seat 6: 2afd118c folded before Flop


Poker Hand #TM5565586684: Tournament #262130177, Bounty Hunters Special $10.80 [6-Max] Hold'em No Limit - Level3(75/150(20)) - 2026/02/09 13:03:06
Table '24' 6-max Seat #2 is the button
Seat 1: 42a90658 (22,629 in chips)
Seat 2: 491ba8bc (5,416 in chips)
Seat 3: 63582407 (2,483 in chips)
Seat 4: b40f3178 (9,328 in chips)
Seat 5: Hero (22,630 in chips)
Seat 6: 2afd118c (9,691 in chips)
Hero: posts the ante 20
b40f3178: posts the ante 20
2afd118c: posts the ante 20
491ba8bc: posts the ante 20
63582407: posts the ante 20
42a90658: posts the ante 20
63582407: posts small blind 75
b40f3178: posts big blind 150
*** HOLE CARDS ***
Dealt to 42a90658 
Dealt to 491ba8bc 
Dealt to 63582407 
Dealt to b40f3178 
Dealt to Hero [2h 4d]
Dealt to 2afd118c 
Hero: folds
2afd118c: folds
42a90658: folds
491ba8bc: folds
63582407: folds
Uncalled bet (75) returned to b40f3178
*** SHOWDOWN ***
b40f3178 collected 270 from pot
*** SUMMARY ***
Total pot 270 | Rake 0 | Jackpot 0 | Bingo 0 | Fortune 0 | Tax 0
Seat 1: 42a90658 folded before Flop
Seat 2: 491ba8bc (button) folded before Flop
Seat 3: 63582407 (small blind) folded before Flop
Seat 4: b40f3178 (big blind) collected (270)
Seat 5: Hero folded before Flop
Seat 6: 2afd118c folded before Flop


Poker Hand #TM5565586674: Tournament #262130177, Bounty Hunters Special $10.80 [6-Max] Hold'em No Limit - Level3(75/150(20)) - 2026/02/09 13:02:33
Table '24' 6-max Seat #1 is the button
Seat 1: 42a90658 (22,649 in chips)
Seat 2: 491ba8bc (5,511 in chips)
Seat 3: 63582407 (2,308 in chips)
Seat 4: b40f3178 (9,348 in chips)
Seat 5: Hero (22,650 in chips)
Seat 6: 2afd118c (9,711 in chips)
Hero: posts the ante 20
b40f3178: posts the ante 20
2afd118c: posts the ante 20
63582407: posts the ante 20
491ba8bc: posts the ante 20
42a90658: posts the ante 20
491ba8bc: posts small blind 75
63582407: posts big blind 150
*** HOLE CARDS ***
Dealt to 42a90658 
Dealt to 491ba8bc 
Dealt to 63582407 
Dealt to b40f3178 
Dealt to Hero [5s 8s]
Dealt to 2afd118c 
b40f3178: folds
Hero: folds
2afd118c: folds
42a90658: folds
491ba8bc: folds
Uncalled bet (75) returned to 63582407
*** SHOWDOWN ***
63582407 collected 270 from pot
*** SUMMARY ***
Total pot 270 | Rake 0 | Jackpot 0 | Bingo 0 | Fortune 0 | Tax 0
Seat 1: 42a90658 (button) folded before Flop
Seat 2: 491ba8bc (small blind) folded before Flop
Seat 3: 63582407 (big blind) collected (270)
Seat 4: b40f3178 folded before Flop
Seat 5: Hero folded before Flop
Seat 6: 2afd118c folded before Flop


Poker Hand #TM5565586651: Tournament #262130177, Bounty Hunters Special $10.80 [6-Max] Hold'em No Limit - Level3(75/150(20)) - 2026/02/09 13:01:30
Table '24' 6-max Seat #6 is the button
Seat 1: 42a90658 (22,744 in chips)
Seat 2: 491ba8bc (5,336 in chips)
Seat 3: 63582407 (2,328 in chips)
Seat 4: b40f3178 (9,368 in chips)
Seat 5: Hero (22,670 in chips)
Seat 6: 2afd118c (9,731 in chips)
Hero: posts the ante 20
b40f3178: posts the ante 20
2afd118c: posts the ante 20
63582407: posts the ante 20
491ba8bc: posts the ante 20
42a90658: posts the ante 20
42a90658: posts small blind 75
491ba8bc: posts big blind 150
*** HOLE CARDS ***
Dealt to 42a90658 
Dealt to 491ba8bc 
Dealt to 63582407 
Dealt to b40f3178 
Dealt to Hero [9d Kh]
Dealt to 2afd118c 
63582407: folds
b40f3178: folds
Hero: folds
2afd118c: folds
42a90658: folds
Uncalled bet (75) returned to 491ba8bc
*** SHOWDOWN ***
491ba8bc collected 270 from pot
*** SUMMARY ***
Total pot 270 | Rake 0 | Jackpot 0 | Bingo 0 | Fortune 0 | Tax 0
Seat 1: 42a90658 (small blind) folded before Flop
Seat 2: 491ba8bc (big blind) collected (270)
Seat 3: 63582407 folded before Flop
Seat 4: b40f3178 folded before Flop
Seat 5: Hero folded before Flop
Seat 6: 2afd118c (button) folded before Flop


Poker Hand #TM5565586626: Tournament #262130177, Bounty Hunters Special $10.80 [6-Max] Hold'em No Limit - Level3(75/150(20)) - 2026/02/09 12:54:25
Table '24' 6-max Seat #5 is the button
Seat 1: 42a90658 (22,914 in chips)
Seat 2: 491ba8bc (5,356 in chips)
Seat 3: 63582407 (2,348 in chips)
Seat 4: b40f3178 (10,000 in chips)
Seat 5: Hero (21,733 in chips)
Seat 6: 2afd118c (9,826 in chips)
Hero: posts the ante 20
b40f3178: posts the ante 20
2afd118c: posts the ante 20
63582407: posts the ante 20
491ba8bc: posts the ante 20
42a90658: posts the ante 20
2afd118c: posts small blind 75
42a90658: posts big blind 150
*** HOLE CARDS ***
Dealt to 42a90658 
Dealt to 491ba8bc 
Dealt to 63582407 
Dealt to b40f3178 
Dealt to Hero [Qc 6c]
Dealt to 2afd118c 
491ba8bc: folds
63582407: folds
b40f3178: raises 150 to 300
Hero: calls 300
2afd118c: folds
42a90658: folds
*** FLOP *** [7h 3c Ad]
b40f3178: checks
Hero: bets 312
b40f3178: calls 312
*** TURN *** [7h 3c Ad] [Qd]
b40f3178: checks
Hero: bets 935
b40f3178: folds
Uncalled bet (935) returned to Hero
*** SHOWDOWN ***
Hero collected 1,569 from pot
*** SUMMARY ***
Total pot 1,569 | Rake 0 | Jackpot 0 | Bingo 0 | Fortune 0 | Tax 0
Board [7h 3c Ad Qd]
Seat 1: 42a90658 (big blind) folded before Flop
Seat 2: 491ba8bc folded before Flop
Seat 3: 63582407 folded before Flop
Seat 4: b40f3178 folded on the Turn
Seat 5: Hero (button) won (1,569)
Seat 6: 2afd118c (small blind) folded before Flop


Poker Hand #TM5565586605: Tournament #262130177, Bounty Hunters Special $10.80 [6-Max] Hold'em No Limit - Level2(60/120(18)) - 2026/02/09 12:53:28
Table '24' 6-max Seat #3 is the button
Seat 1: 42a90658 (22,932 in chips)
Seat 2: 491ba8bc (5,374 in chips)
Seat 3: 63582407 (1,768 in chips)
Seat 5: Hero (21,811 in chips)
Seat 6: 2afd118c (10,292 in chips)
Hero: posts the ante 18
2afd118c: posts the ante 18
63582407: posts the ante 18
491ba8bc: posts the ante 18
42a90658: posts the ante 18
Hero: posts small blind 60
2afd118c: posts big blind 120
*** HOLE CARDS ***
Dealt to 42a90658 
Dealt to 491ba8bc 
Dealt to 63582407 
Dealt to Hero [3s 6c]
Dealt to 2afd118c 
42a90658: folds
491ba8bc: folds
63582407: raises 120 to 240
Hero: folds
2afd118c: calls 120
*** FLOP *** [Qd Jd Kc]
2afd118c: checks
63582407: bets 208
2afd118c: calls 208
*** TURN *** [Qd Jd Kc] [Tc]
2afd118c: checks
63582407: bets 1,302 and is all-in
2afd118c: folds
Uncalled bet (1,302) returned to 63582407
*** SHOWDOWN ***
63582407 collected 1,046 from pot
*** SUMMARY ***
Total pot 1,046 | Rake 0 | Jackpot 0 | Bingo 0 | Fortune 0 | Tax 0
Board [Qd Jd Kc Tc]
Seat 1: 42a90658 folded before Flop
Seat 2: 491ba8bc folded before Flop
Seat 3: 63582407 (button) won (1,046)
Seat 5: Hero (small blind) folded before Flop
Seat 6: 2afd118c (big blind) folded on the Turn


Poker Hand #TM5565586558: Tournament #262130177, Bounty Hunters Special $10.80 [6-Max] Hold'em No Limit - Level2(60/120(18)) - 2026/02/09 12:50:44
Table '24' 6-max Seat #2 is the button
Seat 1: 42a90658 (11,379 in chips)
Seat 2: 491ba8bc (5,392 in chips)
Seat 3: 63582407 (13,147 in chips)
Seat 5: Hero (21,949 in chips)
Seat 6: 2afd118c (10,310 in chips)
Hero: posts the ante 18
2afd118c: posts the ante 18
491ba8bc: posts the ante 18
63582407: posts the ante 18
42a90658: posts the ante 18
63582407: posts small blind 60
Hero: posts big blind 120
*** HOLE CARDS ***
Dealt to 42a90658 
Dealt to 491ba8bc 
Dealt to 63582407 
Dealt to Hero [Kd 4c]
Dealt to 2afd118c 
2afd118c: folds
42a90658: raises 120 to 240
491ba8bc: folds
63582407: raises 993 to 1,233
Hero: folds
42a90658: calls 993
*** FLOP *** [Jh 2h 5d]
63582407: bets 589
42a90658: calls 589
*** TURN *** [Jh 2h 5d] [Kh]
63582407: bets 2,280
42a90658: raises 2,777 to 5,057
63582407: calls 2,777
*** RIVER *** [Jh 2h 5d Kh] [3c]
63582407: bets 6,250 and is all-in
42a90658: calls 4,482 and is all-in
Uncalled bet (1,768) returned to 63582407
63582407: shows [Qd Ah] (Ace high)
42a90658: shows [9h Th] (a flush King high)
*** SHOWDOWN ***
42a90658 collected 22,932 from pot
*** SUMMARY ***
Total pot 22,932 | Rake 0 | Jackpot 0 | Bingo 0 | Fortune 0 | Tax 0
Board [Jh 2h 5d Kh 3c]
Seat 1: 42a90658 showed [9h Th] and won (22,932) with a flush King high
Seat 2: 491ba8bc (button) folded before Flop
Seat 3: 63582407 (small blind) showed [Qd Ah] and lost with Ace high
Seat 5: Hero (big blind) folded before Flop
Seat 6: 2afd118c folded before Flop


Poker Hand #TM5565586547: Tournament #262130177, Bounty Hunters Special $10.80 [6-Max] Hold'em No Limit - Level2(60/120(18)) - 2026/02/09 12:50:02
Table '24' 6-max Seat #1 is the button
Seat 1: 42a90658 (10,629 in chips)
Seat 2: 491ba8bc (5,470 in chips)
Seat 3: 63582407 (13,285 in chips)
Seat 4: 306ba557 (9,471 in chips)
Seat 5: Hero (22,207 in chips)
Seat 6: 2afd118c (10,328 in chips)
Hero: posts the ante 18
306ba557: posts the ante 18
2afd118c: posts the ante 18
63582407: posts the ante 18
491ba8bc: posts the ante 18
42a90658: posts the ante 18
491ba8bc: posts small blind 60
63582407: posts big blind 120
*** HOLE CARDS ***
Dealt to 42a90658 
Dealt to 491ba8bc 
Dealt to 63582407 
Dealt to 306ba557 
Dealt to Hero [9d 8d]
Dealt to 2afd118c 
306ba557: raises 120 to 240
Hero: calls 240
2afd118c: folds
42a90658: raises 1,035 to 1,275
491ba8bc: folds
63582407: folds
306ba557: folds
Hero: folds
Uncalled bet (1,035) returned to 42a90658
*** SHOWDOWN ***
42a90658 collected 1,008 from pot
*** SUMMARY ***
Total pot 1,008 | Rake 0 | Jackpot 0 | Bingo 0 | Fortune 0 | Tax 0
Seat 1: 42a90658 (button) collected (1,008)
Seat 2: 491ba8bc (small blind) folded before Flop
Seat 3: 63582407 (big blind) folded before Flop
Seat 4: 306ba557 folded before Flop
Seat 5: Hero folded before Flop
Seat 6: 2afd118c folded before Flop


Poker Hand #TM5565586534: Tournament #262130177, Bounty Hunters Special $10.80 [6-Max] Hold'em No Limit - Level2(60/120(18)) - 2026/02/09 12:49:15
Table '24' 6-max Seat #6 is the button
Seat 1: 42a90658 (10,707 in chips)
Seat 2: 491ba8bc (5,728 in chips)
Seat 3: 63582407 (13,303 in chips)
Seat 4: 306ba557 (9,081 in chips)
Seat 5: Hero (22,225 in chips)
Seat 6: 2afd118c (10,346 in chips)
Hero: posts the ante 18
306ba557: posts the ante 18
2afd118c: posts the ante 18
63582407: posts the ante 18
491ba8bc: posts the ante 18
42a90658: posts the ante 18
42a90658: posts small blind 60
491ba8bc: posts big blind 120
*** HOLE CARDS ***
Dealt to 42a90658 
Dealt to 491ba8bc 
Dealt to 63582407 
Dealt to 306ba557 
Dealt to Hero [Kd 3h]
Dealt to 2afd118c 
63582407: folds
306ba557: raises 120 to 240
Hero: folds
2afd118c: folds
42a90658: folds
491ba8bc: calls 120
*** FLOP *** [9s 9c 8c]
491ba8bc: checks
306ba557: checks
*** TURN *** [9s 9c 8c] [7s]
491ba8bc: checks
306ba557: bets 240
491ba8bc: folds
Uncalled bet (240) returned to 306ba557
*** SHOWDOWN ***
306ba557 collected 648 from pot
*** SUMMARY ***
Total pot 648 | Rake 0 | Jackpot 0 | Bingo 0 | Fortune 0 | Tax 0
Board [9s 9c 8c 7s]
Seat 1: 42a90658 (small blind) folded before Flop
Seat 2: 491ba8bc (big blind) folded on the Turn
Seat 3: 63582407 folded before Flop
Seat 4: 306ba557 won (648)
Seat 5: Hero folded before Flop
Seat 6: 2afd118c (button) folded before Flop


Poker Hand #TM5565586528: Tournament #262130177, Bounty Hunters Special $10.80 [6-Max] Hold'em No Limit - Level2(60/120(18)) - 2026/02/09 12:48:55
Table '24' 6-max Seat #5 is the button
Seat 1: 42a90658 (10,845 in chips)
Seat 2: 491ba8bc (5,746 in chips)
Seat 3: 63582407 (13,033 in chips)
Seat 4: 306ba557 (9,099 in chips)
Seat 5: Hero (22,243 in chips)
Seat 6: 2afd118c (10,424 in chips)
Hero: posts the ante 18
306ba557: posts the ante 18
2afd118c: posts the ante 18
63582407: posts the ante 18
491ba8bc: posts the ante 18
42a90658: posts the ante 18
2afd118c: posts small blind 60
42a90658: posts big blind 120
*** HOLE CARDS ***
Dealt to 42a90658 
Dealt to 491ba8bc 
Dealt to 63582407 
Dealt to 306ba557 
Dealt to Hero [4d 6d]
Dealt to 2afd118c 
491ba8bc: folds
63582407: raises 120 to 240
306ba557: folds
Hero: folds
2afd118c: folds
42a90658: folds
Uncalled bet (120) returned to 63582407
*** SHOWDOWN ***
63582407 collected 408 from pot
*** SUMMARY ***
Total pot 408 | Rake 0 | Jackpot 0 | Bingo 0 | Fortune 0 | Tax 0
Seat 1: 42a90658 (big blind) folded before Flop
Seat 2: 491ba8bc folded before Flop
Seat 3: 63582407 collected (408)
Seat 4: 306ba557 folded before Flop
Seat 5: Hero (button) folded before Flop
Seat 6: 2afd118c (small blind) folded before Flop


Poker Hand #TM5565586524: Tournament #262130177, Bounty Hunters Special $10.80 [6-Max] Hold'em No Limit - Level2(60/120(18)) - 2026/02/09 12:48:35
Table '24' 6-max Seat #4 is the button
Seat 1: 42a90658 (10,863 in chips)
Seat 2: 491ba8bc (5,764 in chips)
Seat 3: 63582407 (12,763 in chips)
Seat 4: 306ba557 (9,117 in chips)
Seat 5: Hero (22,321 in chips)
Seat 6: 2afd118c (10,562 in chips)
Hero: posts the ante 18
306ba557: posts the ante 18
2afd118c: posts the ante 18
63582407: posts the ante 18
491ba8bc: posts the ante 18
42a90658: posts the ante 18
Hero: posts small blind 60
2afd118c: posts big blind 120
*** HOLE CARDS ***
Dealt to 42a90658 
Dealt to 491ba8bc 
Dealt to 63582407 
Dealt to 306ba557 
Dealt to Hero [2c 5h]
Dealt to 2afd118c 
42a90658: folds
491ba8bc: folds
63582407: raises 120 to 240
306ba557: folds
Hero: folds
2afd118c: folds
Uncalled bet (120) returned to 63582407
*** SHOWDOWN ***
63582407 collected 408 from pot
*** SUMMARY ***
Total pot 408 | Rake 0 | Jackpot 0 | Bingo 0 | Fortune 0 | Tax 0
Seat 1: 42a90658 folded before Flop
Seat 2: 491ba8bc folded before Flop
Seat 3: 63582407 collected (408)
Seat 4: 306ba557 (button) folded before Flop
Seat 5: Hero (small blind) folded before Flop
Seat 6: 2afd118c (big blind) folded before Flop


Poker Hand #TM5565586505: Tournament #262130177, Bounty Hunters Special $10.80 [6-Max] Hold'em No Limit - Level2(60/120(18)) - 2026/02/09 12:47:34
Table '24' 6-max Seat #3 is the button
Seat 1: 42a90658 (10,881 in chips)
Seat 2: 491ba8bc (6,660 in chips)
Seat 3: 63582407 (11,615 in chips)
Seat 4: 306ba557 (9,195 in chips)
Seat 5: Hero (22,459 in chips)
Seat 6: 2afd118c (10,580 in chips)
Hero: posts the ante 18
306ba557: posts the ante 18
2afd118c: posts the ante 18
63582407: posts the ante 18
491ba8bc: posts the ante 18
42a90658: posts the ante 18
306ba557: posts small blind 60
Hero: posts big blind 120
*** HOLE CARDS ***
Dealt to 42a90658 
Dealt to 491ba8bc 
Dealt to 63582407 
Dealt to 306ba557 
Dealt to Hero [7s Th]
Dealt to 2afd118c 
2afd118c: folds
42a90658: folds
491ba8bc: raises 120 to 240
63582407: raises 638 to 878
306ba557: folds
Hero: folds
491ba8bc: calls 638
*** FLOP *** [Qs 4c 9h]
491ba8bc: checks
63582407: bets 675
491ba8bc: folds
Uncalled bet (675) returned to 63582407
*** SHOWDOWN ***
63582407 collected 2,044 from pot
*** SUMMARY ***
Total pot 2,044 | Rake 0 | Jackpot 0 | Bingo 0 | Fortune 0 | Tax 0
Board [Qs 4c 9h]
Seat 1: 42a90658 folded before Flop
Seat 2: 491ba8bc folded on the Flop
Seat 3: 63582407 (button) won (2,044)
Seat 4: 306ba557 (small blind) folded before Flop
Seat 5: Hero (big blind) folded before Flop
Seat 6: 2afd118c folded before Flop


Poker Hand #TM5565586488: Tournament #262130177, Bounty Hunters Special $10.80 [6-Max] Hold'em No Limit - Level2(60/120(18)) - 2026/02/09 12:46:51
Table '24' 6-max Seat #2 is the button
Seat 1: 42a90658 (10,899 in chips)
Seat 2: 491ba8bc (6,678 in chips)
Seat 3: 63582407 (11,693 in chips)
Seat 4: 306ba557 (9,333 in chips)
Seat 5: Hero (22,189 in chips)
Seat 6: 2afd118c (10,598 in chips)
Hero: posts the ante 18
306ba557: posts the ante 18
2afd118c: posts the ante 18
491ba8bc: posts the ante 18
63582407: posts the ante 18
42a90658: posts the ante 18
63582407: posts small blind 60
306ba557: posts big blind 120
*** HOLE CARDS ***
Dealt to 42a90658 
Dealt to 491ba8bc 
Dealt to 63582407 
Dealt to 306ba557 
Dealt to Hero [Qs Ah]
Dealt to 2afd118c 
Hero: raises 120 to 240
2afd118c: folds
42a90658: folds
491ba8bc: folds
63582407: folds
306ba557: folds
Uncalled bet (120) returned to Hero
*** SHOWDOWN ***
Hero collected 408 from pot
*** SUMMARY ***
Total pot 408 | Rake 0 | Jackpot 0 | Bingo 0 | Fortune 0 | Tax 0
Seat 1: 42a90658 folded before Flop
Seat 2: 491ba8bc (button) folded before Flop
Seat 3: 63582407 (small blind) folded before Flop
Seat 4: 306ba557 (big blind) folded before Flop
Seat 5: Hero collected (408)
Seat 6: 2afd118c folded before Flop


Poker Hand #TM5565586481: Tournament #262130177, Bounty Hunters Special $10.80 [6-Max] Hold'em No Limit - Level2(60/120(18)) - 2026/02/09 12:46:30
Table '24' 6-max Seat #1 is the button
Seat 1: 42a90658 (10,917 in chips)
Seat 2: 491ba8bc (6,756 in chips)
Seat 3: 63582407 (11,831 in chips)
Seat 4: 306ba557 (9,351 in chips)
Seat 5: Hero (21,919 in chips)
Seat 6: 2afd118c (10,616 in chips)
Hero: posts the ante 18
306ba557: posts the ante 18
2afd118c: posts the ante 18
63582407: posts the ante 18
491ba8bc: posts the ante 18
42a90658: posts the ante 18
491ba8bc: posts small blind 60
63582407: posts big blind 120
*** HOLE CARDS ***
Dealt to 42a90658 
Dealt to 491ba8bc 
Dealt to 63582407 
Dealt to 306ba557 
Dealt to Hero [Ac 4c]
Dealt to 2afd118c 
306ba557: folds
Hero: raises 120 to 240
2afd118c: folds
42a90658: folds
491ba8bc: folds
63582407: folds
Uncalled bet (120) returned to Hero
*** SHOWDOWN ***
Hero collected 408 from pot
*** SUMMARY ***
Total pot 408 | Rake 0 | Jackpot 0 | Bingo 0 | Fortune 0 | Tax 0
Seat 1: 42a90658 (button) folded before Flop
Seat 2: 491ba8bc (small blind) folded before Flop
Seat 3: 63582407 (big blind) folded before Flop
Seat 4: 306ba557 folded before Flop
Seat 5: Hero collected (408)
Seat 6: 2afd118c folded before Flop


Poker Hand #TM5565586464: Tournament #262130177, Bounty Hunters Special $10.80 [6-Max] Hold'em No Limit - Level2(60/120(18)) - 2026/02/09 12:45:38
Table '24' 6-max Seat #6 is the button
Seat 1: 42a90658 (11,796 in chips)
Seat 2: 491ba8bc (9,654 in chips)
Seat 3: 63582407 (11,849 in chips)
Seat 4: 306ba557 (9,369 in chips)
Seat 5: Hero (18,088 in chips)
Seat 6: 2afd118c (10,634 in chips)
Hero: posts the ante 18
306ba557: posts the ante 18
2afd118c: posts the ante 18
63582407: posts the ante 18
491ba8bc: posts the ante 18
42a90658: posts the ante 18
42a90658: posts small blind 60
491ba8bc: posts big blind 120
*** HOLE CARDS ***
Dealt to 42a90658 
Dealt to 491ba8bc 
Dealt to 63582407 
Dealt to 306ba557 
Dealt to Hero [Kd Ad]
Dealt to 2afd118c 
63582407: folds
306ba557: folds
Hero: raises 120 to 240
2afd118c: folds
42a90658: calls 180
491ba8bc: calls 120
*** FLOP *** [9d Kc 9c]
42a90658: checks
491ba8bc: bets 621
Hero: calls 621
42a90658: calls 621
*** TURN *** [9d Kc 9c] [5h]
42a90658: checks
491ba8bc: bets 2,019
Hero: calls 2,019
42a90658: folds
*** RIVER *** [9d Kc 9c 5h] [Ks]
491ba8bc: checks
Hero: bets 6,969
491ba8bc: folds
Uncalled bet (6,969) returned to Hero
*** SHOWDOWN ***
Hero collected 6,729 from pot
*** SUMMARY ***
Total pot 6,729 | Rake 0 | Jackpot 0 | Bingo 0 | Fortune 0 | Tax 0
Board [9d Kc 9c 5h Ks]
Seat 1: 42a90658 (small blind) folded on the Turn
Seat 2: 491ba8bc (big blind) folded on the River
Seat 3: 63582407 folded before Flop
Seat 4: 306ba557 folded before Flop
Seat 5: Hero won (6,729)
Seat 6: 2afd118c (button) folded before Flop


Poker Hand #TM5565765765: Tournament #262130177, Bounty Hunters Special $10.80 [6-Max] Hold'em No Limit - Level1(50/100(15)) - 2026/02/09 12:41:01
Table '4' 6-max Seat #5 is the button
Seat 2: Hero (18,203 in chips)
Seat 3: 77f2a0c3 (7,654 in chips)
Seat 4: a5bd9e10 (9,730 in chips)
Seat 5: f029b89 (12,086 in chips)
Seat 6: fc526edc (9,740 in chips)
77f2a0c3: posts the ante 15
Hero: posts the ante 15
a5bd9e10: posts the ante 15
f029b89: posts the ante 15
fc526edc: posts the ante 15
fc526edc: posts small blind 50
Hero: posts big blind 100
*** HOLE CARDS ***
Dealt to Hero [As 2d]
Dealt to 77f2a0c3 
Dealt to a5bd9e10 
Dealt to f029b89 
Dealt to fc526edc 
77f2a0c3: calls 100
a5bd9e10: folds
f029b89: raises 300 to 400
fc526edc: calls 350
Hero: folds
77f2a0c3: calls 300
*** FLOP *** [9h Ac 5h]
fc526edc: checks
77f2a0c3: checks
f029b89: bets 454
fc526edc: calls 454
77f2a0c3: raises 1,286 to 1,740
f029b89: folds
fc526edc: calls 1,286
*** TURN *** [9h Ac 5h] [5s]
fc526edc: checks
77f2a0c3: bets 5,499 and is all-in
fc526edc: calls 5,499
77f2a0c3: shows [9s Ad] (two pair, Aces and Nines)
fc526edc: shows [4h Ah] (two pair, Aces and Fives)
*** RIVER *** [9h Ac 5h 5s] [7h]
*** SHOWDOWN ***
fc526edc collected 16,307 from pot
*** SUMMARY ***
Total pot 16,307 | Rake 0 | Jackpot 0 | Bingo 0 | Fortune 0 | Tax 0
Board [9h Ac 5h 5s 7h]
Seat 2: Hero (big blind) folded before Flop
Seat 3: 77f2a0c3 showed [9s Ad] and lost with two pair, Aces and Nines
Seat 4: a5bd9e10 folded before Flop
Seat 5: f029b89 (button) folded on the Flop
Seat 6: fc526edc (small blind) showed [4h Ah] and won (16,307) with a flush Ace high


Poker Hand #TM5565765742: Tournament #262130177, Bounty Hunters Special $10.80 [6-Max] Hold'em No Limit - Level1(50/100(15)) - 2026/02/09 12:40:08
Table '4' 6-max Seat #4 is the button
Seat 2: Hero (18,218 in chips)
Seat 3: 77f2a0c3 (7,669 in chips)
Seat 4: a5bd9e10 (9,270 in chips)
Seat 5: f029b89 (12,301 in chips)
Seat 6: fc526edc (9,955 in chips)
77f2a0c3: posts the ante 15
Hero: posts the ante 15
a5bd9e10: posts the ante 15
f029b89: posts the ante 15
fc526edc: posts the ante 15
f029b89: posts small blind 50
fc526edc: posts big blind 100
*** HOLE CARDS ***
Dealt to Hero [2s 3h]
Dealt to 77f2a0c3 
Dealt to a5bd9e10 
Dealt to f029b89 
Dealt to fc526edc 
Hero: folds
77f2a0c3: folds
a5bd9e10: raises 100 to 200
f029b89: calls 150
fc526edc: calls 100
*** FLOP *** [Td 5s Kc]
f029b89: checks
fc526edc: checks
a5bd9e10: checks
*** TURN *** [Td 5s Kc] [Qh]
f029b89: checks
fc526edc: checks
a5bd9e10: checks
*** RIVER *** [Td 5s Kc Qh] [4h]
f029b89: checks
fc526edc: checks
a5bd9e10: checks
f029b89: shows [Ac 8c] (Ace high)
fc526edc: shows [9s 3s] (King high)
a5bd9e10: shows [Qc Ah] (a pair of Queens)
*** SHOWDOWN ***
a5bd9e10 collected 675 from pot
*** SUMMARY ***
Total pot 675 | Rake 0 | Jackpot 0 | Bingo 0 | Fortune 0 | Tax 0
Board [Td 5s Kc Qh 4h]
Seat 2: Hero folded before Flop
Seat 3: 77f2a0c3 folded before Flop
Seat 4: a5bd9e10 (button) showed [Qc Ah] and won (675) with a pair of Queens
Seat 5: f029b89 (small blind) showed [Ac 8c] and lost with Ace high
Seat 6: fc526edc (big blind) showed [9s 3s] and lost with King high


Poker Hand #TM5565765739: Tournament #262130177, Bounty Hunters Special $10.80 [6-Max] Hold'em No Limit - Level1(50/100(15)) - 2026/02/09 12:39:53
Table '4' 6-max Seat #3 is the button
Seat 2: Hero (18,008 in chips)
Seat 3: 77f2a0c3 (7,684 in chips)
Seat 4: a5bd9e10 (9,335 in chips)
Seat 5: f029b89 (12,416 in chips)
Seat 6: fc526edc (9,970 in chips)
77f2a0c3: posts the ante 15
Hero: posts the ante 15
a5bd9e10: posts the ante 15
f029b89: posts the ante 15
fc526edc: posts the ante 15
a5bd9e10: posts small blind 50
f029b89: posts big blind 100
*** HOLE CARDS ***
Dealt to Hero [Jd Kc]
Dealt to 77f2a0c3 
Dealt to a5bd9e10 
Dealt to f029b89 
Dealt to fc526edc 
fc526edc: folds
Hero: raises 100 to 200
77f2a0c3: folds
a5bd9e10: folds
f029b89: folds
Uncalled bet (100) returned to Hero
*** SHOWDOWN ***
Hero collected 325 from pot
*** SUMMARY ***
Total pot 325 | Rake 0 | Jackpot 0 | Bingo 0 | Fortune 0 | Tax 0
Seat 2: Hero collected (325)
Seat 3: 77f2a0c3 (button) folded before Flop
Seat 4: a5bd9e10 (small blind) folded before Flop
Seat 5: f029b89 (big blind) folded before Flop
Seat 6: fc526edc folded before Flop


Poker Hand #TM5565765725: Tournament #262130177, Bounty Hunters Special $10.80 [6-Max] Hold'em No Limit - Level1(50/100(15)) - 2026/02/09 12:39:26
Table '4' 6-max Seat #2 is the button
Seat 1: 66c3cbe3 (12,832 in chips)
Seat 2: Hero (18,223 in chips)
Seat 3: 77f2a0c3 (7,749 in chips)
Seat 4: a5bd9e10 (9,450 in chips)
Seat 5: f029b89 (11,991 in chips)
Seat 6: fc526edc (9,985 in chips)
77f2a0c3: posts the ante 15
Hero: posts the ante 15
a5bd9e10: posts the ante 15
f029b89: posts the ante 15
66c3cbe3: posts the ante 15
fc526edc: posts the ante 15
77f2a0c3: posts small blind 50
a5bd9e10: posts big blind 100
*** HOLE CARDS ***
Dealt to 66c3cbe3 
Dealt to Hero [5c 5h]
Dealt to 77f2a0c3 
Dealt to a5bd9e10 
Dealt to f029b89 
Dealt to fc526edc 
f029b89: raises 100 to 200
fc526edc: folds
66c3cbe3: folds
Hero: calls 200
77f2a0c3: folds
a5bd9e10: folds
*** FLOP *** [7s Ts Jc]
f029b89: bets 212
Hero: folds
Uncalled bet (212) returned to f029b89
*** SHOWDOWN ***
f029b89 collected 640 from pot
*** SUMMARY ***
Total pot 640 | Rake 0 | Jackpot 0 | Bingo 0 | Fortune 0 | Tax 0
Board [7s Ts Jc]
Seat 1: 66c3cbe3 folded before Flop
Seat 2: Hero (button) folded on the Flop
Seat 3: 77f2a0c3 (small blind) folded before Flop
Seat 4: a5bd9e10 (big blind) folded before Flop
Seat 5: f029b89 won (640)
Seat 6: fc526edc folded before Flop


Poker Hand #TM5565765715: Tournament #262130177, Bounty Hunters Special $10.80 [6-Max] Hold'em No Limit - Level1(50/100(15)) - 2026/02/09 12:38:56
Table '4' 6-max Seat #1 is the button
Seat 1: 66c3cbe3 (12,507 in chips)
Seat 2: Hero (18,288 in chips)
Seat 3: 77f2a0c3 (7,964 in chips)
Seat 4: a5bd9e10 (9,465 in chips)
Seat 5: f029b89 (12,006 in chips)
Seat 6: fc526edc (10,000 in chips)
77f2a0c3: posts the ante 15
Hero: posts the ante 15
a5bd9e10: posts the ante 15
f029b89: posts the ante 15
66c3cbe3: posts the ante 15
fc526edc: posts the ante 15
Hero: posts small blind 50
77f2a0c3: posts big blind 100
*** HOLE CARDS ***
Dealt to 66c3cbe3 
Dealt to Hero [5h Jc]
Dealt to 77f2a0c3 
Dealt to a5bd9e10 
Dealt to f029b89 
Dealt to fc526edc 
a5bd9e10: folds
f029b89: folds
fc526edc: folds
66c3cbe3: raises 100 to 200
Hero: folds
77f2a0c3: calls 100
*** FLOP *** [Ad 6d Js]
77f2a0c3: checks
66c3cbe3: bets 179
77f2a0c3: folds
Uncalled bet (179) returned to 66c3cbe3
*** SHOWDOWN ***
66c3cbe3 collected 540 from pot
*** SUMMARY ***
Total pot 540 | Rake 0 | Jackpot 0 | Bingo 0 | Fortune 0 | Tax 0
Board [Ad 6d Js]
Seat 1: 66c3cbe3 (button) won (540)
Seat 2: Hero (small blind) folded before Flop
Seat 3: 77f2a0c3 (big blind) folded on the Flop
Seat 4: a5bd9e10 folded before Flop
Seat 5: f029b89 folded before Flop
Seat 6: fc526edc folded before Flop


Poker Hand #TM5565765676: Tournament #262130177, Bounty Hunters Special $10.80 [6-Max] Hold'em No Limit - Level1(50/100(15)) - 2026/02/09 12:37:23
Table '4' 6-max Seat #5 is the button
Seat 1: 66c3cbe3 (12,572 in chips)
Seat 2: Hero (18,403 in chips)
Seat 3: 77f2a0c3 (9,985 in chips)
Seat 4: a5bd9e10 (9,480 in chips)
Seat 5: f029b89 (9,790 in chips)
77f2a0c3: posts the ante 15
Hero: posts the ante 15
a5bd9e10: posts the ante 15
f029b89: posts the ante 15
66c3cbe3: posts the ante 15
66c3cbe3: posts small blind 50
Hero: posts big blind 100
*** HOLE CARDS ***
Dealt to 66c3cbe3 
Dealt to Hero [Kh 9d]
Dealt to 77f2a0c3 
Dealt to a5bd9e10 
Dealt to f029b89 
77f2a0c3: calls 100
a5bd9e10: folds
f029b89: raises 285 to 385
66c3cbe3: folds
Hero: folds
77f2a0c3: calls 285
*** FLOP *** [7h 3s 2h]
77f2a0c3: checks
f029b89: bets 329
77f2a0c3: raises 329 to 658
f029b89: raises 963 to 1,621
77f2a0c3: calls 963
*** TURN *** [7h 3s 2h] [Jd]
77f2a0c3: checks
f029b89: bets 2,839
77f2a0c3: folds
Uncalled bet (2,839) returned to f029b89
*** SHOWDOWN ***
f029b89 collected 4,237 from pot
*** SUMMARY ***
Total pot 4,237 | Rake 0 | Jackpot 0 | Bingo 0 | Fortune 0 | Tax 0
Board [7h 3s 2h Jd]
Seat 1: 66c3cbe3 (small blind) folded before Flop
Seat 2: Hero (big blind) folded before Flop
Seat 3: 77f2a0c3 folded on the Turn
Seat 4: a5bd9e10 folded before Flop
Seat 5: f029b89 (button) won (4,237)


Poker Hand #TM5565765658: Tournament #262130177, Bounty Hunters Special $10.80 [6-Max] Hold'em No Limit - Level1(50/100(15)) - 2026/02/09 12:36:35
Table '4' 6-max Seat #4 is the button
Seat 1: 66c3cbe3 (12,587 in chips)
Seat 2: Hero (9,549 in chips)
Seat 3: 77f2a0c3 (10,000 in chips)
Seat 4: a5bd9e10 (9,495 in chips)
Seat 5: f029b89 (9,855 in chips)
Seat 6: 4f5aef4b (8,744 in chips)
77f2a0c3: posts the ante 15
Hero: posts the ante 15
a5bd9e10: posts the ante 15
4f5aef4b: posts the ante 15
f029b89: posts the ante 15
66c3cbe3: posts the ante 15
f029b89: posts small blind 50
4f5aef4b: posts big blind 100
*** HOLE CARDS ***
Dealt to 66c3cbe3 
Dealt to Hero [9s 9h]
Dealt to 77f2a0c3 
Dealt to a5bd9e10 
Dealt to f029b89 
Dealt to 4f5aef4b 
66c3cbe3: folds
Hero: raises 100 to 200
77f2a0c3: folds
a5bd9e10: folds
f029b89: folds
4f5aef4b: raises 500 to 700
Hero: calls 500
*** FLOP *** [Tc 8c 3s]
4f5aef4b: checks
Hero: checks
*** TURN *** [Tc 8c 3s] [8h]
4f5aef4b: bets 1,555
Hero: calls 1,555
*** RIVER *** [Tc 8c 3s 8h] [Th]
4f5aef4b: bets 6,474 and is all-in
Hero: calls 6,474
4f5aef4b: shows [As Kh] (two pair, Tens and Eights)
Hero: shows [9s 9h] (two pair, Tens and Nines)
*** SHOWDOWN ***
Hero collected 17,598 from pot
*** SUMMARY ***
Total pot 17,598 | Rake 0 | Jackpot 0 | Bingo 0 | Fortune 0 | Tax 0
Board [Tc 8c 3s 8h Th]
Seat 1: 66c3cbe3 folded before Flop
Seat 2: Hero showed [9s 9h] and won (17,598) with two pair, Tens and Nines
Seat 3: 77f2a0c3 folded before Flop
Seat 4: a5bd9e10 (button) folded before Flop
Seat 5: f029b89 (small blind) folded before Flop
Seat 6: 4f5aef4b (big blind) showed [As Kh] and lost with two pair, Tens and Eights


Poker Hand #TM5565765648: Tournament #262130177, Bounty Hunters Special $10.80 [6-Max] Hold'em No Limit - Level1(50/100(15)) - 2026/02/09 12:36:09
Table '4' 6-max Seat #2 is the button
Seat 1: 66c3cbe3 (12,602 in chips)
Seat 2: Hero (9,339 in chips)
Seat 4: a5bd9e10 (9,560 in chips)
Seat 5: f029b89 (9,970 in chips)
Seat 6: 4f5aef4b (8,759 in chips)
Hero: posts the ante 15
a5bd9e10: posts the ante 15
4f5aef4b: posts the ante 15
f029b89: posts the ante 15
66c3cbe3: posts the ante 15
a5bd9e10: posts small blind 50
f029b89: posts big blind 100
*** HOLE CARDS ***
Dealt to 66c3cbe3 
Dealt to Hero [Jc Qs]
Dealt to a5bd9e10 
Dealt to f029b89 
Dealt to 4f5aef4b 
4f5aef4b: folds
66c3cbe3: folds
Hero: raises 100 to 200
a5bd9e10: folds
f029b89: folds
Uncalled bet (100) returned to Hero
*** SHOWDOWN ***
Hero collected 325 from pot
*** SUMMARY ***
Total pot 325 | Rake 0 | Jackpot 0 | Bingo 0 | Fortune 0 | Tax 0
Seat 1: 66c3cbe3 folded before Flop
Seat 2: Hero (button) collected (325)
Seat 4: a5bd9e10 (small blind) folded before Flop
Seat 5: f029b89 (big blind) folded before Flop
Seat 6: 4f5aef4b folded before Flop


Poker Hand #TM5565765635: Tournament #262130177, Bounty Hunters Special $10.80 [6-Max] Hold'em No Limit - Level1(50/100(15)) - 2026/02/09 12:35:30
Table '4' 6-max Seat #1 is the button
Seat 1: 66c3cbe3 (12,292 in chips)
Seat 2: Hero (9,404 in chips)
Seat 4: a5bd9e10 (9,775 in chips)
Seat 5: f029b89 (9,985 in chips)
Seat 6: 4f5aef4b (8,774 in chips)
Hero: posts the ante 15
a5bd9e10: posts the ante 15
4f5aef4b: posts the ante 15
f029b89: posts the ante 15
66c3cbe3: posts the ante 15
Hero: posts small blind 50
a5bd9e10: posts big blind 100
*** HOLE CARDS ***
Dealt to 66c3cbe3 
Dealt to Hero [6d Ks]
Dealt to a5bd9e10 
Dealt to f029b89 
Dealt to 4f5aef4b 
f029b89: folds
4f5aef4b: folds
66c3cbe3: raises 100 to 200
Hero: folds
a5bd9e10: calls 100
*** FLOP *** [4s 2c Th]
a5bd9e10: checks
66c3cbe3: bets 263
a5bd9e10: folds
Uncalled bet (263) returned to 66c3cbe3
*** SHOWDOWN ***
66c3cbe3 collected 525 from pot
*** SUMMARY ***
Total pot 525 | Rake 0 | Jackpot 0 | Bingo 0 | Fortune 0 | Tax 0
Board [4s 2c Th]
Seat 1: 66c3cbe3 (button) won (525)
Seat 2: Hero (small blind) folded before Flop
Seat 4: a5bd9e10 (big blind) folded on the Flop
Seat 5: f029b89 folded before Flop
Seat 6: 4f5aef4b folded before Flop


Poker Hand #TM5565765616: Tournament #262130177, Bounty Hunters Special $10.80 [6-Max] Hold'em No Limit - Level1(50/100(15)) - 2026/02/09 12:34:41
Table '4' 6-max Seat #6 is the button
Seat 1: 66c3cbe3 (12,357 in chips)
Seat 2: Hero (9,079 in chips)
Seat 3: d5595b76 (9,790 in chips)
Seat 4: a5bd9e10 (9,790 in chips)
Seat 5: f029b89 (10,000 in chips)
Seat 6: 4f5aef4b (8,789 in chips)
d5595b76: posts the ante 15
Hero: posts the ante 15
a5bd9e10: posts the ante 15
4f5aef4b: posts the ante 15
f029b89: posts the ante 15
66c3cbe3: posts the ante 15
66c3cbe3: posts small blind 50
Hero: posts big blind 100
*** HOLE CARDS ***
Dealt to 66c3cbe3 
Dealt to Hero [As 9h]
Dealt to d5595b76 
Dealt to a5bd9e10 
Dealt to f029b89 
Dealt to 4f5aef4b 
d5595b76: raises 100 to 200
a5bd9e10: folds
f029b89: folds
4f5aef4b: folds
66c3cbe3: folds
Hero: calls 100
*** FLOP *** [5d 8h Ah]
Hero: checks
d5595b76: checks
*** TURN *** [5d 8h Ah] [2h]
Hero: bets 179
d5595b76: folds
Uncalled bet (179) returned to Hero
*** SHOWDOWN ***
Hero collected 540 from pot
*** SUMMARY ***
Total pot 540 | Rake 0 | Jackpot 0 | Bingo 0 | Fortune 0 | Tax 0
Board [5d 8h Ah 2h]
Seat 1: 66c3cbe3 (small blind) folded before Flop
Seat 2: Hero (big blind) won (540)
Seat 3: d5595b76 folded on the Turn
Seat 4: a5bd9e10 folded before Flop
Seat 5: f029b89 folded before Flop
Seat 6: 4f5aef4b (button) folded before Flop


Poker Hand #TM5565765553: Tournament #262130177, Bounty Hunters Special $10.80 [6-Max] Hold'em No Limit - Level1(50/100(15)) - 2026/02/09 12:32:22
Table '4' 6-max Seat #4 is the button
Seat 1: 66c3cbe3 (9,955 in chips)
Seat 2: Hero (9,094 in chips)
Seat 3: d5595b76 (9,805 in chips)
Seat 4: a5bd9e10 (9,805 in chips)
Seat 6: 4f5aef4b (11,146 in chips)
d5595b76: posts the ante 15
Hero: posts the ante 15
a5bd9e10: posts the ante 15
4f5aef4b: posts the ante 15
66c3cbe3: posts the ante 15
4f5aef4b: posts small blind 50
66c3cbe3: posts big blind 100
*** HOLE CARDS ***
Dealt to 66c3cbe3 
Dealt to Hero [6h Th]
Dealt to d5595b76 
Dealt to a5bd9e10 
Dealt to 4f5aef4b 
Hero: folds
d5595b76: folds
a5bd9e10: folds
4f5aef4b: raises 100 to 200
66c3cbe3: calls 100
*** FLOP *** [5s 8c 5d]
4f5aef4b: checks
66c3cbe3: bets 238
4f5aef4b: calls 238
*** TURN *** [5s 8c 5d] [6c]
4f5aef4b: checks
66c3cbe3: bets 714
4f5aef4b: raises 1,190 to 1,904
66c3cbe3: calls 1,190
*** RIVER *** [5s 8c 5d 6c] [3d]
4f5aef4b: checks
66c3cbe3: checks
4f5aef4b: shows [2c Kc] (a pair of Fives)
66c3cbe3: shows [8h 9h] (two pair, Eights and Fives)
*** SHOWDOWN ***
66c3cbe3 collected 4,759 from pot
*** SUMMARY ***
Total pot 4,759 | Rake 0 | Jackpot 0 | Bingo 0 | Fortune 0 | Tax 0
Board [5s 8c 5d 6c 3d]
Seat 1: 66c3cbe3 (big blind) showed [8h 9h] and won (4,759) with two pair, Eights and Fives
Seat 2: Hero folded before Flop
Seat 3: d5595b76 folded before Flop
Seat 4: a5bd9e10 (button) folded before Flop
Seat 6: 4f5aef4b (small blind) showed [2c Kc] and lost with a pair of Fives


Poker Hand #TM5565765527: Tournament #262130177, Bounty Hunters Special $10.80 [6-Max] Hold'em No Limit - Level1(50/100(15)) - 2026/02/09 12:31:03
Table '4' 6-max Seat #3 is the button
Seat 1: 66c3cbe3 (9,970 in chips)
Seat 2: Hero (9,920 in chips)
Seat 3: d5595b76 (9,820 in chips)
Seat 4: a5bd9e10 (9,870 in chips)
Seat 6: 4f5aef4b (10,225 in chips)
d5595b76: posts the ante 15
Hero: posts the ante 15
a5bd9e10: posts the ante 15
4f5aef4b: posts the ante 15
66c3cbe3: posts the ante 15
a5bd9e10: posts small blind 50
4f5aef4b: posts big blind 100
*** HOLE CARDS ***
Dealt to 66c3cbe3 
Dealt to Hero [Qc 8c]
Dealt to d5595b76 
Dealt to a5bd9e10 
Dealt to 4f5aef4b 
66c3cbe3: folds
Hero: raises 100 to 200
d5595b76: folds
a5bd9e10: folds
4f5aef4b: calls 100
*** FLOP *** [Qd 4h Kh]
4f5aef4b: checks
Hero: bets 174
4f5aef4b: calls 174
*** TURN *** [Qd 4h Kh] [6s]
4f5aef4b: checks
Hero: bets 437
4f5aef4b: calls 437
*** RIVER *** [Qd 4h Kh 6s] [Kc]
4f5aef4b: checks
Hero: checks
4f5aef4b: shows [Ah Qh] (two pair, Kings and Queens)
Hero: shows [Qc 8c] (two pair, Kings and Queens)
*** SHOWDOWN ***
4f5aef4b collected 1,747 from pot
*** SUMMARY ***
Total pot 1,747 | Rake 0 | Jackpot 0 | Bingo 0 | Fortune 0 | Tax 0
Board [Qd 4h Kh 6s Kc]
Seat 1: 66c3cbe3 folded before Flop
Seat 2: Hero showed [Qc 8c] and lost with two pair, Kings and Queens
Seat 3: d5595b76 (button) folded before Flop
Seat 4: a5bd9e10 (small blind) folded before Flop
Seat 6: 4f5aef4b (big blind) showed [Ah Qh] and won (1,747) with two pair, Kings and Queens


Poker Hand #TM5565765522: Tournament #262130177, Bounty Hunters Special $10.80 [6-Max] Hold'em No Limit - Level1(50/100(15)) - 2026/02/09 12:30:41
Table '4' 6-max Seat #2 is the button
Seat 1: 66c3cbe3 (9,985 in chips)
Seat 2: Hero (9,935 in chips)
Seat 3: d5595b76 (9,885 in chips)
Seat 4: a5bd9e10 (9,985 in chips)
Seat 5: 1fedba75 (10,210 in chips)
Seat 6: 4f5aef4b (10,000 in chips)
d5595b76: posts the ante 15
Hero: posts the ante 15
a5bd9e10: posts the ante 15
4f5aef4b: posts the ante 15
66c3cbe3: posts the ante 15
1fedba75: posts the ante 15
d5595b76: posts small blind 50
a5bd9e10: posts big blind 100
*** HOLE CARDS ***
Dealt to 66c3cbe3 
Dealt to Hero [5c 7d]
Dealt to d5595b76 
Dealt to a5bd9e10 
Dealt to 1fedba75 
Dealt to 4f5aef4b 
1fedba75: folds
4f5aef4b: raises 100 to 200
66c3cbe3: folds
Hero: folds
d5595b76: folds
a5bd9e10: folds
Uncalled bet (100) returned to 4f5aef4b
*** SHOWDOWN ***
4f5aef4b collected 340 from pot
*** SUMMARY ***
Total pot 340 | Rake 0 | Jackpot 0 | Bingo 0 | Fortune 0 | Tax 0
Seat 1: 66c3cbe3 folded before Flop
Seat 2: Hero (button) folded before Flop
Seat 3: d5595b76 (small blind) folded before Flop
Seat 4: a5bd9e10 (big blind) folded before Flop
Seat 5: 1fedba75 folded before Flop
Seat 6: 4f5aef4b collected (340)


Poker Hand #TM5565765506: Tournament #262130177, Bounty Hunters Special $10.80 [6-Max] Hold'em No Limit - Level1(50/100(15)) - 2026/02/09 12:30:02
Table '4' 6-max Seat #1 is the button
Seat 1: 66c3cbe3 (10,000 in chips)
Seat 2: Hero (10,000 in chips)
Seat 3: d5595b76 (10,000 in chips)
Seat 4: a5bd9e10 (10,000 in chips)
Seat 5: 1fedba75 (10,000 in chips)
d5595b76: posts the ante 15
Hero: posts the ante 15
a5bd9e10: posts the ante 15
66c3cbe3: posts the ante 15
1fedba75: posts the ante 15
Hero: posts small blind 50
d5595b76: posts big blind 100
*** HOLE CARDS ***
Dealt to 66c3cbe3 
Dealt to Hero [Qs 5d]
Dealt to d5595b76 
Dealt to a5bd9e10 
Dealt to 1fedba75 
a5bd9e10: folds
1fedba75: raises 325 to 425
66c3cbe3: folds
Hero: folds
d5595b76: folds
Uncalled bet (325) returned to 1fedba75
*** SHOWDOWN ***
1fedba75 collected 325 from pot
*** SUMMARY ***
Total pot 325 | Rake 0 | Jackpot 0 | Bingo 0 | Fortune 0 | Tax 0
Seat 1: 66c3cbe3 (button) folded before Flop
Seat 2: Hero (small blind) folded before Flop
Seat 3: d5595b76 (big blind) folded before Flop
Seat 4: a5bd9e10 folded before Flop
Seat 5: 1fedba75 collected (325)


