Poker Hand #TM5643426404: Tournament #266639678, Bounty Hunters Special $8.88 Hold'em No Limit - Level12(350/700(100)) - 2026/02/28 23:13:07
Table '102' 8-max Seat #7 is the button
Seat 1: 4ca2660c (27,612 in chips)
Seat 2: 7fa4b72b (9,620 in chips)
Seat 3: 29e220e6 (17,517 in chips)
Seat 4: b1b3daf2 (16,516 in chips)
Seat 5: 8a22bd7c (15,734 in chips)
Seat 6: Hero (9,635 in chips)
Seat 7: e24bd5df (33,011 in chips)
Seat 8: 4a20e733 (71,787 in chips)
7fa4b72b: posts the ante 100
Hero: posts the ante 100
29e220e6: posts the ante 100
b1b3daf2: posts the ante 100
4a20e733: posts the ante 100
e24bd5df: posts the ante 100
4ca2660c: posts the ante 100
8a22bd7c: posts the ante 100
4a20e733: posts small blind 350
4ca2660c: posts big blind 700
*** HOLE CARDS ***
Dealt to 4ca2660c 
Dealt to 7fa4b72b 
Dealt to 29e220e6 
Dealt to b1b3daf2 
Dealt to 8a22bd7c 
Dealt to Hero [6d Ah]
Dealt to e24bd5df 
Dealt to 4a20e733 
7fa4b72b: folds
29e220e6: folds
b1b3daf2: folds
8a22bd7c: folds
Hero: raises 8,835 to 9,535 and is all-in
e24bd5df: folds
4a20e733: raises 8,835 to 18,370
4ca2660c: folds
Uncalled bet (8,835) returned to 4a20e733
4a20e733: shows [6c 6h]
Hero: shows [6d Ah]
*** FLOP *** [2h 8s 8c]
*** TURN *** [2h 8s 8c] [9d]
*** RIVER *** [2h 8s 8c 9d] [Tc]
8a22bd7c: shows [9h] (two pair, Nines and Eights)
*** SHOWDOWN ***
4a20e733 collected 20,570 from pot
*** SUMMARY ***
Total pot 20,570 | Rake 0 | Jackpot 0 | Bingo 0 | Fortune 0 | Tax 0
Board [2h 8s 8c 9d Tc]
Seat 1: 4ca2660c (big blind) folded before Flop
Seat 2: 7fa4b72b folded before Flop
Seat 3: 29e220e6 folded before Flop
Seat 4: b1b3daf2 folded before Flop
Seat 5: 8a22bd7c folded before Flop
Seat 6: Hero showed [6d Ah] and lost with a pair of Eights
Seat 7: e24bd5df (button) folded before Flop
Seat 8: 4a20e733 (small blind) showed [6c 6h] and won (20,570) with two pair, Eights and Sixes


Poker Hand #TM5643426385: Tournament #266639678, Bounty Hunters Special $8.88 Hold'em No Limit - Level12(350/700(100)) - 2026/02/28 23:12:19
Table '102' 8-max Seat #6 is the button
Seat 1: 4ca2660c (25,862 in chips)
Seat 2: 7fa4b72b (9,720 in chips)
Seat 3: 29e220e6 (17,617 in chips)
Seat 4: b1b3daf2 (16,616 in chips)
Seat 5: 8a22bd7c (15,834 in chips)
Seat 6: Hero (9,735 in chips)
Seat 7: e24bd5df (33,461 in chips)
Seat 8: 4a20e733 (72,587 in chips)
7fa4b72b: posts the ante 100
Hero: posts the ante 100
29e220e6: posts the ante 100
b1b3daf2: posts the ante 100
4a20e733: posts the ante 100
e24bd5df: posts the ante 100
4ca2660c: posts the ante 100
8a22bd7c: posts the ante 100
e24bd5df: posts small blind 350
4a20e733: posts big blind 700
*** HOLE CARDS ***
Dealt to 4ca2660c 
Dealt to 7fa4b72b 
Dealt to 29e220e6 
Dealt to b1b3daf2 
Dealt to 8a22bd7c 
Dealt to Hero [3c 8h]
Dealt to e24bd5df 
Dealt to 4a20e733 
4ca2660c: calls 700
7fa4b72b: folds
29e220e6: folds
b1b3daf2: folds
8a22bd7c: folds
Hero: folds
e24bd5df: folds
4a20e733: checks
*** FLOP *** [Kh Kc Qc]
4a20e733: checks
4ca2660c: bets 900
4a20e733: folds
Uncalled bet (900) returned to 4ca2660c
*** SHOWDOWN ***
4ca2660c collected 2,550 from pot
*** SUMMARY ***
Total pot 2,550 | Rake 0 | Jackpot 0 | Bingo 0 | Fortune 0 | Tax 0
Board [Kh Kc Qc]
Seat 1: 4ca2660c won (2,550)
Seat 2: 7fa4b72b folded before Flop
Seat 3: 29e220e6 folded before Flop
Seat 4: b1b3daf2 folded before Flop
Seat 5: 8a22bd7c folded before Flop
Seat 6: Hero (button) folded before Flop
Seat 7: e24bd5df (small blind) folded before Flop
Seat 8: 4a20e733 (big blind) folded on the Flop


Poker Hand #TM5643426364: Tournament #266639678, Bounty Hunters Special $8.88 Hold'em No Limit - Level12(350/700(100)) - 2026/02/28 23:11:38
Table '102' 8-max Seat #5 is the button
Seat 1: 4ca2660c (25,962 in chips)
Seat 2: 7fa4b72b (9,820 in chips)
Seat 3: 29e220e6 (17,717 in chips)
Seat 4: b1b3daf2 (16,716 in chips)
Seat 5: 8a22bd7c (14,084 in chips)
Seat 6: Hero (10,185 in chips)
Seat 7: e24bd5df (34,261 in chips)
Seat 8: 4a20e733 (72,687 in chips)
7fa4b72b: posts the ante 100
Hero: posts the ante 100
29e220e6: posts the ante 100
b1b3daf2: posts the ante 100
4a20e733: posts the ante 100
e24bd5df: posts the ante 100
4ca2660c: posts the ante 100
8a22bd7c: posts the ante 100
Hero: posts small blind 350
e24bd5df: posts big blind 700
*** HOLE CARDS ***
Dealt to 4ca2660c 
Dealt to 7fa4b72b 
Dealt to 29e220e6 
Dealt to b1b3daf2 
Dealt to 8a22bd7c 
Dealt to Hero [9c 6h]
Dealt to e24bd5df 
Dealt to 4a20e733 
4a20e733: folds
4ca2660c: folds
7fa4b72b: folds
29e220e6: folds
b1b3daf2: folds
8a22bd7c: raises 13,284 to 13,984 and is all-in
Hero: folds
e24bd5df: folds
Uncalled bet (13,284) returned to 8a22bd7c
*** SHOWDOWN ***
8a22bd7c collected 2,550 from pot
*** SUMMARY ***
Total pot 2,550 | Rake 0 | Jackpot 0 | Bingo 0 | Fortune 0 | Tax 0
Seat 1: 4ca2660c folded before Flop
Seat 2: 7fa4b72b folded before Flop
Seat 3: 29e220e6 folded before Flop
Seat 4: b1b3daf2 folded before Flop
Seat 5: 8a22bd7c (button) collected (2,550)
Seat 6: Hero (small blind) folded before Flop
Seat 7: e24bd5df (big blind) folded before Flop
Seat 8: 4a20e733 folded before Flop


Poker Hand #TM5643426351: Tournament #266639678, Bounty Hunters Special $8.88 Hold'em No Limit - Level11(300/600(90)) - 2026/02/28 23:11:02
Table '102' 8-max Seat #4 is the button
Seat 1: 4ca2660c (26,052 in chips)
Seat 2: 7fa4b72b (9,910 in chips)
Seat 3: 29e220e6 (17,807 in chips)
Seat 4: b1b3daf2 (16,806 in chips)
Seat 5: 8a22bd7c (14,474 in chips)
Seat 6: Hero (9,255 in chips)
Seat 7: e24bd5df (34,351 in chips)
Seat 8: 4a20e733 (72,777 in chips)
7fa4b72b: posts the ante 90
Hero: posts the ante 90
29e220e6: posts the ante 90
b1b3daf2: posts the ante 90
4a20e733: posts the ante 90
e24bd5df: posts the ante 90
4ca2660c: posts the ante 90
8a22bd7c: posts the ante 90
8a22bd7c: posts small blind 300
Hero: posts big blind 600
*** HOLE CARDS ***
Dealt to 4ca2660c 
Dealt to 7fa4b72b 
Dealt to 29e220e6 
Dealt to b1b3daf2 
Dealt to 8a22bd7c 
Dealt to Hero [8c Ad]
Dealt to e24bd5df 
Dealt to 4a20e733 
e24bd5df: folds
4a20e733: folds
4ca2660c: folds
7fa4b72b: folds
29e220e6: folds
b1b3daf2: folds
8a22bd7c: folds
Uncalled bet (300) returned to Hero
*** SHOWDOWN ***
Hero collected 1,320 from pot
*** SUMMARY ***
Total pot 1,320 | Rake 0 | Jackpot 0 | Bingo 0 | Fortune 0 | Tax 0
Seat 1: 4ca2660c folded before Flop
Seat 2: 7fa4b72b folded before Flop
Seat 3: 29e220e6 folded before Flop
Seat 4: b1b3daf2 (button) folded before Flop
Seat 5: 8a22bd7c (small blind) folded before Flop
Seat 6: Hero (big blind) collected (1,320)
Seat 7: e24bd5df folded before Flop
Seat 8: 4a20e733 folded before Flop


Poker Hand #TM5643426322: Tournament #266639678, Bounty Hunters Special $8.88 Hold'em No Limit - Level11(300/600(90)) - 2026/02/28 23:10:02
Table '102' 8-max Seat #3 is the button
Seat 1: 4ca2660c (12,306 in chips)
Seat 2: 7fa4b72b (10,000 in chips)
Seat 3: 29e220e6 (17,897 in chips)
Seat 4: b1b3daf2 (17,196 in chips)
Seat 5: 8a22bd7c (15,164 in chips)
Seat 6: Hero (21,561 in chips)
Seat 7: e24bd5df (34,441 in chips)
Seat 8: 4a20e733 (72,867 in chips)
7fa4b72b: posts the ante 90
Hero: posts the ante 90
29e220e6: posts the ante 90
b1b3daf2: posts the ante 90
4a20e733: posts the ante 90
e24bd5df: posts the ante 90
4ca2660c: posts the ante 90
8a22bd7c: posts the ante 90
b1b3daf2: posts small blind 300
8a22bd7c: posts big blind 600
*** HOLE CARDS ***
Dealt to 4ca2660c 
Dealt to 7fa4b72b 
Dealt to 29e220e6 
Dealt to b1b3daf2 
Dealt to 8a22bd7c 
Dealt to Hero [9c Tc]
Dealt to e24bd5df 
Dealt to 4a20e733 
Hero: raises 600 to 1,200
e24bd5df: folds
4a20e733: folds
4ca2660c: raises 11,016 to 12,216 and is all-in
7fa4b72b: folds
29e220e6: folds
b1b3daf2: folds
8a22bd7c: folds
Hero: calls 11,016
4ca2660c: shows [Ks Ah]
Hero: shows [9c Tc]
*** FLOP *** [4s 5c 8s]
*** TURN *** [4s 5c 8s] [8d]
*** RIVER *** [4s 5c 8s 8d] [7s]
*** SHOWDOWN ***
4ca2660c collected 26,052 from pot
*** SUMMARY ***
Total pot 26,052 | Rake 0 | Jackpot 0 | Bingo 0 | Fortune 0 | Tax 0
Board [4s 5c 8s 8d 7s]
Seat 1: 4ca2660c showed [Ks Ah] and won (26,052) with a pair of Eights
Seat 2: 7fa4b72b folded before Flop
Seat 3: 29e220e6 (button) folded before Flop
Seat 4: b1b3daf2 (small blind) folded before Flop
Seat 5: 8a22bd7c (big blind) folded before Flop
Seat 6: Hero showed [9c Tc] and lost with a pair of Eights
Seat 7: e24bd5df folded before Flop
Seat 8: 4a20e733 folded before Flop


Poker Hand #TM5643426288: Tournament #266639678, Bounty Hunters Special $8.88 Hold'em No Limit - Level11(300/600(90)) - 2026/02/28 23:08:51
Table '102' 8-max Seat #2 is the button
Seat 1: 4ca2660c (5,433 in chips)
Seat 2: 7fa4b72b (10,090 in chips)
Seat 3: 29e220e6 (18,287 in chips)
Seat 4: b1b3daf2 (17,886 in chips)
Seat 5: 8a22bd7c (20,597 in chips)
Seat 6: Hero (21,651 in chips)
Seat 7: e24bd5df (34,531 in chips)
Seat 8: 4a20e733 (72,957 in chips)
7fa4b72b: posts the ante 90
Hero: posts the ante 90
29e220e6: posts the ante 90
b1b3daf2: posts the ante 90
4a20e733: posts the ante 90
e24bd5df: posts the ante 90
4ca2660c: posts the ante 90
8a22bd7c: posts the ante 90
29e220e6: posts small blind 300
b1b3daf2: posts big blind 600
*** HOLE CARDS ***
Dealt to 4ca2660c 
Dealt to 7fa4b72b 
Dealt to 29e220e6 
Dealt to b1b3daf2 
Dealt to 8a22bd7c 
Dealt to Hero [5h 3d]
Dealt to e24bd5df 
Dealt to 4a20e733 
8a22bd7c: raises 600 to 1,200
Hero: folds
e24bd5df: folds
4a20e733: folds
4ca2660c: raises 4,143 to 5,343 and is all-in
7fa4b72b: folds
29e220e6: folds
b1b3daf2: folds
8a22bd7c: calls 4,143
4ca2660c: shows [Kc Qd]
8a22bd7c: shows [Qs As]
*** FLOP *** [4c Ts Ks]
*** TURN *** [4c Ts Ks] [2h]
*** RIVER *** [4c Ts Ks 2h] [4h]
*** SHOWDOWN ***
4ca2660c collected 12,306 from pot
*** SUMMARY ***
Total pot 12,306 | Rake 0 | Jackpot 0 | Bingo 0 | Fortune 0 | Tax 0
Board [4c Ts Ks 2h 4h]
Seat 1: 4ca2660c showed [Kc Qd] and won (12,306) with two pair, Kings and Fours
Seat 2: 7fa4b72b (button) folded before Flop
Seat 3: 29e220e6 (small blind) folded before Flop
Seat 4: b1b3daf2 (big blind) folded before Flop
Seat 5: 8a22bd7c showed [Qs As] and lost with a pair of Fours
Seat 6: Hero folded before Flop
Seat 7: e24bd5df folded before Flop
Seat 8: 4a20e733 folded before Flop


Poker Hand #TM5643426266: Tournament #266639678, Bounty Hunters Special $8.88 Hold'em No Limit - Level11(300/600(90)) - 2026/02/28 23:07:51
Table '102' 8-max Seat #1 is the button
Seat 1: 4ca2660c (5,523 in chips)
Seat 2: 7fa4b72b (10,480 in chips)
Seat 3: 29e220e6 (19,577 in chips)
Seat 4: b1b3daf2 (17,976 in chips)
Seat 5: 8a22bd7c (20,687 in chips)
Seat 6: Hero (19,521 in chips)
Seat 7: e24bd5df (34,621 in chips)
Seat 8: 4a20e733 (73,047 in chips)
7fa4b72b: posts the ante 90
Hero: posts the ante 90
29e220e6: posts the ante 90
b1b3daf2: posts the ante 90
4a20e733: posts the ante 90
e24bd5df: posts the ante 90
4ca2660c: posts the ante 90
8a22bd7c: posts the ante 90
7fa4b72b: posts small blind 300
29e220e6: posts big blind 600
*** HOLE CARDS ***
Dealt to 4ca2660c 
Dealt to 7fa4b72b 
Dealt to 29e220e6 
Dealt to b1b3daf2 
Dealt to 8a22bd7c 
Dealt to Hero [5s 5c]
Dealt to e24bd5df 
Dealt to 4a20e733 
b1b3daf2: folds
8a22bd7c: folds
Hero: raises 600 to 1,200
e24bd5df: folds
4a20e733: folds
4ca2660c: folds
7fa4b72b: folds
29e220e6: calls 600
*** FLOP *** [9s 8d 9h]
29e220e6: checks
Hero: checks
*** TURN *** [9s 8d 9h] [Ad]
29e220e6: checks
Hero: bets 1,129
29e220e6: folds
Uncalled bet (1,129) returned to Hero
*** SHOWDOWN ***
Hero collected 3,420 from pot
*** SUMMARY ***
Total pot 3,420 | Rake 0 | Jackpot 0 | Bingo 0 | Fortune 0 | Tax 0
Board [9s 8d 9h Ad]
Seat 1: 4ca2660c (button) folded before Flop
Seat 2: 7fa4b72b (small blind) folded before Flop
Seat 3: 29e220e6 (big blind) folded on the Turn
Seat 4: b1b3daf2 folded before Flop
Seat 5: 8a22bd7c folded before Flop
Seat 6: Hero won (3,420)
Seat 7: e24bd5df folded before Flop
Seat 8: 4a20e733 folded before Flop


Poker Hand #TM5643426243: Tournament #266639678, Bounty Hunters Special $8.88 Hold'em No Limit - Level11(300/600(90)) - 2026/02/28 23:07:17
Table '102' 8-max Seat #8 is the button
Seat 1: 4ca2660c (5,913 in chips)
Seat 2: 7fa4b72b (11,170 in chips)
Seat 3: 29e220e6 (19,667 in chips)
Seat 4: b1b3daf2 (18,066 in chips)
Seat 5: 8a22bd7c (20,777 in chips)
Seat 6: Hero (20,811 in chips)
Seat 7: e24bd5df (34,711 in chips)
Seat 8: 4a20e733 (70,317 in chips)
7fa4b72b: posts the ante 90
Hero: posts the ante 90
29e220e6: posts the ante 90
b1b3daf2: posts the ante 90
4a20e733: posts the ante 90
e24bd5df: posts the ante 90
4ca2660c: posts the ante 90
8a22bd7c: posts the ante 90
4ca2660c: posts small blind 300
7fa4b72b: posts big blind 600
*** HOLE CARDS ***
Dealt to 4ca2660c 
Dealt to 7fa4b72b 
Dealt to 29e220e6 
Dealt to b1b3daf2 
Dealt to 8a22bd7c 
Dealt to Hero [Ks Jd]
Dealt to e24bd5df 
Dealt to 4a20e733 
29e220e6: folds
b1b3daf2: folds
8a22bd7c: folds
Hero: raises 600 to 1,200
e24bd5df: folds
4a20e733: raises 2,400 to 3,600
4ca2660c: folds
7fa4b72b: folds
Hero: folds
Uncalled bet (2,400) returned to 4a20e733
*** SHOWDOWN ***
4a20e733 collected 4,020 from pot
*** SUMMARY ***
Total pot 4,020 | Rake 0 | Jackpot 0 | Bingo 0 | Fortune 0 | Tax 0
Seat 1: 4ca2660c (small blind) folded before Flop
Seat 2: 7fa4b72b (big blind) folded before Flop
Seat 3: 29e220e6 folded before Flop
Seat 4: b1b3daf2 folded before Flop
Seat 5: 8a22bd7c folded before Flop
Seat 6: Hero folded before Flop
Seat 7: e24bd5df folded before Flop
Seat 8: 4a20e733 (button) collected (4,020)


Poker Hand #TM5643426216: Tournament #266639678, Bounty Hunters Special $8.88 Hold'em No Limit - Level11(300/600(90)) - 2026/02/28 23:06:20
Table '102' 8-max Seat #7 is the button
Seat 1: 4ca2660c (6,603 in chips)
Seat 2: 7fa4b72b (11,260 in chips)
Seat 3: 29e220e6 (19,757 in chips)
Seat 4: b1b3daf2 (18,156 in chips)
Seat 5: 8a22bd7c (19,247 in chips)
Seat 6: Hero (20,901 in chips)
Seat 7: e24bd5df (34,801 in chips)
Seat 8: 4a20e733 (70,707 in chips)
7fa4b72b: posts the ante 90
Hero: posts the ante 90
29e220e6: posts the ante 90
b1b3daf2: posts the ante 90
4a20e733: posts the ante 90
e24bd5df: posts the ante 90
4ca2660c: posts the ante 90
8a22bd7c: posts the ante 90
4a20e733: posts small blind 300
4ca2660c: posts big blind 600
*** HOLE CARDS ***
Dealt to 4ca2660c 
Dealt to 7fa4b72b 
Dealt to 29e220e6 
Dealt to b1b3daf2 
Dealt to 8a22bd7c 
Dealt to Hero [Qh 4s]
Dealt to e24bd5df 
Dealt to 4a20e733 
7fa4b72b: folds
29e220e6: folds
b1b3daf2: folds
8a22bd7c: raises 600 to 1,200
Hero: folds
e24bd5df: folds
4a20e733: folds
4ca2660c: folds
Uncalled bet (600) returned to 8a22bd7c
*** SHOWDOWN ***
8a22bd7c collected 2,220 from pot
*** SUMMARY ***
Total pot 2,220 | Rake 0 | Jackpot 0 | Bingo 0 | Fortune 0 | Tax 0
Seat 1: 4ca2660c (big blind) folded before Flop
Seat 2: 7fa4b72b folded before Flop
Seat 3: 29e220e6 folded before Flop
Seat 4: b1b3daf2 folded before Flop
Seat 5: 8a22bd7c collected (2,220)
Seat 6: Hero folded before Flop
Seat 7: e24bd5df (button) folded before Flop
Seat 8: 4a20e733 (small blind) folded before Flop


Poker Hand #TM5643426204: Tournament #266639678, Bounty Hunters Special $8.88 Hold'em No Limit - Level11(300/600(90)) - 2026/02/28 23:05:46
Table '102' 8-max Seat #6 is the button
Seat 1: 4ca2660c (5,073 in chips)
Seat 2: 7fa4b72b (11,350 in chips)
Seat 3: 29e220e6 (19,847 in chips)
Seat 4: b1b3daf2 (18,246 in chips)
Seat 5: 8a22bd7c (19,337 in chips)
Seat 6: Hero (20,991 in chips)
Seat 7: e24bd5df (35,191 in chips)
Seat 8: 4a20e733 (71,397 in chips)
7fa4b72b: posts the ante 90
Hero: posts the ante 90
29e220e6: posts the ante 90
b1b3daf2: posts the ante 90
4a20e733: posts the ante 90
e24bd5df: posts the ante 90
4ca2660c: posts the ante 90
8a22bd7c: posts the ante 90
e24bd5df: posts small blind 300
4a20e733: posts big blind 600
*** HOLE CARDS ***
Dealt to 4ca2660c 
Dealt to 7fa4b72b 
Dealt to 29e220e6 
Dealt to b1b3daf2 
Dealt to 8a22bd7c 
Dealt to Hero [3d Js]
Dealt to e24bd5df 
Dealt to 4a20e733 
4ca2660c: raises 4,383 to 4,983 and is all-in
7fa4b72b: folds
29e220e6: folds
b1b3daf2: folds
8a22bd7c: folds
Hero: folds
e24bd5df: folds
4a20e733: folds
Uncalled bet (4,383) returned to 4ca2660c
*** SHOWDOWN ***
4ca2660c collected 2,220 from pot
*** SUMMARY ***
Total pot 2,220 | Rake 0 | Jackpot 0 | Bingo 0 | Fortune 0 | Tax 0
Seat 1: 4ca2660c collected (2,220)
Seat 2: 7fa4b72b folded before Flop
Seat 3: 29e220e6 folded before Flop
Seat 4: b1b3daf2 folded before Flop
Seat 5: 8a22bd7c folded before Flop
Seat 6: Hero (button) folded before Flop
Seat 7: e24bd5df (small blind) folded before Flop
Seat 8: 4a20e733 (big blind) folded before Flop


Poker Hand #TM5643426181: Tournament #266639678, Bounty Hunters Special $8.88 Hold'em No Limit - Level11(300/600(90)) - 2026/02/28 23:05:01
Table '102' 8-max Seat #5 is the button
Seat 1: 4ca2660c (5,163 in chips)
Seat 2: 7fa4b72b (11,440 in chips)
Seat 3: 29e220e6 (19,937 in chips)
Seat 4: b1b3daf2 (16,716 in chips)
Seat 5: 8a22bd7c (19,427 in chips)
Seat 6: Hero (21,381 in chips)
Seat 7: e24bd5df (35,881 in chips)
Seat 8: 4a20e733 (71,487 in chips)
7fa4b72b: posts the ante 90
Hero: posts the ante 90
29e220e6: posts the ante 90
b1b3daf2: posts the ante 90
4a20e733: posts the ante 90
e24bd5df: posts the ante 90
4ca2660c: posts the ante 90
8a22bd7c: posts the ante 90
Hero: posts small blind 300
e24bd5df: posts big blind 600
*** HOLE CARDS ***
Dealt to 4ca2660c 
Dealt to 7fa4b72b 
Dealt to 29e220e6 
Dealt to b1b3daf2 
Dealt to 8a22bd7c 
Dealt to Hero [7c Ad]
Dealt to e24bd5df 
Dealt to 4a20e733 
4a20e733: folds
4ca2660c: folds
7fa4b72b: folds
29e220e6: folds
b1b3daf2: raises 600 to 1,200
8a22bd7c: folds
Hero: folds
e24bd5df: folds
Uncalled bet (600) returned to b1b3daf2
*** SHOWDOWN ***
b1b3daf2 collected 2,220 from pot
*** SUMMARY ***
Total pot 2,220 | Rake 0 | Jackpot 0 | Bingo 0 | Fortune 0 | Tax 0
Seat 1: 4ca2660c folded before Flop
Seat 2: 7fa4b72b folded before Flop
Seat 3: 29e220e6 folded before Flop
Seat 4: b1b3daf2 showed [Ac As] and collected (2,220)
Seat 5: 8a22bd7c (button) folded before Flop
Seat 6: Hero (small blind) folded before Flop
Seat 7: e24bd5df (big blind) folded before Flop
Seat 8: 4a20e733 folded before Flop


Poker Hand #TM5643426160: Tournament #266639678, Bounty Hunters Special $8.88 Hold'em No Limit - Level11(300/600(90)) - 2026/02/28 23:04:22
Table '102' 8-max Seat #4 is the button
Seat 1: 4ca2660c (5,253 in chips)
Seat 2: 7fa4b72b (11,530 in chips)
Seat 3: 29e220e6 (20,027 in chips)
Seat 4: b1b3daf2 (16,806 in chips)
Seat 5: 8a22bd7c (19,817 in chips)
Seat 6: Hero (20,451 in chips)
Seat 7: e24bd5df (35,971 in chips)
Seat 8: 4a20e733 (71,577 in chips)
7fa4b72b: posts the ante 90
Hero: posts the ante 90
29e220e6: posts the ante 90
b1b3daf2: posts the ante 90
4a20e733: posts the ante 90
e24bd5df: posts the ante 90
4ca2660c: posts the ante 90
8a22bd7c: posts the ante 90
8a22bd7c: posts small blind 300
Hero: posts big blind 600
*** HOLE CARDS ***
Dealt to 4ca2660c 
Dealt to 7fa4b72b 
Dealt to 29e220e6 
Dealt to b1b3daf2 
Dealt to 8a22bd7c 
Dealt to Hero [Kd 7c]
Dealt to e24bd5df 
Dealt to 4a20e733 
e24bd5df: folds
4a20e733: folds
4ca2660c: folds
7fa4b72b: folds
29e220e6: folds
b1b3daf2: folds
8a22bd7c: folds
Uncalled bet (300) returned to Hero
*** SHOWDOWN ***
Hero collected 1,320 from pot
*** SUMMARY ***
Total pot 1,320 | Rake 0 | Jackpot 0 | Bingo 0 | Fortune 0 | Tax 0
Seat 1: 4ca2660c folded before Flop
Seat 2: 7fa4b72b folded before Flop
Seat 3: 29e220e6 folded before Flop
Seat 4: b1b3daf2 (button) folded before Flop
Seat 5: 8a22bd7c (small blind) folded before Flop
Seat 6: Hero (big blind) collected (1,320)
Seat 7: e24bd5df folded before Flop
Seat 8: 4a20e733 folded before Flop


Poker Hand #TM5643426142: Tournament #266639678, Bounty Hunters Special $8.88 Hold'em No Limit - Level11(300/600(90)) - 2026/02/28 23:03:40
Table '102' 8-max Seat #3 is the button
Seat 1: 4ca2660c (5,343 in chips)
Seat 2: 7fa4b72b (10,000 in chips)
Seat 3: 29e220e6 (20,117 in chips)
Seat 4: b1b3daf2 (17,196 in chips)
Seat 5: 8a22bd7c (20,507 in chips)
Seat 6: Hero (20,541 in chips)
Seat 7: e24bd5df (36,061 in chips)
Seat 8: 4a20e733 (71,667 in chips)
7fa4b72b: posts the ante 90
Hero: posts the ante 90
29e220e6: posts the ante 90
b1b3daf2: posts the ante 90
4a20e733: posts the ante 90
e24bd5df: posts the ante 90
4ca2660c: posts the ante 90
8a22bd7c: posts the ante 90
b1b3daf2: posts small blind 300
8a22bd7c: posts big blind 600
*** HOLE CARDS ***
Dealt to 4ca2660c 
Dealt to 7fa4b72b 
Dealt to 29e220e6 
Dealt to b1b3daf2 
Dealt to 8a22bd7c 
Dealt to Hero [Qh Tc]
Dealt to e24bd5df 
Dealt to 4a20e733 
Hero: folds
e24bd5df: folds
4a20e733: folds
4ca2660c: folds
7fa4b72b: raises 9,310 to 9,910 and is all-in
29e220e6: folds
b1b3daf2: folds
8a22bd7c: folds
Uncalled bet (9,310) returned to 7fa4b72b
*** SHOWDOWN ***
7fa4b72b collected 2,220 from pot
*** SUMMARY ***
Total pot 2,220 | Rake 0 | Jackpot 0 | Bingo 0 | Fortune 0 | Tax 0
Seat 1: 4ca2660c folded before Flop
Seat 2: 7fa4b72b collected (2,220)
Seat 3: 29e220e6 (button) folded before Flop
Seat 4: b1b3daf2 (small blind) folded before Flop
Seat 5: 8a22bd7c (big blind) folded before Flop
Seat 6: Hero folded before Flop
Seat 7: e24bd5df folded before Flop
Seat 8: 4a20e733 folded before Flop


Poker Hand #TM5643426114: Tournament #266639678, Bounty Hunters Special $8.88 Hold'em No Limit - Level10(250/500(75)) - 2026/02/28 23:02:52
Table '102' 8-max Seat #1 is the button
Seat 1: 4ca2660c (5,418 in chips)
Seat 3: 29e220e6 (20,442 in chips)
Seat 4: b1b3daf2 (17,771 in chips)
Seat 5: 8a22bd7c (20,582 in chips)
Seat 6: Hero (20,616 in chips)
Seat 7: e24bd5df (34,861 in chips)
Seat 8: 4a20e733 (71,742 in chips)
Hero: posts the ante 75
29e220e6: posts the ante 75
b1b3daf2: posts the ante 75
4a20e733: posts the ante 75
e24bd5df: posts the ante 75
4ca2660c: posts the ante 75
8a22bd7c: posts the ante 75
29e220e6: posts small blind 250
b1b3daf2: posts big blind 500
*** HOLE CARDS ***
Dealt to 4ca2660c 
Dealt to 29e220e6 
Dealt to b1b3daf2 
Dealt to 8a22bd7c 
Dealt to Hero [4c Kh]
Dealt to e24bd5df 
Dealt to 4a20e733 
8a22bd7c: folds
Hero: folds
e24bd5df: raises 550 to 1,050
4a20e733: folds
4ca2660c: folds
29e220e6: folds
b1b3daf2: folds
Uncalled bet (550) returned to e24bd5df
*** SHOWDOWN ***
e24bd5df collected 1,775 from pot
*** SUMMARY ***
Total pot 1,775 | Rake 0 | Jackpot 0 | Bingo 0 | Fortune 0 | Tax 0
Seat 1: 4ca2660c (button) folded before Flop
Seat 3: 29e220e6 (small blind) folded before Flop
Seat 4: b1b3daf2 (big blind) folded before Flop
Seat 5: 8a22bd7c folded before Flop
Seat 6: Hero folded before Flop
Seat 7: e24bd5df collected (1,775)
Seat 8: 4a20e733 folded before Flop


Poker Hand #TM5643426098: Tournament #266639678, Bounty Hunters Special $8.88 Hold'em No Limit - Level10(250/500(75)) - 2026/02/28 23:01:58
Table '102' 8-max Seat #8 is the button
Seat 1: 4ca2660c (5,743 in chips)
Seat 2: 951aef19 (4,777 in chips)
Seat 3: 29e220e6 (14,965 in chips)
Seat 4: b1b3daf2 (17,846 in chips)
Seat 5: 8a22bd7c (20,657 in chips)
Seat 6: Hero (20,691 in chips)
Seat 7: e24bd5df (34,936 in chips)
Seat 8: 4a20e733 (71,817 in chips)
Hero: posts the ante 75
29e220e6: posts the ante 75
b1b3daf2: posts the ante 75
4a20e733: posts the ante 75
e24bd5df: posts the ante 75
951aef19: posts the ante 75
4ca2660c: posts the ante 75
8a22bd7c: posts the ante 75
4ca2660c: posts small blind 250
951aef19: posts big blind 500
*** HOLE CARDS ***
Dealt to 4ca2660c 
Dealt to 951aef19 
Dealt to 29e220e6 
Dealt to b1b3daf2 
Dealt to 8a22bd7c 
Dealt to Hero [3c 5h]
Dealt to e24bd5df 
Dealt to 4a20e733 
29e220e6: raises 600 to 1,100
b1b3daf2: folds
8a22bd7c: folds
Hero: folds
e24bd5df: folds
4a20e733: folds
4ca2660c: folds
951aef19: raises 3,602 to 4,702 and is all-in
29e220e6: calls 3,602
951aef19: shows [Ad 8h]
29e220e6: shows [7c 7h]
*** FLOP *** [Ks 7s Qd]
*** TURN *** [Ks 7s Qd] [2s]
*** RIVER *** [Ks 7s Qd 2s] [Th]
*** SHOWDOWN ***
29e220e6 collected 10,254 from pot
*** SUMMARY ***
Total pot 10,254 | Rake 0 | Jackpot 0 | Bingo 0 | Fortune 0 | Tax 0
Board [Ks 7s Qd 2s Th]
Seat 1: 4ca2660c (small blind) folded before Flop
Seat 2: 951aef19 (big blind) showed [Ad 8h] and lost with Ace high
Seat 3: 29e220e6 showed [7c 7h] and won (10,254) with three of a kind, Sevens
Seat 4: b1b3daf2 folded before Flop
Seat 5: 8a22bd7c folded before Flop
Seat 6: Hero folded before Flop
Seat 7: e24bd5df folded before Flop
Seat 8: 4a20e733 (button) folded before Flop


Poker Hand #TM5643426053: Tournament #266639678, Bounty Hunters Special $8.88 Hold'em No Limit - Level10(250/500(75)) - 2026/02/28 22:54:44
Table '102' 8-max Seat #7 is the button
Seat 1: 4ca2660c (6,318 in chips)
Seat 2: 951aef19 (4,852 in chips)
Seat 3: 29e220e6 (21,370 in chips)
Seat 4: b1b3daf2 (17,921 in chips)
Seat 5: 8a22bd7c (20,732 in chips)
Seat 6: Hero (20,766 in chips)
Seat 7: e24bd5df (35,011 in chips)
Seat 8: 4a20e733 (64,462 in chips)
Hero: posts the ante 75
29e220e6: posts the ante 75
b1b3daf2: posts the ante 75
4a20e733: posts the ante 75
e24bd5df: posts the ante 75
951aef19: posts the ante 75
4ca2660c: posts the ante 75
8a22bd7c: posts the ante 75
4a20e733: posts small blind 250
4ca2660c: posts big blind 500
*** HOLE CARDS ***
Dealt to 4ca2660c 
Dealt to 951aef19 
Dealt to 29e220e6 
Dealt to b1b3daf2 
Dealt to 8a22bd7c 
Dealt to Hero [6h 9s]
Dealt to e24bd5df 
Dealt to 4a20e733 
951aef19: folds
29e220e6: raises 600 to 1,100
b1b3daf2: folds
8a22bd7c: folds
Hero: folds
e24bd5df: folds
4a20e733: raises 2,650 to 3,750
4ca2660c: folds
29e220e6: calls 2,650
*** FLOP *** [4s Kc Qd]
4a20e733: checks
29e220e6: bets 2,580
4a20e733: raises 58,057 to 60,637 and is all-in
29e220e6: folds
Uncalled bet (58,057) returned to 4a20e733
*** SHOWDOWN ***
4a20e733 collected 13,760 from pot
*** SUMMARY ***
Total pot 13,760 | Rake 0 | Jackpot 0 | Bingo 0 | Fortune 0 | Tax 0
Board [4s Kc Qd]
Seat 1: 4ca2660c (big blind) folded before Flop
Seat 2: 951aef19 folded before Flop
Seat 3: 29e220e6 folded on the Flop
Seat 4: b1b3daf2 folded before Flop
Seat 5: 8a22bd7c folded before Flop
Seat 6: Hero folded before Flop
Seat 7: e24bd5df (button) folded before Flop
Seat 8: 4a20e733 (small blind) showed [Ac Ah] and won (13,760)


Poker Hand #TM5643701311: Tournament #266639678, Bounty Hunters Special $8.88 Hold'em No Limit - Level10(250/500(75)) - 2026/02/28 22:53:34
Table '114' 8-max Seat #8 is the button
Seat 1: Hero (21,091 in chips)
Seat 2: 1828ca84 (3,475 in chips)
Seat 3: 6f916b56 (3,385 in chips)
Seat 4: 112017eb (41,618 in chips)
Seat 5: a70abdc8 (16,216 in chips)
Seat 6: 8fc01314 (9,054 in chips)
Seat 7: 591215f0 (55,493 in chips)
Seat 8: 6159cacd (16,155 in chips)
1828ca84: posts the ante 75
6f916b56: posts the ante 75
112017eb: posts the ante 75
Hero: posts the ante 75
8fc01314: posts the ante 75
591215f0: posts the ante 75
6159cacd: posts the ante 75
a70abdc8: posts the ante 75
Hero: posts small blind 250
1828ca84: posts big blind 500
*** HOLE CARDS ***
Dealt to Hero [Kd 4d]
Dealt to 1828ca84 
Dealt to 6f916b56 
Dealt to 112017eb 
Dealt to a70abdc8 
Dealt to 8fc01314 
Dealt to 591215f0 
Dealt to 6159cacd 
6f916b56: raises 2,810 to 3,310 and is all-in
112017eb: calls 3,310
a70abdc8: folds
8fc01314: raises 5,669 to 8,979 and is all-in
591215f0: raises 25,928 to 34,907
6159cacd: folds
Hero: folds
1828ca84: calls 2,900 and is all-in
112017eb: raises 6,636 to 41,543 and is all-in
591215f0: calls 6,636
112017eb: shows [Ac As]
8fc01314: shows [9c 9s]
591215f0: shows [6h 6c]
1828ca84: shows [9h 7h]
6f916b56: shows [5s 7s]
*** FLOP *** [Kc Ad 2d]
*** TURN *** [Kc Ad 2d] [2c]
*** RIVER *** [Kc Ad 2d 2c] [Qd]
*** SHOWDOWN ***
112017eb collected 17,400 from pot
112017eb collected 360 from pot
112017eb collected 16,737 from pot
112017eb collected 65,128 from pot
*** SUMMARY ***
Total pot 99,625 | Rake 0 | Jackpot 0 | Bingo 0 | Fortune 0 | Tax 0
Board [Kc Ad 2d 2c Qd]
Seat 1: Hero (small blind) folded before Flop
Seat 2: 1828ca84 (big blind) showed [9h 7h] and lost with a pair of Twos
Seat 3: 6f916b56 showed [5s 7s] and lost with a pair of Twos
Seat 4: 112017eb showed [Ac As] and won (99,625) with a full house, Aces full of Twos
Seat 5: a70abdc8 folded before Flop
Seat 6: 8fc01314 showed [9c 9s] and lost with two pair, Nines and Twos
Seat 7: 591215f0 showed [6h 6c] and lost with two pair, Sixes and Twos
Seat 8: 6159cacd (button) folded before Flop


Poker Hand #TM5643701286: Tournament #266639678, Bounty Hunters Special $8.88 Hold'em No Limit - Level10(250/500(75)) - 2026/02/28 22:52:25
Table '114' 8-max Seat #7 is the button
Seat 1: Hero (11,116 in chips)
Seat 2: 1828ca84 (10,000 in chips)
Seat 3: 6f916b56 (3,460 in chips)
Seat 4: 112017eb (41,693 in chips)
Seat 5: a70abdc8 (17,791 in chips)
Seat 6: 8fc01314 (9,129 in chips)
Seat 7: 591215f0 (55,568 in chips)
Seat 8: 6159cacd (17,730 in chips)
1828ca84: posts the ante 75
6f916b56: posts the ante 75
112017eb: posts the ante 75
Hero: posts the ante 75
8fc01314: posts the ante 75
591215f0: posts the ante 75
6159cacd: posts the ante 75
a70abdc8: posts the ante 75
6159cacd: posts small blind 250
Hero: posts big blind 500
*** HOLE CARDS ***
Dealt to Hero [Qd 4d]
Dealt to 1828ca84 
Dealt to 6f916b56 
Dealt to 112017eb 
Dealt to a70abdc8 
Dealt to 8fc01314 
Dealt to 591215f0 
Dealt to 6159cacd 
1828ca84: raises 1,000 to 1,500
6f916b56: folds
112017eb: folds
a70abdc8: calls 1,500
8fc01314: folds
591215f0: folds
6159cacd: calls 1,250
Hero: calls 1,000
*** FLOP *** [3s 4h 4c]
6159cacd: checks
Hero: checks
1828ca84: checks
a70abdc8: checks
*** TURN *** [3s 4h 4c] [Td]
6159cacd: checks
Hero: checks
1828ca84: checks
a70abdc8: checks
*** RIVER *** [3s 4h 4c Td] [Th]
6159cacd: checks
Hero: checks
1828ca84: bets 4,950
a70abdc8: folds
6159cacd: folds
Hero: calls 4,950
1828ca84: shows [Ah Qh] (two pair, Tens and Fours)
Hero: shows [Qd 4d] (a full house, Fours full of Tens)
*** SHOWDOWN ***
Hero collected 16,500 from pot
*** SUMMARY ***
Total pot 16,500 | Rake 0 | Jackpot 0 | Bingo 0 | Fortune 0 | Tax 0
Board [3s 4h 4c Td Th]
Seat 1: Hero (big blind) showed [Qd 4d] and won (16,500) with a full house, Fours full of Tens
Seat 2: 1828ca84 showed [Ah Qh] and lost with two pair, Tens and Fours
Seat 3: 6f916b56 folded before Flop
Seat 4: 112017eb folded before Flop
Seat 5: a70abdc8 folded on the River
Seat 6: 8fc01314 folded before Flop
Seat 7: 591215f0 (button) folded before Flop
Seat 8: 6159cacd (small blind) folded on the River


Poker Hand #TM5643701273: Tournament #266639678, Bounty Hunters Special $8.88 Hold'em No Limit - Level10(250/500(75)) - 2026/02/28 22:51:43
Table '114' 8-max Seat #6 is the button
Seat 1: Hero (14,079 in chips)
Seat 3: 6f916b56 (3,535 in chips)
Seat 4: 112017eb (41,768 in chips)
Seat 5: a70abdc8 (18,866 in chips)
Seat 6: 8fc01314 (9,204 in chips)
Seat 7: 591215f0 (55,893 in chips)
Seat 8: 6159cacd (13,142 in chips)
6f916b56: posts the ante 75
112017eb: posts the ante 75
Hero: posts the ante 75
8fc01314: posts the ante 75
591215f0: posts the ante 75
6159cacd: posts the ante 75
a70abdc8: posts the ante 75
591215f0: posts small blind 250
6159cacd: posts big blind 500
*** HOLE CARDS ***
Dealt to Hero [9c 9d]
Dealt to 6f916b56 
Dealt to 112017eb 
Dealt to a70abdc8 
Dealt to 8fc01314 
Dealt to 591215f0 
Dealt to 6159cacd 
Hero: raises 500 to 1,000
6f916b56: folds
112017eb: folds
a70abdc8: calls 1,000
8fc01314: folds
591215f0: folds
6159cacd: calls 500
*** FLOP *** [3c 8c Kc]
6159cacd: checks
Hero: checks
a70abdc8: checks
*** TURN *** [3c 8c Kc] [7h]
6159cacd: bets 1,888
Hero: calls 1,888
a70abdc8: folds
*** RIVER *** [3c 8c Kc 7h] [As]
6159cacd: checks
Hero: checks
6159cacd: shows [6c 4c] (a flush King high)
Hero: shows [9c 9d] (a pair of Nines)
*** SHOWDOWN ***
6159cacd collected 7,551 from pot
*** SUMMARY ***
Total pot 7,551 | Rake 0 | Jackpot 0 | Bingo 0 | Fortune 0 | Tax 0
Board [3c 8c Kc 7h As]
Seat 1: Hero showed [9c 9d] and lost with a pair of Nines
Seat 3: 6f916b56 folded before Flop
Seat 4: 112017eb folded before Flop
Seat 5: a70abdc8 folded on the Turn
Seat 6: 8fc01314 (button) folded before Flop
Seat 7: 591215f0 (small blind) folded before Flop
Seat 8: 6159cacd (big blind) showed [6c 4c] and won (7,551) with a flush King high


Poker Hand #TM5643701257: Tournament #266639678, Bounty Hunters Special $8.88 Hold'em No Limit - Level10(250/500(75)) - 2026/02/28 22:51:01
Table '114' 8-max Seat #5 is the button
Seat 1: Hero (14,154 in chips)
Seat 2: d8b90d1 (8,155 in chips)
Seat 3: 6f916b56 (3,610 in chips)
Seat 4: 112017eb (41,843 in chips)
Seat 5: a70abdc8 (18,941 in chips)
Seat 6: 8fc01314 (2,943 in chips)
Seat 7: 591215f0 (53,624 in chips)
Seat 8: 6159cacd (13,217 in chips)
6f916b56: posts the ante 75
d8b90d1: posts the ante 75
112017eb: posts the ante 75
Hero: posts the ante 75
8fc01314: posts the ante 75
591215f0: posts the ante 75
6159cacd: posts the ante 75
a70abdc8: posts the ante 75
8fc01314: posts small blind 250
591215f0: posts big blind 500
*** HOLE CARDS ***
Dealt to Hero [6h 9h]
Dealt to d8b90d1 
Dealt to 6f916b56 
Dealt to 112017eb 
Dealt to a70abdc8 
Dealt to 8fc01314 
Dealt to 591215f0 
Dealt to 6159cacd 
6159cacd: folds
Hero: folds
d8b90d1: raises 7,580 to 8,080 and is all-in
6f916b56: folds
112017eb: folds
a70abdc8: folds
8fc01314: calls 2,618 and is all-in
591215f0: calls 7,580
d8b90d1: shows [Jd Ad]
8fc01314: shows [Th Tc]
591215f0: shows [7s Kd]
*** FLOP *** [Kh Ts Qc]
*** TURN *** [Kh Ts Qc] [Td]
*** RIVER *** [Kh Ts Qc Td] [Ks]
*** SHOWDOWN ***
8fc01314 collected 9,204 from pot
591215f0 collected 10,424 from pot
*** SUMMARY ***
Total pot 19,628 | Rake 0 | Jackpot 0 | Bingo 0 | Fortune 0 | Tax 0
Board [Kh Ts Qc Td Ks]
Seat 1: Hero folded before Flop
Seat 2: d8b90d1 showed [Jd Ad] and lost with a straight, Ace to Ten
Seat 3: 6f916b56 folded before Flop
Seat 4: 112017eb folded before Flop
Seat 5: a70abdc8 (button) folded before Flop
Seat 6: 8fc01314 (small blind) showed [Th Tc] and won (9,204) with four of a kind, Tens
Seat 7: 591215f0 (big blind) showed [7s Kd] and won (10,424) with a full house, Kings full of Tens
Seat 8: 6159cacd folded before Flop


Poker Hand #TM5643701244: Tournament #266639678, Bounty Hunters Special $8.88 Hold'em No Limit - Level10(250/500(75)) - 2026/02/28 22:50:20
Table '114' 8-max Seat #4 is the button
Seat 1: Hero (6,727 in chips)
Seat 2: d8b90d1 (8,230 in chips)
Seat 3: 6f916b56 (3,685 in chips)
Seat 4: 112017eb (41,918 in chips)
Seat 5: a70abdc8 (19,266 in chips)
Seat 6: 8fc01314 (9,670 in chips)
Seat 7: 591215f0 (53,699 in chips)
Seat 8: 6159cacd (13,292 in chips)
6f916b56: posts the ante 75
d8b90d1: posts the ante 75
112017eb: posts the ante 75
Hero: posts the ante 75
8fc01314: posts the ante 75
591215f0: posts the ante 75
6159cacd: posts the ante 75
a70abdc8: posts the ante 75
a70abdc8: posts small blind 250
8fc01314: posts big blind 500
*** HOLE CARDS ***
Dealt to Hero [Tc Ah]
Dealt to d8b90d1 
Dealt to 6f916b56 
Dealt to 112017eb 
Dealt to a70abdc8 
Dealt to 8fc01314 
Dealt to 591215f0 
Dealt to 6159cacd 
591215f0: folds
6159cacd: folds
Hero: raises 5,652 to 6,152
d8b90d1: folds
6f916b56: folds
112017eb: folds
a70abdc8: folds
8fc01314: raises 3,443 to 9,595 and is all-in
Hero: calls 500 and is all-in
Uncalled bet (2,943) returned to 8fc01314
8fc01314: shows [9s 3s]
Hero: shows [Tc Ah]
*** FLOP *** [Kd 7c 8c]
*** TURN *** [Kd 7c 8c] [Qh]
*** RIVER *** [Kd 7c 8c Qh] [2c]
*** SHOWDOWN ***
Hero collected 14,154 from pot
*** SUMMARY ***
Total pot 14,154 | Rake 0 | Jackpot 0 | Bingo 0 | Fortune 0 | Tax 0
Board [Kd 7c 8c Qh 2c]
Seat 1: Hero showed [Tc Ah] and won (14,154) with Ace high
Seat 2: d8b90d1 folded before Flop
Seat 3: 6f916b56 folded before Flop
Seat 4: 112017eb (button) folded before Flop
Seat 5: a70abdc8 (small blind) folded before Flop
Seat 6: 8fc01314 (big blind) showed [9s 3s] and lost with King high
Seat 7: 591215f0 folded before Flop
Seat 8: 6159cacd folded before Flop


Poker Hand #TM5643701232: Tournament #266639678, Bounty Hunters Special $8.88 Hold'em No Limit - Level10(250/500(75)) - 2026/02/28 22:49:34
Table '114' 8-max Seat #3 is the button
Seat 1: Hero (6,802 in chips)
Seat 2: d8b90d1 (8,305 in chips)
Seat 3: 6f916b56 (3,760 in chips)
Seat 4: 112017eb (46,341 in chips)
Seat 5: a70abdc8 (14,393 in chips)
Seat 6: 8fc01314 (9,745 in chips)
Seat 7: 591215f0 (53,774 in chips)
Seat 8: 6159cacd (13,367 in chips)
6f916b56: posts the ante 75
d8b90d1: posts the ante 75
112017eb: posts the ante 75
Hero: posts the ante 75
8fc01314: posts the ante 75
591215f0: posts the ante 75
6159cacd: posts the ante 75
a70abdc8: posts the ante 75
112017eb: posts small blind 250
a70abdc8: posts big blind 500
*** HOLE CARDS ***
Dealt to Hero [7s 6d]
Dealt to d8b90d1 
Dealt to 6f916b56 
Dealt to 112017eb 
Dealt to a70abdc8 
Dealt to 8fc01314 
Dealt to 591215f0 
Dealt to 6159cacd 
8fc01314: folds
591215f0: folds
6159cacd: folds
Hero: folds
d8b90d1: folds
6f916b56: folds
112017eb: raises 500 to 1,000
a70abdc8: raises 1,500 to 2,500
112017eb: calls 1,500
*** FLOP *** [4c Qh Qs]
112017eb: checks
a70abdc8: checks
*** TURN *** [4c Qh Qs] [As]
112017eb: bets 1,848
a70abdc8: calls 1,848
*** RIVER *** [4c Qh Qs As] [6h]
112017eb: checks
a70abdc8: bets 4,648
112017eb: folds
Uncalled bet (4,648) returned to a70abdc8
*** SHOWDOWN ***
a70abdc8 collected 9,296 from pot
*** SUMMARY ***
Total pot 9,296 | Rake 0 | Jackpot 0 | Bingo 0 | Fortune 0 | Tax 0
Board [4c Qh Qs As 6h]
Seat 1: Hero folded before Flop
Seat 2: d8b90d1 folded before Flop
Seat 3: 6f916b56 (button) folded before Flop
Seat 4: 112017eb (small blind) folded on the River
Seat 5: a70abdc8 (big blind) showed [Ad Qc] and won (9,296)
Seat 6: 8fc01314 folded before Flop
Seat 7: 591215f0 folded before Flop
Seat 8: 6159cacd folded before Flop


Poker Hand #TM5643701215: Tournament #266639678, Bounty Hunters Special $8.88 Hold'em No Limit - Level10(250/500(75)) - 2026/02/28 22:48:48
Table '114' 8-max Seat #2 is the button
Seat 1: Hero (6,877 in chips)
Seat 2: d8b90d1 (8,380 in chips)
Seat 3: 6f916b56 (6,191 in chips)
Seat 4: 112017eb (43,460 in chips)
Seat 5: a70abdc8 (14,468 in chips)
Seat 6: 8fc01314 (9,820 in chips)
Seat 7: 591215f0 (53,849 in chips)
Seat 8: 6159cacd (13,442 in chips)
d8b90d1: posts the ante 75
6f916b56: posts the ante 75
112017eb: posts the ante 75
Hero: posts the ante 75
8fc01314: posts the ante 75
591215f0: posts the ante 75
6159cacd: posts the ante 75
a70abdc8: posts the ante 75
6f916b56: posts small blind 250
112017eb: posts big blind 500
*** HOLE CARDS ***
Dealt to Hero [8s Jd]
Dealt to d8b90d1 
Dealt to 6f916b56 
Dealt to 112017eb 
Dealt to a70abdc8 
Dealt to 8fc01314 
Dealt to 591215f0 
Dealt to 6159cacd 
a70abdc8: folds
8fc01314: folds
591215f0: folds
6159cacd: folds
Hero: folds
d8b90d1: folds
6f916b56: calls 250
112017eb: checks
*** FLOP *** [7c Th Td]
6f916b56: bets 528
112017eb: calls 528
*** TURN *** [7c Th Td] [Qh]
6f916b56: checks
112017eb: checks
*** RIVER *** [7c Th Td Qh] [8h]
6f916b56: checks
112017eb: bets 1,328
6f916b56: calls 1,328
112017eb: shows [7s Tc] (a full house, Tens full of Sevens)
6f916b56: shows [9h 7d] (two pair, Tens and Sevens)
*** SHOWDOWN ***
112017eb collected 5,312 from pot
*** SUMMARY ***
Total pot 5,312 | Rake 0 | Jackpot 0 | Bingo 0 | Fortune 0 | Tax 0
Board [7c Th Td Qh 8h]
Seat 1: Hero folded before Flop
Seat 2: d8b90d1 (button) folded before Flop
Seat 3: 6f916b56 (small blind) showed [9h 7d] and lost with two pair, Tens and Sevens
Seat 4: 112017eb (big blind) showed [7s Tc] and won (5,312) with a full house, Tens full of Sevens
Seat 5: a70abdc8 folded before Flop
Seat 6: 8fc01314 folded before Flop
Seat 7: 591215f0 folded before Flop
Seat 8: 6159cacd folded before Flop


Poker Hand #TM5643701202: Tournament #266639678, Bounty Hunters Special $8.88 Hold'em No Limit - Level9(200/400(60)) - 2026/02/28 22:48:04
Table '114' 8-max Seat #1 is the button
Seat 1: Hero (6,937 in chips)
Seat 2: d8b90d1 (8,640 in chips)
Seat 3: 6f916b56 (6,651 in chips)
Seat 4: 112017eb (43,520 in chips)
Seat 5: a70abdc8 (21,338 in chips)
Seat 6: 8fc01314 (9,880 in chips)
Seat 7: 591215f0 (46,019 in chips)
Seat 8: 6159cacd (13,502 in chips)
6f916b56: posts the ante 60
d8b90d1: posts the ante 60
112017eb: posts the ante 60
Hero: posts the ante 60
8fc01314: posts the ante 60
591215f0: posts the ante 60
6159cacd: posts the ante 60
a70abdc8: posts the ante 60
d8b90d1: posts small blind 200
6f916b56: posts big blind 400
*** HOLE CARDS ***
Dealt to Hero [9d As]
Dealt to d8b90d1 
Dealt to 6f916b56 
Dealt to 112017eb 
Dealt to a70abdc8 
Dealt to 8fc01314 
Dealt to 591215f0 
Dealt to 6159cacd 
112017eb: folds
a70abdc8: raises 400 to 800
8fc01314: folds
591215f0: raises 1,600 to 2,400
6159cacd: folds
Hero: folds
d8b90d1: folds
6f916b56: folds
a70abdc8: calls 1,600
*** FLOP *** [3d 3s Tc]
a70abdc8: checks
591215f0: checks
*** TURN *** [3d 3s Tc] [Ah]
a70abdc8: checks
591215f0: checks
*** RIVER *** [3d 3s Tc Ah] [9c]
a70abdc8: checks
591215f0: bets 4,410
a70abdc8: calls 4,410
591215f0: shows [Qc Ad] (two pair, Aces and Threes)
a70abdc8: shows [8d Td] (two pair, Tens and Threes)
*** SHOWDOWN ***
591215f0 collected 14,700 from pot
*** SUMMARY ***
Total pot 14,700 | Rake 0 | Jackpot 0 | Bingo 0 | Fortune 0 | Tax 0
Board [3d 3s Tc Ah 9c]
Seat 1: Hero (button) folded before Flop
Seat 2: d8b90d1 (small blind) folded before Flop
Seat 3: 6f916b56 (big blind) folded before Flop
Seat 4: 112017eb folded before Flop
Seat 5: a70abdc8 showed [8d Td] and lost with two pair, Tens and Threes
Seat 6: 8fc01314 folded before Flop
Seat 7: 591215f0 showed [Qc Ad] and won (14,700) with two pair, Aces and Threes
Seat 8: 6159cacd folded before Flop


Poker Hand #TM5643701185: Tournament #266639678, Bounty Hunters Special $8.88 Hold'em No Limit - Level9(200/400(60)) - 2026/02/28 22:47:17
Table '114' 8-max Seat #8 is the button
Seat 1: Hero (7,197 in chips)
Seat 2: d8b90d1 (9,100 in chips)
Seat 3: 6f916b56 (27,931 in chips)
Seat 4: 112017eb (21,280 in chips)
Seat 5: a70abdc8 (21,398 in chips)
Seat 6: 8fc01314 (9,940 in chips)
Seat 7: 591215f0 (46,079 in chips)
Seat 8: 6159cacd (13,562 in chips)
6f916b56: posts the ante 60
d8b90d1: posts the ante 60
112017eb: posts the ante 60
Hero: posts the ante 60
8fc01314: posts the ante 60
591215f0: posts the ante 60
6159cacd: posts the ante 60
a70abdc8: posts the ante 60
Hero: posts small blind 200
d8b90d1: posts big blind 400
*** HOLE CARDS ***
Dealt to Hero [9c 4c]
Dealt to d8b90d1 
Dealt to 6f916b56 
Dealt to 112017eb 
Dealt to a70abdc8 
Dealt to 8fc01314 
Dealt to 591215f0 
Dealt to 6159cacd 
6f916b56: raises 400 to 800
112017eb: raises 20,420 to 21,220 and is all-in
a70abdc8: folds
8fc01314: folds
591215f0: folds
6159cacd: folds
Hero: folds
d8b90d1: folds
6f916b56: calls 20,420
112017eb: shows [Qs Qc]
6f916b56: shows [Tc Ts]
*** FLOP *** [5c 5h Th]
*** TURN *** [5c 5h Th] [7s]
*** RIVER *** [5c 5h Th 7s] [Qh]
a70abdc8: shows [Qd] (two pair, Queens and Fives)
*** SHOWDOWN ***
112017eb collected 43,520 from pot
*** SUMMARY ***
Total pot 43,520 | Rake 0 | Jackpot 0 | Bingo 0 | Fortune 0 | Tax 0
Board [5c 5h Th 7s Qh]
Seat 1: Hero (small blind) folded before Flop
Seat 2: d8b90d1 (big blind) folded before Flop
Seat 3: 6f916b56 showed [Tc Ts] and lost with a full house, Tens full of Fives
Seat 4: 112017eb showed [Qs Qc] and won (43,520) with a full house, Queens full of Fives
Seat 5: a70abdc8 folded before Flop
Seat 6: 8fc01314 folded before Flop
Seat 7: 591215f0 folded before Flop
Seat 8: 6159cacd (button) folded before Flop


Poker Hand #TM5643701176: Tournament #266639678, Bounty Hunters Special $8.88 Hold'em No Limit - Level9(200/400(60)) - 2026/02/28 22:46:57
Table '114' 8-max Seat #7 is the button
Seat 1: Hero (7,657 in chips)
Seat 2: d8b90d1 (9,160 in chips)
Seat 3: 6f916b56 (27,991 in chips)
Seat 4: 112017eb (21,340 in chips)
Seat 5: a70abdc8 (21,458 in chips)
Seat 6: 8fc01314 (10,000 in chips)
Seat 7: 591215f0 (45,059 in chips)
Seat 8: 6159cacd (13,822 in chips)
6f916b56: posts the ante 60
d8b90d1: posts the ante 60
112017eb: posts the ante 60
Hero: posts the ante 60
8fc01314: posts the ante 60
591215f0: posts the ante 60
6159cacd: posts the ante 60
a70abdc8: posts the ante 60
6159cacd: posts small blind 200
Hero: posts big blind 400
*** HOLE CARDS ***
Dealt to Hero [4d Js]
Dealt to d8b90d1 
Dealt to 6f916b56 
Dealt to 112017eb 
Dealt to a70abdc8 
Dealt to 8fc01314 
Dealt to 591215f0 
Dealt to 6159cacd 
d8b90d1: folds
6f916b56: folds
112017eb: folds
a70abdc8: folds
8fc01314: folds
591215f0: raises 400 to 800
6159cacd: folds
Hero: folds
Uncalled bet (400) returned to 591215f0
*** SHOWDOWN ***
591215f0 collected 1,480 from pot
*** SUMMARY ***
Total pot 1,480 | Rake 0 | Jackpot 0 | Bingo 0 | Fortune 0 | Tax 0
Seat 1: Hero (big blind) folded before Flop
Seat 2: d8b90d1 folded before Flop
Seat 3: 6f916b56 folded before Flop
Seat 4: 112017eb folded before Flop
Seat 5: a70abdc8 folded before Flop
Seat 6: 8fc01314 folded before Flop
Seat 7: 591215f0 (button) collected (1,480)
Seat 8: 6159cacd (small blind) folded before Flop


Poker Hand #TM5643701152: Tournament #266639678, Bounty Hunters Special $8.88 Hold'em No Limit - Level9(200/400(60)) - 2026/02/28 22:45:42
Table '114' 8-max Seat #5 is the button
Seat 1: Hero (11,680 in chips)
Seat 2: d8b90d1 (9,220 in chips)
Seat 3: 6f916b56 (28,051 in chips)
Seat 4: 112017eb (21,400 in chips)
Seat 5: a70abdc8 (25,481 in chips)
Seat 6: f8d12f11 (4,023 in chips)
Seat 7: 591215f0 (32,750 in chips)
Seat 8: 6159cacd (13,882 in chips)
6f916b56: posts the ante 60
d8b90d1: posts the ante 60
112017eb: posts the ante 60
Hero: posts the ante 60
f8d12f11: posts the ante 60
591215f0: posts the ante 60
6159cacd: posts the ante 60
a70abdc8: posts the ante 60
f8d12f11: posts small blind 200
591215f0: posts big blind 400
*** HOLE CARDS ***
Dealt to Hero [Td Ah]
Dealt to d8b90d1 
Dealt to 6f916b56 
Dealt to 112017eb 
Dealt to a70abdc8 
Dealt to f8d12f11 
Dealt to 591215f0 
Dealt to 6159cacd 
6159cacd: folds
Hero: raises 400 to 800
d8b90d1: folds
6f916b56: folds
112017eb: folds
a70abdc8: raises 1,200 to 2,000
f8d12f11: raises 1,963 to 3,963 and is all-in
591215f0: calls 3,563
Hero: calls 3,163
a70abdc8: calls 1,963
*** FLOP *** [2h 6d Qc]
591215f0: bets 5,390
Hero: folds
a70abdc8: folds
Uncalled bet (5,390) returned to 591215f0
591215f0: shows [6c 6h] (three of a kind, Sixes)
f8d12f11: shows [Ad 4d] (Ace high)
*** TURN *** [2h 6d Qc] [4s]
*** RIVER *** [2h 6d Qc 4s] [Ks]
*** SHOWDOWN ***
591215f0 collected 16,332 from pot
*** SUMMARY ***
Total pot 16,332 | Rake 0 | Jackpot 0 | Bingo 0 | Fortune 0 | Tax 0
Board [2h 6d Qc 4s Ks]
Seat 1: Hero folded on the Flop
Seat 2: d8b90d1 folded before Flop
Seat 3: 6f916b56 folded before Flop
Seat 4: 112017eb folded before Flop
Seat 5: a70abdc8 (button) folded on the Flop
Seat 6: f8d12f11 (small blind) showed [Ad 4d] and lost with a pair of Fours
Seat 7: 591215f0 (big blind) showed [6c 6h] and won (16,332) with three of a kind, Sixes
Seat 8: 6159cacd folded before Flop


Poker Hand #TM5643701134: Tournament #266639678, Bounty Hunters Special $8.88 Hold'em No Limit - Level9(200/400(60)) - 2026/02/28 22:44:52
Table '114' 8-max Seat #4 is the button
Seat 1: Hero (4,960 in chips)
Seat 2: d8b90d1 (9,280 in chips)
Seat 3: 6f916b56 (28,111 in chips)
Seat 4: 112017eb (26,360 in chips)
Seat 5: a70abdc8 (25,741 in chips)
Seat 6: f8d12f11 (4,483 in chips)
Seat 7: 591215f0 (32,810 in chips)
Seat 8: 6159cacd (14,742 in chips)
6f916b56: posts the ante 60
d8b90d1: posts the ante 60
112017eb: posts the ante 60
Hero: posts the ante 60
f8d12f11: posts the ante 60
591215f0: posts the ante 60
6159cacd: posts the ante 60
a70abdc8: posts the ante 60
a70abdc8: posts small blind 200
f8d12f11: posts big blind 400
*** HOLE CARDS ***
Dealt to Hero [Jd Js]
Dealt to d8b90d1 
Dealt to 6f916b56 
Dealt to 112017eb 
Dealt to a70abdc8 
Dealt to f8d12f11 
Dealt to 591215f0 
Dealt to 6159cacd 
591215f0: folds
6159cacd: raises 400 to 800
Hero: raises 3,700 to 4,500
d8b90d1: folds
6f916b56: folds
112017eb: raises 10,880 to 15,380
a70abdc8: folds
f8d12f11: folds
6159cacd: folds
Hero: calls 400 and is all-in
Uncalled bet (10,480) returned to 112017eb
112017eb: shows [Ac Ad]
Hero: shows [Jd Js]
*** FLOP *** [6d Jc Qc]
*** TURN *** [6d Jc Qc] [6h]
*** RIVER *** [6d Jc Qc 6h] [7c]
*** SHOWDOWN ***
Hero collected 11,680 from pot
*** SUMMARY ***
Total pot 11,680 | Rake 0 | Jackpot 0 | Bingo 0 | Fortune 0 | Tax 0
Board [6d Jc Qc 6h 7c]
Seat 1: Hero showed [Jd Js] and won (11,680) with a full house, Jacks full of Sixes
Seat 2: d8b90d1 folded before Flop
Seat 3: 6f916b56 folded before Flop
Seat 4: 112017eb (button) showed [Ac Ad] and lost with two pair, Aces and Sixes
Seat 5: a70abdc8 (small blind) folded before Flop
Seat 6: f8d12f11 (big blind) folded before Flop
Seat 7: 591215f0 folded before Flop
Seat 8: 6159cacd folded before Flop


Poker Hand #TM5643701128: Tournament #266639678, Bounty Hunters Special $8.88 Hold'em No Limit - Level9(200/400(60)) - 2026/02/28 22:44:26
Table '114' 8-max Seat #3 is the button
Seat 1: Hero (5,900 in chips)
Seat 2: d8b90d1 (9,340 in chips)
Seat 3: 6f916b56 (28,171 in chips)
Seat 4: 112017eb (27,300 in chips)
Seat 5: a70abdc8 (26,201 in chips)
Seat 6: f8d12f11 (4,543 in chips)
Seat 7: 591215f0 (30,230 in chips)
Seat 8: 6159cacd (14,802 in chips)
6f916b56: posts the ante 60
d8b90d1: posts the ante 60
112017eb: posts the ante 60
Hero: posts the ante 60
f8d12f11: posts the ante 60
591215f0: posts the ante 60
6159cacd: posts the ante 60
a70abdc8: posts the ante 60
112017eb: posts small blind 200
a70abdc8: posts big blind 400
*** HOLE CARDS ***
Dealt to Hero [8h Ah]
Dealt to d8b90d1 
Dealt to 6f916b56 
Dealt to 112017eb 
Dealt to a70abdc8 
Dealt to f8d12f11 
Dealt to 591215f0 
Dealt to 6159cacd 
f8d12f11: folds
591215f0: raises 480 to 880
6159cacd: folds
Hero: calls 880
d8b90d1: folds
6f916b56: folds
112017eb: calls 680
a70abdc8: folds
*** FLOP *** [Kc 2d 6s]
112017eb: checks
591215f0: bets 1,162
Hero: folds
112017eb: folds
Uncalled bet (1,162) returned to 591215f0
*** SHOWDOWN ***
591215f0 collected 3,520 from pot
*** SUMMARY ***
Total pot 3,520 | Rake 0 | Jackpot 0 | Bingo 0 | Fortune 0 | Tax 0
Board [Kc 2d 6s]
Seat 1: Hero folded on the Flop
Seat 2: d8b90d1 folded before Flop
Seat 3: 6f916b56 (button) folded before Flop
Seat 4: 112017eb (small blind) folded on the Flop
Seat 5: a70abdc8 (big blind) folded before Flop
Seat 6: f8d12f11 folded before Flop
Seat 7: 591215f0 won (3,520)
Seat 8: 6159cacd folded before Flop


Poker Hand #TM5643701111: Tournament #266639678, Bounty Hunters Special $8.88 Hold'em No Limit - Level9(200/400(60)) - 2026/02/28 22:43:32
Table '114' 8-max Seat #2 is the button
Seat 1: Hero (5,960 in chips)
Seat 2: d8b90d1 (9,400 in chips)
Seat 3: 6f916b56 (25,911 in chips)
Seat 4: 112017eb (29,200 in chips)
Seat 5: a70abdc8 (26,261 in chips)
Seat 6: f8d12f11 (4,603 in chips)
Seat 7: 591215f0 (30,290 in chips)
Seat 8: 6159cacd (14,862 in chips)
d8b90d1: posts the ante 60
6f916b56: posts the ante 60
112017eb: posts the ante 60
Hero: posts the ante 60
f8d12f11: posts the ante 60
591215f0: posts the ante 60
6159cacd: posts the ante 60
a70abdc8: posts the ante 60
6f916b56: posts small blind 200
112017eb: posts big blind 400
*** HOLE CARDS ***
Dealt to Hero [7c 6d]
Dealt to d8b90d1 
Dealt to 6f916b56 
Dealt to 112017eb 
Dealt to a70abdc8 
Dealt to f8d12f11 
Dealt to 591215f0 
Dealt to 6159cacd 
a70abdc8: folds
f8d12f11: folds
591215f0: folds
6159cacd: folds
Hero: folds
d8b90d1: folds
6f916b56: calls 200
112017eb: checks
*** FLOP *** [4h Kh 3c]
6f916b56: bets 400
112017eb: calls 400
*** TURN *** [4h Kh 3c] [Tc]
6f916b56: checks
112017eb: bets 1,040
6f916b56: calls 1,040
*** RIVER *** [4h Kh 3c Tc] [Td]
6f916b56: checks
112017eb: checks
6f916b56: shows [9h Ts] (three of a kind, Tens)
112017eb: shows [2s 3d] (two pair, Tens and Threes)
*** SHOWDOWN ***
6f916b56 collected 4,160 from pot
*** SUMMARY ***
Total pot 4,160 | Rake 0 | Jackpot 0 | Bingo 0 | Fortune 0 | Tax 0
Board [4h Kh 3c Tc Td]
Seat 1: Hero folded before Flop
Seat 2: d8b90d1 (button) folded before Flop
Seat 3: 6f916b56 (small blind) showed [9h Ts] and won (4,160) with three of a kind, Tens
Seat 4: 112017eb (big blind) showed [2s 3d] and lost with two pair, Tens and Threes
Seat 5: a70abdc8 folded before Flop
Seat 6: f8d12f11 folded before Flop
Seat 7: 591215f0 folded before Flop
Seat 8: 6159cacd folded before Flop


Poker Hand #TM5643701092: Tournament #266639678, Bounty Hunters Special $8.88 Hold'em No Limit - Level9(200/400(60)) - 2026/02/28 22:42:36
Table '114' 8-max Seat #1 is the button
Seat 1: Hero (6,020 in chips)
Seat 2: d8b90d1 (10,260 in chips)
Seat 3: 6f916b56 (23,291 in chips)
Seat 4: 112017eb (29,260 in chips)
Seat 5: a70abdc8 (26,321 in chips)
Seat 6: f8d12f11 (6,063 in chips)
Seat 7: 591215f0 (30,350 in chips)
Seat 8: 6159cacd (14,922 in chips)
6f916b56: posts the ante 60
d8b90d1: posts the ante 60
112017eb: posts the ante 60
Hero: posts the ante 60
f8d12f11: posts the ante 60
591215f0: posts the ante 60
6159cacd: posts the ante 60
a70abdc8: posts the ante 60
d8b90d1: posts small blind 200
6f916b56: posts big blind 400
*** HOLE CARDS ***
Dealt to Hero [3d 2d]
Dealt to d8b90d1 
Dealt to 6f916b56 
Dealt to 112017eb 
Dealt to a70abdc8 
Dealt to f8d12f11 
Dealt to 591215f0 
Dealt to 6159cacd 
112017eb: folds
a70abdc8: folds
f8d12f11: raises 400 to 800
591215f0: folds
6159cacd: folds
Hero: folds
d8b90d1: calls 600
6f916b56: calls 400
*** FLOP *** [2h 6d Ac]
d8b90d1: checks
6f916b56: checks
f8d12f11: bets 600
d8b90d1: folds
6f916b56: raises 1,800 to 2,400
f8d12f11: folds
Uncalled bet (1,800) returned to 6f916b56
*** SHOWDOWN ***
6f916b56 collected 4,080 from pot
*** SUMMARY ***
Total pot 4,080 | Rake 0 | Jackpot 0 | Bingo 0 | Fortune 0 | Tax 0
Board [2h 6d Ac]
Seat 1: Hero (button) folded before Flop
Seat 2: d8b90d1 (small blind) folded on the Flop
Seat 3: 6f916b56 (big blind) won (4,080)
Seat 4: 112017eb folded before Flop
Seat 5: a70abdc8 folded before Flop
Seat 6: f8d12f11 folded on the Flop
Seat 7: 591215f0 folded before Flop
Seat 8: 6159cacd folded before Flop


Poker Hand #TM5643701077: Tournament #266639678, Bounty Hunters Special $8.88 Hold'em No Limit - Level9(200/400(60)) - 2026/02/28 22:41:55
Table '114' 8-max Seat #8 is the button
Seat 1: Hero (6,280 in chips)
Seat 2: d8b90d1 (13,060 in chips)
Seat 3: 6f916b56 (23,351 in chips)
Seat 4: 112017eb (25,900 in chips)
Seat 5: a70abdc8 (26,381 in chips)
Seat 6: f8d12f11 (6,123 in chips)
Seat 7: 591215f0 (30,410 in chips)
Seat 8: 6159cacd (14,982 in chips)
6f916b56: posts the ante 60
d8b90d1: posts the ante 60
112017eb: posts the ante 60
Hero: posts the ante 60
f8d12f11: posts the ante 60
591215f0: posts the ante 60
6159cacd: posts the ante 60
a70abdc8: posts the ante 60
Hero: posts small blind 200
d8b90d1: posts big blind 400
*** HOLE CARDS ***
Dealt to Hero [Td 7h]
Dealt to d8b90d1 
Dealt to 6f916b56 
Dealt to 112017eb 
Dealt to a70abdc8 
Dealt to f8d12f11 
Dealt to 591215f0 
Dealt to 6159cacd 
6f916b56: folds
112017eb: raises 800 to 1,200
a70abdc8: folds
f8d12f11: folds
591215f0: folds
6159cacd: folds
Hero: folds
d8b90d1: calls 800
*** FLOP *** [9s Jh Ks]
d8b90d1: checks
112017eb: bets 1,540
d8b90d1: calls 1,540
*** TURN *** [9s Jh Ks] [Qc]
d8b90d1: checks
112017eb: checks
*** RIVER *** [9s Jh Ks Qc] [Qd]
d8b90d1: checks
112017eb: bets 2,033
d8b90d1: folds
Uncalled bet (2,033) returned to 112017eb
*** SHOWDOWN ***
112017eb collected 6,160 from pot
*** SUMMARY ***
Total pot 6,160 | Rake 0 | Jackpot 0 | Bingo 0 | Fortune 0 | Tax 0
Board [9s Jh Ks Qc Qd]
Seat 1: Hero (small blind) folded before Flop
Seat 2: d8b90d1 (big blind) folded on the River
Seat 3: 6f916b56 folded before Flop
Seat 4: 112017eb won (6,160)
Seat 5: a70abdc8 folded before Flop
Seat 6: f8d12f11 folded before Flop
Seat 7: 591215f0 folded before Flop
Seat 8: 6159cacd (button) folded before Flop


Poker Hand #TM5643701066: Tournament #266639678, Bounty Hunters Special $8.88 Hold'em No Limit - Level9(200/400(60)) - 2026/02/28 22:41:22
Table '114' 8-max Seat #7 is the button
Seat 1: Hero (7,140 in chips)
Seat 2: d8b90d1 (13,120 in chips)
Seat 3: 6f916b56 (23,411 in chips)
Seat 4: 112017eb (25,960 in chips)
Seat 5: a70abdc8 (26,441 in chips)
Seat 6: f8d12f11 (6,183 in chips)
Seat 7: 591215f0 (28,990 in chips)
Seat 8: 6159cacd (15,242 in chips)
6f916b56: posts the ante 60
d8b90d1: posts the ante 60
112017eb: posts the ante 60
Hero: posts the ante 60
f8d12f11: posts the ante 60
591215f0: posts the ante 60
6159cacd: posts the ante 60
a70abdc8: posts the ante 60
6159cacd: posts small blind 200
Hero: posts big blind 400
*** HOLE CARDS ***
Dealt to Hero [Jd 9h]
Dealt to d8b90d1 
Dealt to 6f916b56 
Dealt to 112017eb 
Dealt to a70abdc8 
Dealt to f8d12f11 
Dealt to 591215f0 
Dealt to 6159cacd 
d8b90d1: folds
6f916b56: folds
112017eb: folds
a70abdc8: folds
f8d12f11: folds
591215f0: raises 400 to 800
6159cacd: folds
Hero: calls 400
*** FLOP *** [Qc Qs 5d]
Hero: checks
591215f0: bets 600
Hero: folds
Uncalled bet (600) returned to 591215f0
*** SHOWDOWN ***
591215f0 collected 2,280 from pot
*** SUMMARY ***
Total pot 2,280 | Rake 0 | Jackpot 0 | Bingo 0 | Fortune 0 | Tax 0
Board [Qc Qs 5d]
Seat 1: Hero (big blind) folded on the Flop
Seat 2: d8b90d1 folded before Flop
Seat 3: 6f916b56 folded before Flop
Seat 4: 112017eb folded before Flop
Seat 5: a70abdc8 folded before Flop
Seat 6: f8d12f11 folded before Flop
Seat 7: 591215f0 (button) won (2,280)
Seat 8: 6159cacd (small blind) folded before Flop


Poker Hand #TM5643701052: Tournament #266639678, Bounty Hunters Special $8.88 Hold'em No Limit - Level9(200/400(60)) - 2026/02/28 22:40:41
Table '114' 8-max Seat #5 is the button
Seat 1: Hero (7,200 in chips)
Seat 2: d8b90d1 (13,180 in chips)
Seat 3: 6f916b56 (23,471 in chips)
Seat 4: 112017eb (26,020 in chips)
Seat 5: a70abdc8 (22,371 in chips)
Seat 7: 591215f0 (29,250 in chips)
Seat 8: 6159cacd (18,812 in chips)
6f916b56: posts the ante 60
d8b90d1: posts the ante 60
112017eb: posts the ante 60
Hero: posts the ante 60
591215f0: posts the ante 60
6159cacd: posts the ante 60
a70abdc8: posts the ante 60
591215f0: posts small blind 200
6159cacd: posts big blind 400
*** HOLE CARDS ***
Dealt to Hero [7h 2s]
Dealt to d8b90d1 
Dealt to 6f916b56 
Dealt to 112017eb 
Dealt to a70abdc8 
Dealt to 591215f0 
Dealt to 6159cacd 
Hero: folds
d8b90d1: folds
6f916b56: folds
112017eb: folds
a70abdc8: raises 1,200 to 1,600
591215f0: folds
6159cacd: calls 1,200
*** FLOP *** [Ts Jh 5h]
6159cacd: bets 1,910
a70abdc8: raises 1,910 to 3,820
6159cacd: folds
Uncalled bet (1,910) returned to a70abdc8
*** SHOWDOWN ***
a70abdc8 collected 7,640 from pot
*** SUMMARY ***
Total pot 7,640 | Rake 0 | Jackpot 0 | Bingo 0 | Fortune 0 | Tax 0
Board [Ts Jh 5h]
Seat 1: Hero folded before Flop
Seat 2: d8b90d1 folded before Flop
Seat 3: 6f916b56 folded before Flop
Seat 4: 112017eb folded before Flop
Seat 5: a70abdc8 (button) won (7,640)
Seat 7: 591215f0 (small blind) folded before Flop
Seat 8: 6159cacd (big blind) folded on the Flop


Poker Hand #TM5643701036: Tournament #266639678, Bounty Hunters Special $8.88 Hold'em No Limit - Level8(175/350(50)) - 2026/02/28 22:39:52
Table '114' 8-max Seat #4 is the button
Seat 1: Hero (7,250 in chips)
Seat 2: d8b90d1 (8,105 in chips)
Seat 3: 6f916b56 (23,521 in chips)
Seat 4: 112017eb (26,070 in chips)
Seat 5: a70abdc8 (22,596 in chips)
Seat 6: 6b0f3e4d (4,600 in chips)
Seat 7: 591215f0 (29,300 in chips)
Seat 8: 6159cacd (18,862 in chips)
6f916b56: posts the ante 50
d8b90d1: posts the ante 50
112017eb: posts the ante 50
Hero: posts the ante 50
591215f0: posts the ante 50
6159cacd: posts the ante 50
6b0f3e4d: posts the ante 50
a70abdc8: posts the ante 50
a70abdc8: posts small blind 175
6b0f3e4d: posts big blind 350
*** HOLE CARDS ***
Dealt to Hero [4s 2d]
Dealt to d8b90d1 
Dealt to 6f916b56 
Dealt to 112017eb 
Dealt to a70abdc8 
Dealt to 6b0f3e4d 
Dealt to 591215f0 
Dealt to 6159cacd 
591215f0: folds
6159cacd: folds
Hero: folds
d8b90d1: raises 350 to 700
6f916b56: folds
112017eb: folds
a70abdc8: folds
6b0f3e4d: raises 3,850 to 4,550 and is all-in
d8b90d1: calls 3,850
6b0f3e4d: shows [Ah Qd]
d8b90d1: shows [Qh Ts]
*** FLOP *** [2c Th 8c]
*** TURN *** [2c Th 8c] [4d]
*** RIVER *** [2c Th 8c 4d] [7h]
*** SHOWDOWN ***
d8b90d1 collected 9,675 from pot
*** SUMMARY ***
Total pot 9,675 | Rake 0 | Jackpot 0 | Bingo 0 | Fortune 0 | Tax 0
Board [2c Th 8c 4d 7h]
Seat 1: Hero folded before Flop
Seat 2: d8b90d1 showed [Qh Ts] and won (9,675) with a pair of Tens
Seat 3: 6f916b56 folded before Flop
Seat 4: 112017eb (button) folded before Flop
Seat 5: a70abdc8 (small blind) folded before Flop
Seat 6: 6b0f3e4d (big blind) showed [Ah Qd] and lost with Ace high
Seat 7: 591215f0 folded before Flop
Seat 8: 6159cacd folded before Flop


Poker Hand #TM5643701023: Tournament #266639678, Bounty Hunters Special $8.88 Hold'em No Limit - Level8(175/350(50)) - 2026/02/28 22:39:05
Table '114' 8-max Seat #3 is the button
Seat 1: Hero (7,300 in chips)
Seat 3: 6f916b56 (24,271 in chips)
Seat 4: 112017eb (24,370 in chips)
Seat 5: a70abdc8 (23,346 in chips)
Seat 6: 6b0f3e4d (4,650 in chips)
Seat 7: 591215f0 (29,350 in chips)
Seat 8: 6159cacd (18,912 in chips)
6f916b56: posts the ante 50
112017eb: posts the ante 50
Hero: posts the ante 50
591215f0: posts the ante 50
6159cacd: posts the ante 50
6b0f3e4d: posts the ante 50
a70abdc8: posts the ante 50
112017eb: posts small blind 175
a70abdc8: posts big blind 350
*** HOLE CARDS ***
Dealt to Hero [Js 3c]
Dealt to 6f916b56 
Dealt to 112017eb 
Dealt to a70abdc8 
Dealt to 6b0f3e4d 
Dealt to 591215f0 
Dealt to 6159cacd 
6b0f3e4d: folds
591215f0: folds
6159cacd: folds
Hero: folds
6f916b56: raises 350 to 700
112017eb: calls 525
a70abdc8: calls 350
*** FLOP *** [2d Kc 6s]
112017eb: checks
a70abdc8: checks
6f916b56: checks
*** TURN *** [2d Kc 6s] [Ks]
112017eb: bets 1,225
a70abdc8: folds
6f916b56: folds
Uncalled bet (1,225) returned to 112017eb
*** SHOWDOWN ***
112017eb collected 2,450 from pot
*** SUMMARY ***
Total pot 2,450 | Rake 0 | Jackpot 0 | Bingo 0 | Fortune 0 | Tax 0
Board [2d Kc 6s Ks]
Seat 1: Hero folded before Flop
Seat 3: 6f916b56 (button) folded on the Turn
Seat 4: 112017eb (small blind) won (2,450)
Seat 5: a70abdc8 (big blind) folded on the Turn
Seat 6: 6b0f3e4d folded before Flop
Seat 7: 591215f0 folded before Flop
Seat 8: 6159cacd folded before Flop


Poker Hand #TM5643701010: Tournament #266639678, Bounty Hunters Special $8.88 Hold'em No Limit - Level8(175/350(50)) - 2026/02/28 22:38:21
Table '114' 8-max Seat #1 is the button
Seat 1: Hero (7,350 in chips)
Seat 3: 6f916b56 (22,571 in chips)
Seat 4: 112017eb (24,770 in chips)
Seat 5: a70abdc8 (23,746 in chips)
Seat 6: 6b0f3e4d (4,700 in chips)
Seat 7: 591215f0 (30,100 in chips)
Seat 8: 6159cacd (18,962 in chips)
6f916b56: posts the ante 50
112017eb: posts the ante 50
Hero: posts the ante 50
591215f0: posts the ante 50
6159cacd: posts the ante 50
6b0f3e4d: posts the ante 50
a70abdc8: posts the ante 50
6f916b56: posts small blind 175
112017eb: posts big blind 350
*** HOLE CARDS ***
Dealt to Hero [Ah 9c]
Dealt to 6f916b56 
Dealt to 112017eb 
Dealt to a70abdc8 
Dealt to 6b0f3e4d 
Dealt to 591215f0 
Dealt to 6159cacd 
a70abdc8: calls 350
6b0f3e4d: folds
591215f0: raises 350 to 700
6159cacd: folds
Hero: folds
6f916b56: raises 3,500 to 4,200
112017eb: folds
a70abdc8: folds
591215f0: folds
Uncalled bet (3,500) returned to 6f916b56
*** SHOWDOWN ***
6f916b56 collected 2,450 from pot
*** SUMMARY ***
Total pot 2,450 | Rake 0 | Jackpot 0 | Bingo 0 | Fortune 0 | Tax 0
Seat 1: Hero (button) folded before Flop
Seat 3: 6f916b56 (small blind) collected (2,450)
Seat 4: 112017eb (big blind) folded before Flop
Seat 5: a70abdc8 folded before Flop
Seat 6: 6b0f3e4d folded before Flop
Seat 7: 591215f0 folded before Flop
Seat 8: 6159cacd folded before Flop


Poker Hand #TM5643700972: Tournament #266639678, Bounty Hunters Special $8.88 Hold'em No Limit - Level8(175/350(50)) - 2026/02/28 22:36:40
Table '114' 8-max Seat #8 is the button
Seat 1: Hero (8,100 in chips)
Seat 2: 72b38b39 (4,169 in chips)
Seat 3: 6f916b56 (22,621 in chips)
Seat 4: 112017eb (25,520 in chips)
Seat 5: a70abdc8 (17,177 in chips)
Seat 6: 6b0f3e4d (4,750 in chips)
Seat 7: 591215f0 (30,150 in chips)
Seat 8: 6159cacd (19,712 in chips)
6f916b56: posts the ante 50
72b38b39: posts the ante 50
112017eb: posts the ante 50
Hero: posts the ante 50
591215f0: posts the ante 50
6159cacd: posts the ante 50
6b0f3e4d: posts the ante 50
a70abdc8: posts the ante 50
Hero: posts small blind 175
72b38b39: posts big blind 350
*** HOLE CARDS ***
Dealt to Hero [4s As]
Dealt to 72b38b39 
Dealt to 6f916b56 
Dealt to 112017eb 
Dealt to a70abdc8 
Dealt to 6b0f3e4d 
Dealt to 591215f0 
Dealt to 6159cacd 
6f916b56: folds
112017eb: raises 350 to 700
a70abdc8: calls 700
6b0f3e4d: folds
591215f0: folds
6159cacd: calls 700
Hero: calls 525
72b38b39: calls 350
*** FLOP *** [4c Kd 3s]
Hero: checks
72b38b39: checks
112017eb: checks
a70abdc8: checks
6159cacd: checks
*** TURN *** [4c Kd 3s] [Qh]
Hero: checks
72b38b39: checks
112017eb: checks
a70abdc8: checks
6159cacd: checks
*** RIVER *** [4c Kd 3s Qh] [Jc]
Hero: checks
72b38b39: bets 1,287
112017eb: folds
a70abdc8: raises 3,237 to 4,524
6159cacd: folds
Hero: folds
72b38b39: calls 2,132 and is all-in
Uncalled bet (1,105) returned to a70abdc8
a70abdc8: shows [Ah Td] (a straight, Ace to Ten)
72b38b39: shows [Jd 3c] (two pair, Jacks and Threes)
*** SHOWDOWN ***
a70abdc8 collected 10,738 from pot
*** SUMMARY ***
Total pot 10,738 | Rake 0 | Jackpot 0 | Bingo 0 | Fortune 0 | Tax 0
Board [4c Kd 3s Qh Jc]
Seat 1: Hero (small blind) folded on the River
Seat 2: 72b38b39 (big blind) showed [Jd 3c] and lost with two pair, Jacks and Threes
Seat 3: 6f916b56 folded before Flop
Seat 4: 112017eb folded on the River
Seat 5: a70abdc8 showed [Ah Td] and won (10,738) with a straight, Ace to Ten
Seat 6: 6b0f3e4d folded before Flop
Seat 7: 591215f0 folded before Flop
Seat 8: 6159cacd (button) folded on the River


Poker Hand #TM5643700959: Tournament #266639678, Bounty Hunters Special $8.88 Hold'em No Limit - Level8(175/350(50)) - 2026/02/28 22:36:10
Table '114' 8-max Seat #7 is the button
Seat 1: Hero (9,200 in chips)
Seat 2: 72b38b39 (4,219 in chips)
Seat 3: 6f916b56 (22,671 in chips)
Seat 4: 112017eb (23,945 in chips)
Seat 5: a70abdc8 (17,227 in chips)
Seat 6: 6b0f3e4d (4,800 in chips)
Seat 7: 591215f0 (30,200 in chips)
Seat 8: 6159cacd (19,937 in chips)
6f916b56: posts the ante 50
72b38b39: posts the ante 50
112017eb: posts the ante 50
Hero: posts the ante 50
591215f0: posts the ante 50
6159cacd: posts the ante 50
6b0f3e4d: posts the ante 50
a70abdc8: posts the ante 50
6159cacd: posts small blind 175
Hero: posts big blind 350
*** HOLE CARDS ***
Dealt to Hero [Th 9h]
Dealt to 72b38b39 
Dealt to 6f916b56 
Dealt to 112017eb 
Dealt to a70abdc8 
Dealt to 6b0f3e4d 
Dealt to 591215f0 
Dealt to 6159cacd 
72b38b39: folds
6f916b56: folds
112017eb: raises 700 to 1,050
a70abdc8: folds
6b0f3e4d: folds
591215f0: folds
6159cacd: folds
Hero: calls 700
*** FLOP *** [Js Ad 7h]
Hero: checks
112017eb: checks
*** TURN *** [Js Ad 7h] [5s]
Hero: checks
112017eb: checks
*** RIVER *** [Js Ad 7h 5s] [7d]
Hero: checks
112017eb: bets 1,338
Hero: folds
Uncalled bet (1,338) returned to 112017eb
*** SHOWDOWN ***
112017eb collected 2,675 from pot
*** SUMMARY ***
Total pot 2,675 | Rake 0 | Jackpot 0 | Bingo 0 | Fortune 0 | Tax 0
Board [Js Ad 7h 5s 7d]
Seat 1: Hero (big blind) folded on the River
Seat 2: 72b38b39 folded before Flop
Seat 3: 6f916b56 folded before Flop
Seat 4: 112017eb won (2,675)
Seat 5: a70abdc8 folded before Flop
Seat 6: 6b0f3e4d folded before Flop
Seat 7: 591215f0 (button) folded before Flop
Seat 8: 6159cacd (small blind) folded before Flop


Poker Hand #TM5643700949: Tournament #266639678, Bounty Hunters Special $8.88 Hold'em No Limit - Level8(175/350(50)) - 2026/02/28 22:35:35
Table '114' 8-max Seat #6 is the button
Seat 1: Hero (9,950 in chips)
Seat 2: 72b38b39 (4,269 in chips)
Seat 3: 6f916b56 (22,721 in chips)
Seat 4: 112017eb (23,995 in chips)
Seat 5: a70abdc8 (17,977 in chips)
Seat 6: 6b0f3e4d (4,850 in chips)
Seat 7: 591215f0 (30,425 in chips)
Seat 8: 6159cacd (18,012 in chips)
6f916b56: posts the ante 50
72b38b39: posts the ante 50
112017eb: posts the ante 50
Hero: posts the ante 50
591215f0: posts the ante 50
6159cacd: posts the ante 50
6b0f3e4d: posts the ante 50
a70abdc8: posts the ante 50
591215f0: posts small blind 175
6159cacd: posts big blind 350
*** HOLE CARDS ***
Dealt to Hero [6h 6d]
Dealt to 72b38b39 
Dealt to 6f916b56 
Dealt to 112017eb 
Dealt to a70abdc8 
Dealt to 6b0f3e4d 
Dealt to 591215f0 
Dealt to 6159cacd 
Hero: raises 350 to 700
72b38b39: folds
6f916b56: folds
112017eb: folds
a70abdc8: calls 700
6b0f3e4d: folds
591215f0: folds
6159cacd: calls 350
*** FLOP *** [3h Ah 9s]
6159cacd: bets 883
Hero: folds
a70abdc8: folds
Uncalled bet (883) returned to 6159cacd
*** SHOWDOWN ***
6159cacd collected 2,675 from pot
*** SUMMARY ***
Total pot 2,675 | Rake 0 | Jackpot 0 | Bingo 0 | Fortune 0 | Tax 0
Board [3h Ah 9s]
Seat 1: Hero folded on the Flop
Seat 2: 72b38b39 folded before Flop
Seat 3: 6f916b56 folded before Flop
Seat 4: 112017eb folded before Flop
Seat 5: a70abdc8 folded on the Flop
Seat 6: 6b0f3e4d (button) folded before Flop
Seat 7: 591215f0 (small blind) folded before Flop
Seat 8: 6159cacd (big blind) won (2,675)


Poker Hand #TM5643700921: Tournament #266639678, Bounty Hunters Special $8.88 Hold'em No Limit - Level8(175/350(50)) - 2026/02/28 22:34:23
Table '114' 8-max Seat #5 is the button
Seat 1: Hero (10,000 in chips)
Seat 2: 72b38b39 (14,269 in chips)
Seat 3: 6f916b56 (22,771 in chips)
Seat 4: 112017eb (24,045 in chips)
Seat 5: a70abdc8 (18,027 in chips)
Seat 6: 6b0f3e4d (5,075 in chips)
Seat 7: 591215f0 (10,000 in chips)
Seat 8: 6159cacd (28,012 in chips)
6f916b56: posts the ante 50
72b38b39: posts the ante 50
112017eb: posts the ante 50
Hero: posts the ante 50
591215f0: posts the ante 50
6159cacd: posts the ante 50
6b0f3e4d: posts the ante 50
a70abdc8: posts the ante 50
6b0f3e4d: posts small blind 175
591215f0: posts big blind 350
*** HOLE CARDS ***
Dealt to Hero [5s Th]
Dealt to 72b38b39 
Dealt to 6f916b56 
Dealt to 112017eb 
Dealt to a70abdc8 
Dealt to 6b0f3e4d 
Dealt to 591215f0 
Dealt to 6159cacd 
6159cacd: raises 350 to 700
Hero: folds
72b38b39: calls 700
6f916b56: folds
112017eb: folds
a70abdc8: folds
6b0f3e4d: folds
591215f0: calls 350
*** FLOP *** [5h 3h Kc]
591215f0: checks
6159cacd: bets 1,338
72b38b39: calls 1,338
591215f0: calls 1,338
*** TURN *** [5h 3h Kc] [2d]
591215f0: checks
6159cacd: checks
72b38b39: checks
*** RIVER *** [5h 3h Kc 2d] [4s]
591215f0: bets 7,912 and is all-in
6159cacd: calls 7,912
72b38b39: calls 7,912
591215f0: shows [Ks 6h] (a straight, Six to Two)
6159cacd: shows [Jd As] (a straight, Ace to Five)
72b38b39: shows [2h Ah] (a straight, Ace to Five)
*** SHOWDOWN ***
591215f0 collected 30,425 from pot
*** SUMMARY ***
Total pot 30,425 | Rake 0 | Jackpot 0 | Bingo 0 | Fortune 0 | Tax 0
Board [5h 3h Kc 2d 4s]
Seat 1: Hero folded before Flop
Seat 2: 72b38b39 showed [2h Ah] and lost with a straight, Ace to Five
Seat 3: 6f916b56 folded before Flop
Seat 4: 112017eb folded before Flop
Seat 5: a70abdc8 (button) folded before Flop
Seat 6: 6b0f3e4d (small blind) folded before Flop
Seat 7: 591215f0 (big blind) showed [Ks 6h] and won (30,425) with a straight, Six to Two
Seat 8: 6159cacd showed [Jd As] and lost with a straight, Ace to Five


