Poker Hand #TM5532215307: Tournament #260317602, Bounty Hunters Mini Big Game $10.80 Hold'em No Limit - Level16(8,000/16,000(2,500)) - 2026/02/01 14:46:44
Table '156' 8-max Seat #3 is the button
Seat 2: accdf531 (933,486 in chips)
Seat 3: Hero (103,536 in chips)
Seat 4: ceaf790b (552,922 in chips)
Seat 5: e94ca4a (2,995,379 in chips)
Seat 6: 108b4b1 (572,455 in chips)
Seat 7: c51d7ded (318,358 in chips)
Seat 8: 815888dc (963,482 in chips)
c51d7ded: posts the ante 2,500
Hero: posts the ante 2,500
e94ca4a: posts the ante 2,500
accdf531: posts the ante 2,500
108b4b1: posts the ante 2,500
ceaf790b: posts the ante 2,500
815888dc: posts the ante 2,500
ceaf790b: posts small blind 8,000
e94ca4a: posts big blind 16,000
*** HOLE CARDS ***
Dealt to accdf531 
Dealt to Hero [7c Jh]
Dealt to ceaf790b 
Dealt to e94ca4a 
Dealt to 108b4b1 
Dealt to c51d7ded 
Dealt to 815888dc 
108b4b1: folds
c51d7ded: folds
815888dc: folds
accdf531: folds
Hero: raises 85,036 to 101,036 and is all-in
ceaf790b: folds
e94ca4a: calls 85,036
Hero: shows [7c Jh]
e94ca4a: shows [Jd 4s]
*** FLOP *** [4d Ac 9s]
*** TURN *** [4d Ac 9s] [2h]
*** RIVER *** [4d Ac 9s 2h] [Qs]
*** SHOWDOWN ***
e94ca4a collected 227,572 from pot
*** SUMMARY ***
Total pot 227,572 | Rake 0 | Jackpot 0 | Bingo 0 | Fortune 0 | Tax 0
Board [4d Ac 9s 2h Qs]
Seat 2: accdf531 folded before Flop
Seat 3: Hero (button) showed [7c Jh] and lost with Ace high
Seat 4: ceaf790b (small blind) folded before Flop
Seat 5: e94ca4a (big blind) showed [Jd 4s] and won (227,572) with a pair of Fours
Seat 6: 108b4b1 folded before Flop
Seat 7: c51d7ded folded before Flop
Seat 8: 815888dc folded before Flop


Poker Hand #TM5532215294: Tournament #260317602, Bounty Hunters Mini Big Game $10.80 Hold'em No Limit - Level16(8,000/16,000(2,500)) - 2026/02/01 14:45:29
Table '156' 8-max Seat #2 is the button
Seat 1: 7f364a2 (1,214,860 in chips)
Seat 2: accdf531 (935,986 in chips)
Seat 3: Hero (114,036 in chips)
Seat 4: ceaf790b (571,422 in chips)
Seat 5: e94ca4a (1,661,519 in chips)
Seat 6: 108b4b1 (574,955 in chips)
Seat 7: c51d7ded (400,858 in chips)
Seat 8: 815888dc (965,982 in chips)
c51d7ded: posts the ante 2,500
Hero: posts the ante 2,500
e94ca4a: posts the ante 2,500
7f364a2: posts the ante 2,500
accdf531: posts the ante 2,500
108b4b1: posts the ante 2,500
ceaf790b: posts the ante 2,500
815888dc: posts the ante 2,500
Hero: posts small blind 8,000
ceaf790b: posts big blind 16,000
*** HOLE CARDS ***
Dealt to 7f364a2 
Dealt to accdf531 
Dealt to Hero [Kh 3d]
Dealt to ceaf790b 
Dealt to e94ca4a 
Dealt to 108b4b1 
Dealt to c51d7ded 
Dealt to 815888dc 
e94ca4a: raises 16,000 to 32,000
108b4b1: folds
c51d7ded: raises 48,000 to 80,000
815888dc: folds
7f364a2: raises 1,132,360 to 1,212,360 and is all-in
accdf531: folds
Hero: folds
ceaf790b: folds
e94ca4a: calls 1,180,360
c51d7ded: folds
7f364a2: shows [Jd Ah]
e94ca4a: shows [Kc Kd]
*** FLOP *** [2s 5s 3c]
*** TURN *** [2s 5s 3c] [9d]
*** RIVER *** [2s 5s 3c 9d] [5d]
*** SHOWDOWN ***
e94ca4a collected 2,548,720 from pot
*** SUMMARY ***
Total pot 2,548,720 | Rake 0 | Jackpot 0 | Bingo 0 | Fortune 0 | Tax 0
Board [2s 5s 3c 9d 5d]
Seat 1: 7f364a2 showed [Jd Ah] and lost with a pair of Fives
Seat 2: accdf531 (button) folded before Flop
Seat 3: Hero (small blind) folded before Flop
Seat 4: ceaf790b (big blind) folded before Flop
Seat 5: e94ca4a showed [Kc Kd] and won (2,548,720) with two pair, Kings and Fives
Seat 6: 108b4b1 folded before Flop
Seat 7: c51d7ded folded before Flop
Seat 8: 815888dc folded before Flop


Poker Hand #TM5532215285: Tournament #260317602, Bounty Hunters Mini Big Game $10.80 Hold'em No Limit - Level16(8,000/16,000(2,500)) - 2026/02/01 14:44:41
Table '156' 8-max Seat #1 is the button
Seat 1: 7f364a2 (1,217,360 in chips)
Seat 2: accdf531 (946,486 in chips)
Seat 3: Hero (148,536 in chips)
Seat 4: ceaf790b (573,922 in chips)
Seat 5: e94ca4a (1,604,019 in chips)
Seat 6: 108b4b1 (577,455 in chips)
Seat 7: c51d7ded (403,358 in chips)
Seat 8: 815888dc (968,482 in chips)
c51d7ded: posts the ante 2,500
Hero: posts the ante 2,500
e94ca4a: posts the ante 2,500
7f364a2: posts the ante 2,500
108b4b1: posts the ante 2,500
accdf531: posts the ante 2,500
ceaf790b: posts the ante 2,500
815888dc: posts the ante 2,500
accdf531: posts small blind 8,000
Hero: posts big blind 16,000
*** HOLE CARDS ***
Dealt to 7f364a2 
Dealt to accdf531 
Dealt to Hero [Jh 5h]
Dealt to ceaf790b 
Dealt to e94ca4a 
Dealt to 108b4b1 
Dealt to c51d7ded 
Dealt to 815888dc 
ceaf790b: folds
e94ca4a: raises 16,000 to 32,000
108b4b1: folds
c51d7ded: folds
815888dc: folds
7f364a2: folds
accdf531: folds
Hero: calls 16,000
*** FLOP *** [6d 9s 3h]
Hero: checks
e94ca4a: bets 24,000
Hero: folds
Uncalled bet (24,000) returned to e94ca4a
*** SHOWDOWN ***
e94ca4a collected 92,000 from pot
*** SUMMARY ***
Total pot 92,000 | Rake 0 | Jackpot 0 | Bingo 0 | Fortune 0 | Tax 0
Board [6d 9s 3h]
Seat 1: 7f364a2 (button) folded before Flop
Seat 2: accdf531 (small blind) folded before Flop
Seat 3: Hero (big blind) folded on the Flop
Seat 4: ceaf790b folded before Flop
Seat 5: e94ca4a won (92,000)
Seat 6: 108b4b1 folded before Flop
Seat 7: c51d7ded folded before Flop
Seat 8: 815888dc folded before Flop


Poker Hand #TM5532215280: Tournament #260317602, Bounty Hunters Mini Big Game $10.80 Hold'em No Limit - Level15(6,000/12,000(1,800)) - 2026/02/01 14:43:52
Table '156' 8-max Seat #8 is the button
Seat 1: 7f364a2 (1,225,160 in chips)
Seat 2: accdf531 (994,264 in chips)
Seat 3: Hero (150,336 in chips)
Seat 4: ceaf790b (575,722 in chips)
Seat 5: e94ca4a (1,541,241 in chips)
Seat 6: 108b4b1 (579,255 in chips)
Seat 8: 815888dc (970,282 in chips)
Hero: posts the ante 1,800
e94ca4a: posts the ante 1,800
7f364a2: posts the ante 1,800
108b4b1: posts the ante 1,800
accdf531: posts the ante 1,800
ceaf790b: posts the ante 1,800
815888dc: posts the ante 1,800
7f364a2: posts small blind 6,000
accdf531: posts big blind 12,000
*** HOLE CARDS ***
Dealt to 7f364a2 
Dealt to accdf531 
Dealt to Hero [Ah 6c]
Dealt to ceaf790b 
Dealt to e94ca4a 
Dealt to 108b4b1 
Dealt to 815888dc 
Hero: folds
ceaf790b: folds
e94ca4a: raises 12,000 to 24,000
108b4b1: folds
815888dc: folds
7f364a2: folds
accdf531: calls 12,000
*** FLOP *** [Ac 5c 2c]
accdf531: checks
e94ca4a: checks
*** TURN *** [Ac 5c 2c] [Qc]
accdf531: bets 21,978
e94ca4a: calls 21,978
*** RIVER *** [Ac 5c 2c Qc] [9s]
accdf531: checks
e94ca4a: checks
accdf531: shows [Qd 8h] (a pair of Queens)
e94ca4a: shows [2d 2s] (three of a kind, Twos)
*** SHOWDOWN ***
e94ca4a collected 110,556 from pot
*** SUMMARY ***
Total pot 110,556 | Rake 0 | Jackpot 0 | Bingo 0 | Fortune 0 | Tax 0
Board [Ac 5c 2c Qc 9s]
Seat 1: 7f364a2 (small blind) folded before Flop
Seat 2: accdf531 (big blind) showed [Qd 8h] and lost with a pair of Queens
Seat 3: Hero folded before Flop
Seat 4: ceaf790b folded before Flop
Seat 5: e94ca4a showed [2d 2s] and won (110,556) with three of a kind, Twos
Seat 6: 108b4b1 folded before Flop
Seat 8: 815888dc (button) folded before Flop


Poker Hand #TM5532215270: Tournament #260317602, Bounty Hunters Mini Big Game $10.80 Hold'em No Limit - Level15(6,000/12,000(1,800)) - 2026/02/01 14:42:55
Table '156' 8-max Seat #7 is the button
Seat 1: 7f364a2 (1,238,960 in chips)
Seat 2: accdf531 (577,108 in chips)
Seat 3: Hero (152,136 in chips)
Seat 4: ceaf790b (577,522 in chips)
Seat 5: e94ca4a (1,543,041 in chips)
Seat 6: 108b4b1 (581,055 in chips)
Seat 7: 77e4c7a1 (388,356 in chips)
Seat 8: 815888dc (978,082 in chips)
Hero: posts the ante 1,800
e94ca4a: posts the ante 1,800
77e4c7a1: posts the ante 1,800
7f364a2: posts the ante 1,800
108b4b1: posts the ante 1,800
accdf531: posts the ante 1,800
ceaf790b: posts the ante 1,800
815888dc: posts the ante 1,800
815888dc: posts small blind 6,000
7f364a2: posts big blind 12,000
*** HOLE CARDS ***
Dealt to 7f364a2 
Dealt to accdf531 
Dealt to Hero [7d Js]
Dealt to ceaf790b 
Dealt to e94ca4a 
Dealt to 108b4b1 
Dealt to 77e4c7a1 
Dealt to 815888dc 
accdf531: raises 12,000 to 24,000
Hero: folds
ceaf790b: folds
e94ca4a: folds
108b4b1: folds
77e4c7a1: raises 362,556 to 386,556 and is all-in
815888dc: folds
7f364a2: folds
accdf531: calls 362,556
77e4c7a1: shows [Jc Ah]
accdf531: shows [Qd Ad]
*** FLOP *** [6c Kd 8h]
*** TURN *** [6c Kd 8h] [2d]
*** RIVER *** [6c Kd 8h 2d] [2h]
*** SHOWDOWN ***
accdf531 collected 805,512 from pot
*** SUMMARY ***
Total pot 805,512 | Rake 0 | Jackpot 0 | Bingo 0 | Fortune 0 | Tax 0
Board [6c Kd 8h 2d 2h]
Seat 1: 7f364a2 (big blind) folded before Flop
Seat 2: accdf531 showed [Qd Ad] and won (805,512) with a pair of Twos
Seat 3: Hero folded before Flop
Seat 4: ceaf790b folded before Flop
Seat 5: e94ca4a folded before Flop
Seat 6: 108b4b1 folded before Flop
Seat 7: 77e4c7a1 (button) showed [Jc Ah] and lost with a pair of Twos
Seat 8: 815888dc (small blind) folded before Flop


Poker Hand #TM5532215262: Tournament #260317602, Bounty Hunters Mini Big Game $10.80 Hold'em No Limit - Level15(6,000/12,000(1,800)) - 2026/02/01 14:41:58
Table '156' 8-max Seat #6 is the button
Seat 1: 7f364a2 (1,240,760 in chips)
Seat 2: accdf531 (578,908 in chips)
Seat 3: Hero (153,936 in chips)
Seat 4: ceaf790b (579,322 in chips)
Seat 5: e94ca4a (1,629,141 in chips)
Seat 6: 108b4b1 (466,155 in chips)
Seat 7: 77e4c7a1 (396,156 in chips)
Seat 8: 815888dc (991,882 in chips)
Hero: posts the ante 1,800
e94ca4a: posts the ante 1,800
77e4c7a1: posts the ante 1,800
7f364a2: posts the ante 1,800
108b4b1: posts the ante 1,800
accdf531: posts the ante 1,800
ceaf790b: posts the ante 1,800
815888dc: posts the ante 1,800
77e4c7a1: posts small blind 6,000
815888dc: posts big blind 12,000
*** HOLE CARDS ***
Dealt to 7f364a2 
Dealt to accdf531 
Dealt to Hero [Tc 8d]
Dealt to ceaf790b 
Dealt to e94ca4a 
Dealt to 108b4b1 
Dealt to 77e4c7a1 
Dealt to 815888dc 
7f364a2: folds
accdf531: folds
Hero: folds
ceaf790b: folds
e94ca4a: raises 12,000 to 24,000
108b4b1: raises 60,300 to 84,300
77e4c7a1: folds
815888dc: folds
e94ca4a: calls 60,300
*** FLOP *** [As 5d 8c]
e94ca4a: checks
108b4b1: bets 66,330
e94ca4a: folds
Uncalled bet (66,330) returned to 108b4b1
*** SHOWDOWN ***
108b4b1 collected 201,000 from pot
*** SUMMARY ***
Total pot 201,000 | Rake 0 | Jackpot 0 | Bingo 0 | Fortune 0 | Tax 0
Board [As 5d 8c]
Seat 1: 7f364a2 folded before Flop
Seat 2: accdf531 folded before Flop
Seat 3: Hero folded before Flop
Seat 4: ceaf790b folded before Flop
Seat 5: e94ca4a folded on the Flop
Seat 6: 108b4b1 (button) won (201,000)
Seat 7: 77e4c7a1 (small blind) folded before Flop
Seat 8: 815888dc (big blind) folded before Flop


Poker Hand #TM5532215247: Tournament #260317602, Bounty Hunters Mini Big Game $10.80 Hold'em No Limit - Level15(6,000/12,000(1,800)) - 2026/02/01 14:40:50
Table '156' 8-max Seat #5 is the button
Seat 1: 7f364a2 (1,242,560 in chips)
Seat 2: accdf531 (604,708 in chips)
Seat 3: Hero (50,568 in chips)
Seat 4: ceaf790b (581,122 in chips)
Seat 5: e94ca4a (1,679,709 in chips)
Seat 6: 108b4b1 (473,955 in chips)
Seat 7: 77e4c7a1 (409,956 in chips)
Seat 8: 815888dc (993,682 in chips)
Hero: posts the ante 1,800
e94ca4a: posts the ante 1,800
77e4c7a1: posts the ante 1,800
7f364a2: posts the ante 1,800
accdf531: posts the ante 1,800
108b4b1: posts the ante 1,800
ceaf790b: posts the ante 1,800
815888dc: posts the ante 1,800
108b4b1: posts small blind 6,000
77e4c7a1: posts big blind 12,000
*** HOLE CARDS ***
Dealt to 7f364a2 
Dealt to accdf531 
Dealt to Hero [Tc Qc]
Dealt to ceaf790b 
Dealt to e94ca4a 
Dealt to 108b4b1 
Dealt to 77e4c7a1 
Dealt to 815888dc 
815888dc: folds
7f364a2: folds
accdf531: raises 12,000 to 24,000
Hero: raises 24,768 to 48,768 and is all-in
ceaf790b: folds
e94ca4a: raises 1,629,141 to 1,677,909 and is all-in
108b4b1: folds
77e4c7a1: folds
accdf531: folds
Uncalled bet (1,629,141) returned to e94ca4a
e94ca4a: shows [Jh As]
Hero: shows [Tc Qc]
*** FLOP *** [4d Td 4c]
*** TURN *** [4d Td 4c] [9h]
*** RIVER *** [4d Td 4c 9h] [3h]
108b4b1: shows [4h] (three of a kind, Fours)
*** SHOWDOWN ***
Hero collected 153,936 from pot
*** SUMMARY ***
Total pot 153,936 | Rake 0 | Jackpot 0 | Bingo 0 | Fortune 0 | Tax 0
Board [4d Td 4c 9h 3h]
Seat 1: 7f364a2 folded before Flop
Seat 2: accdf531 folded before Flop
Seat 3: Hero showed [Tc Qc] and won (153,936) with two pair, Tens and Fours
Seat 4: ceaf790b folded before Flop
Seat 5: e94ca4a (button) showed [Jh As] and lost with a pair of Fours
Seat 6: 108b4b1 (small blind) folded before Flop
Seat 7: 77e4c7a1 (big blind) folded before Flop
Seat 8: 815888dc folded before Flop


Poker Hand #TM5532215233: Tournament #260317602, Bounty Hunters Mini Big Game $10.80 Hold'em No Limit - Level15(6,000/12,000(1,800)) - 2026/02/01 14:39:12
Table '156' 8-max Seat #4 is the button
Seat 1: 7f364a2 (1,231,160 in chips)
Seat 2: accdf531 (606,508 in chips)
Seat 3: Hero (52,368 in chips)
Seat 4: ceaf790b (582,922 in chips)
Seat 5: e94ca4a (1,668,309 in chips)
Seat 6: 108b4b1 (487,755 in chips)
Seat 7: 77e4c7a1 (411,756 in chips)
Seat 8: 815888dc (995,482 in chips)
Hero: posts the ante 1,800
e94ca4a: posts the ante 1,800
77e4c7a1: posts the ante 1,800
7f364a2: posts the ante 1,800
accdf531: posts the ante 1,800
108b4b1: posts the ante 1,800
ceaf790b: posts the ante 1,800
815888dc: posts the ante 1,800
e94ca4a: posts small blind 6,000
108b4b1: posts big blind 12,000
*** HOLE CARDS ***
Dealt to 7f364a2 
Dealt to accdf531 
Dealt to Hero [Th 8c]
Dealt to ceaf790b 
Dealt to e94ca4a 
Dealt to 108b4b1 
Dealt to 77e4c7a1 
Dealt to 815888dc 
77e4c7a1: folds
815888dc: folds
7f364a2: raises 14,400 to 26,400
accdf531: folds
Hero: folds
ceaf790b: folds
e94ca4a: calls 20,400
108b4b1: folds
*** FLOP *** [4h 2d 5c]
e94ca4a: checks
7f364a2: checks
*** TURN *** [4h 2d 5c] [3h]
e94ca4a: checks
7f364a2: bets 39,600
e94ca4a: calls 39,600
*** RIVER *** [4h 2d 5c 3h] [Ac]
e94ca4a: checks
7f364a2: checks
e94ca4a: shows [Kh 7d] (a straight, Ace to Five)
7f364a2: shows [9h As] (a straight, Ace to Five)
*** SHOWDOWN ***
7f364a2 collected 79,200 from pot
e94ca4a collected 79,200 from pot
*** SUMMARY ***
Total pot 158,400 | Rake 0 | Jackpot 0 | Bingo 0 | Fortune 0 | Tax 0
Board [4h 2d 5c 3h Ac]
Seat 1: 7f364a2 showed [9h As] and won (79,200) with a straight, Ace to Five
Seat 2: accdf531 folded before Flop
Seat 3: Hero folded before Flop
Seat 4: ceaf790b (button) folded before Flop
Seat 5: e94ca4a (small blind) showed [Kh 7d] and won (79,200) with a straight, Ace to Five
Seat 6: 108b4b1 (big blind) folded before Flop
Seat 7: 77e4c7a1 folded before Flop
Seat 8: 815888dc folded before Flop


Poker Hand #TM5532215229: Tournament #260317602, Bounty Hunters Mini Big Game $10.80 Hold'em No Limit - Level15(6,000/12,000(1,800)) - 2026/02/01 14:38:47
Table '156' 8-max Seat #3 is the button
Seat 1: 7f364a2 (1,232,960 in chips)
Seat 2: accdf531 (608,308 in chips)
Seat 3: Hero (54,168 in chips)
Seat 4: ceaf790b (590,722 in chips)
Seat 5: e94ca4a (1,651,509 in chips)
Seat 7: 77e4c7a1 (413,556 in chips)
Seat 8: 815888dc (997,282 in chips)
Hero: posts the ante 1,800
e94ca4a: posts the ante 1,800
77e4c7a1: posts the ante 1,800
7f364a2: posts the ante 1,800
accdf531: posts the ante 1,800
ceaf790b: posts the ante 1,800
815888dc: posts the ante 1,800
ceaf790b: posts small blind 6,000
e94ca4a: posts big blind 12,000
*** HOLE CARDS ***
Dealt to 7f364a2 
Dealt to accdf531 
Dealt to Hero [Jh 6s]
Dealt to ceaf790b 
Dealt to e94ca4a 
Dealt to 77e4c7a1 
Dealt to 815888dc 
77e4c7a1: folds
815888dc: folds
7f364a2: folds
accdf531: folds
Hero: folds
ceaf790b: folds
Uncalled bet (6,000) returned to e94ca4a
*** SHOWDOWN ***
e94ca4a collected 24,600 from pot
*** SUMMARY ***
Total pot 24,600 | Rake 0 | Jackpot 0 | Bingo 0 | Fortune 0 | Tax 0
Seat 1: 7f364a2 folded before Flop
Seat 2: accdf531 folded before Flop
Seat 3: Hero (button) folded before Flop
Seat 4: ceaf790b (small blind) folded before Flop
Seat 5: e94ca4a (big blind) collected (24,600)
Seat 7: 77e4c7a1 folded before Flop
Seat 8: 815888dc folded before Flop


Poker Hand #TM5532215215: Tournament #260317602, Bounty Hunters Mini Big Game $10.80 Hold'em No Limit - Level15(6,000/12,000(1,800)) - 2026/02/01 14:37:41
Table '156' 8-max Seat #2 is the button
Seat 1: 7f364a2 (854,281 in chips)
Seat 2: accdf531 (610,108 in chips)
Seat 3: Hero (61,968 in chips)
Seat 4: ceaf790b (604,522 in chips)
Seat 5: e94ca4a (1,653,309 in chips)
Seat 6: b6fa8035 (349,879 in chips)
Seat 7: 77e4c7a1 (415,356 in chips)
Seat 8: 815888dc (999,082 in chips)
Hero: posts the ante 1,800
e94ca4a: posts the ante 1,800
77e4c7a1: posts the ante 1,800
7f364a2: posts the ante 1,800
accdf531: posts the ante 1,800
b6fa8035: posts the ante 1,800
ceaf790b: posts the ante 1,800
815888dc: posts the ante 1,800
Hero: posts small blind 6,000
ceaf790b: posts big blind 12,000
*** HOLE CARDS ***
Dealt to 7f364a2 
Dealt to accdf531 
Dealt to Hero [Jc 7h]
Dealt to ceaf790b 
Dealt to e94ca4a 
Dealt to b6fa8035 
Dealt to 77e4c7a1 
Dealt to 815888dc 
e94ca4a: folds
b6fa8035: raises 12,000 to 24,000
77e4c7a1: folds
815888dc: folds
7f364a2: calls 24,000
accdf531: folds
Hero: folds
ceaf790b: folds
*** FLOP *** [2h Ks Ah]
b6fa8035: checks
7f364a2: bets 60,300
b6fa8035: calls 60,300
*** TURN *** [2h Ks Ah] [Qs]
b6fa8035: checks
7f364a2: bets 201,000
b6fa8035: raises 62,779 to 263,779 and is all-in
7f364a2: calls 62,779
b6fa8035: shows [9d Ad] (a pair of Aces)
7f364a2: shows [2s As] (two pair, Aces and Twos)
*** RIVER *** [2h Ks Ah Qs] [4c]
*** SHOWDOWN ***
7f364a2 collected 728,558 from pot
*** SUMMARY ***
Total pot 728,558 | Rake 0 | Jackpot 0 | Bingo 0 | Fortune 0 | Tax 0
Board [2h Ks Ah Qs 4c]
Seat 1: 7f364a2 showed [2s As] and won (728,558) with two pair, Aces and Twos
Seat 2: accdf531 (button) folded before Flop
Seat 3: Hero (small blind) folded before Flop
Seat 4: ceaf790b (big blind) folded before Flop
Seat 5: e94ca4a folded before Flop
Seat 6: b6fa8035 showed [9d Ad] and lost with a pair of Aces
Seat 7: 77e4c7a1 folded before Flop
Seat 8: 815888dc folded before Flop


Poker Hand #TM5532215205: Tournament #260317602, Bounty Hunters Mini Big Game $10.80 Hold'em No Limit - Level15(6,000/12,000(1,800)) - 2026/02/01 14:36:53
Table '156' 8-max Seat #1 is the button
Seat 1: 7f364a2 (856,081 in chips)
Seat 2: accdf531 (617,908 in chips)
Seat 3: Hero (99,768 in chips)
Seat 4: ceaf790b (606,322 in chips)
Seat 5: e94ca4a (1,655,109 in chips)
Seat 6: b6fa8035 (351,679 in chips)
Seat 7: 77e4c7a1 (360,756 in chips)
Seat 8: 815888dc (1,000,882 in chips)
Hero: posts the ante 1,800
e94ca4a: posts the ante 1,800
77e4c7a1: posts the ante 1,800
7f364a2: posts the ante 1,800
accdf531: posts the ante 1,800
b6fa8035: posts the ante 1,800
ceaf790b: posts the ante 1,800
815888dc: posts the ante 1,800
accdf531: posts small blind 6,000
Hero: posts big blind 12,000
*** HOLE CARDS ***
Dealt to 7f364a2 
Dealt to accdf531 
Dealt to Hero [Js 9s]
Dealt to ceaf790b 
Dealt to e94ca4a 
Dealt to b6fa8035 
Dealt to 77e4c7a1 
Dealt to 815888dc 
ceaf790b: folds
e94ca4a: folds
b6fa8035: folds
77e4c7a1: raises 24,000 to 36,000
815888dc: folds
7f364a2: folds
accdf531: folds
Hero: calls 24,000
*** FLOP *** [7d Ts Ah]
Hero: checks
77e4c7a1: bets 322,956 and is all-in
Hero: folds
Uncalled bet (322,956) returned to 77e4c7a1
*** SHOWDOWN ***
77e4c7a1 collected 92,400 from pot
*** SUMMARY ***
Total pot 92,400 | Rake 0 | Jackpot 0 | Bingo 0 | Fortune 0 | Tax 0
Board [7d Ts Ah]
Seat 1: 7f364a2 (button) folded before Flop
Seat 2: accdf531 (small blind) folded before Flop
Seat 3: Hero (big blind) folded on the Flop
Seat 4: ceaf790b folded before Flop
Seat 5: e94ca4a folded before Flop
Seat 6: b6fa8035 folded before Flop
Seat 7: 77e4c7a1 won (92,400)
Seat 8: 815888dc folded before Flop


Poker Hand #TM5532215189: Tournament #260317602, Bounty Hunters Mini Big Game $10.80 Hold'em No Limit - Level14(5,000/10,000(1,500)) - 2026/02/01 14:35:16
Table '156' 8-max Seat #8 is the button
Seat 1: 7f364a2 (883,581 in chips)
Seat 2: accdf531 (581,408 in chips)
Seat 3: Hero (101,268 in chips)
Seat 4: ceaf790b (607,822 in chips)
Seat 5: e94ca4a (1,656,609 in chips)
Seat 6: b6fa8035 (353,179 in chips)
Seat 7: 77e4c7a1 (362,256 in chips)
Seat 8: 815888dc (1,002,382 in chips)
Hero: posts the ante 1,500
e94ca4a: posts the ante 1,500
77e4c7a1: posts the ante 1,500
7f364a2: posts the ante 1,500
accdf531: posts the ante 1,500
b6fa8035: posts the ante 1,500
ceaf790b: posts the ante 1,500
815888dc: posts the ante 1,500
7f364a2: posts small blind 5,000
accdf531: posts big blind 10,000
*** HOLE CARDS ***
Dealt to 7f364a2 
Dealt to accdf531 
Dealt to Hero [8c As]
Dealt to ceaf790b 
Dealt to e94ca4a 
Dealt to b6fa8035 
Dealt to 77e4c7a1 
Dealt to 815888dc 
Hero: folds
ceaf790b: folds
e94ca4a: folds
b6fa8035: folds
77e4c7a1: folds
815888dc: folds
7f364a2: calls 5,000
accdf531: checks
*** FLOP *** [Tc Ad 3d]
7f364a2: checks
accdf531: checks
*** TURN *** [Tc Ad 3d] [9d]
7f364a2: checks
accdf531: checks
*** RIVER *** [Tc Ad 3d 9d] [Jd]
7f364a2: checks
accdf531: bets 16,000
7f364a2: calls 16,000
accdf531: shows [7s 8d] (a flush Ace high)
7f364a2: shows [5h 6d] (a flush Ace high)
77e4c7a1: shows [7d] (a flush Ace high)
accdf531: shows [7s 8d] (a flush Ace high)
7f364a2: shows [5h 6d] (a flush Ace high)
*** SHOWDOWN ***
accdf531 collected 64,000 from pot
*** SUMMARY ***
Total pot 64,000 | Rake 0 | Jackpot 0 | Bingo 0 | Fortune 0 | Tax 0
Board [Tc Ad 3d 9d Jd]
Seat 1: 7f364a2 (small blind) showed [5h 6d] and lost with a flush Ace high
Seat 2: accdf531 (big blind) showed [7s 8d] and won (64,000) with a flush Ace high
Seat 3: Hero folded before Flop
Seat 4: ceaf790b folded before Flop
Seat 5: e94ca4a folded before Flop
Seat 6: b6fa8035 folded before Flop
Seat 7: 77e4c7a1 folded before Flop
Seat 8: 815888dc (button) folded before Flop


Poker Hand #TM5532215180: Tournament #260317602, Bounty Hunters Mini Big Game $10.80 Hold'em No Limit - Level14(5,000/10,000(1,500)) - 2026/02/01 14:34:27
Table '156' 8-max Seat #7 is the button
Seat 1: 7f364a2 (895,081 in chips)
Seat 2: accdf531 (582,908 in chips)
Seat 3: Hero (102,768 in chips)
Seat 4: ceaf790b (609,322 in chips)
Seat 5: e94ca4a (1,658,109 in chips)
Seat 6: b6fa8035 (354,679 in chips)
Seat 7: 77e4c7a1 (363,756 in chips)
Seat 8: 815888dc (981,882 in chips)
Hero: posts the ante 1,500
e94ca4a: posts the ante 1,500
77e4c7a1: posts the ante 1,500
7f364a2: posts the ante 1,500
accdf531: posts the ante 1,500
b6fa8035: posts the ante 1,500
ceaf790b: posts the ante 1,500
815888dc: posts the ante 1,500
815888dc: posts small blind 5,000
7f364a2: posts big blind 10,000
*** HOLE CARDS ***
Dealt to 7f364a2 
Dealt to accdf531 
Dealt to Hero [Ah 8s]
Dealt to ceaf790b 
Dealt to e94ca4a 
Dealt to b6fa8035 
Dealt to 77e4c7a1 
Dealt to 815888dc 
accdf531: folds
Hero: folds
ceaf790b: folds
e94ca4a: folds
b6fa8035: folds
77e4c7a1: folds
815888dc: raises 20,000 to 30,000
7f364a2: folds
Uncalled bet (20,000) returned to 815888dc
*** SHOWDOWN ***
815888dc collected 32,000 from pot
*** SUMMARY ***
Total pot 32,000 | Rake 0 | Jackpot 0 | Bingo 0 | Fortune 0 | Tax 0
Seat 1: 7f364a2 (big blind) folded before Flop
Seat 2: accdf531 folded before Flop
Seat 3: Hero folded before Flop
Seat 4: ceaf790b folded before Flop
Seat 5: e94ca4a folded before Flop
Seat 6: b6fa8035 folded before Flop
Seat 7: 77e4c7a1 (button) folded before Flop
Seat 8: 815888dc (small blind) collected (32,000)


Poker Hand #TM5532215172: Tournament #260317602, Bounty Hunters Mini Big Game $10.80 Hold'em No Limit - Level14(5,000/10,000(1,500)) - 2026/02/01 14:33:51
Table '156' 8-max Seat #6 is the button
Seat 1: 7f364a2 (896,581 in chips)
Seat 2: accdf531 (584,408 in chips)
Seat 3: Hero (104,268 in chips)
Seat 4: ceaf790b (583,822 in chips)
Seat 5: e94ca4a (1,659,609 in chips)
Seat 6: b6fa8035 (356,179 in chips)
Seat 7: 77e4c7a1 (370,256 in chips)
Seat 8: 815888dc (993,382 in chips)
Hero: posts the ante 1,500
e94ca4a: posts the ante 1,500
77e4c7a1: posts the ante 1,500
7f364a2: posts the ante 1,500
accdf531: posts the ante 1,500
b6fa8035: posts the ante 1,500
ceaf790b: posts the ante 1,500
815888dc: posts the ante 1,500
77e4c7a1: posts small blind 5,000
815888dc: posts big blind 10,000
*** HOLE CARDS ***
Dealt to 7f364a2 
Dealt to accdf531 
Dealt to Hero [Ks 7s]
Dealt to ceaf790b 
Dealt to e94ca4a 
Dealt to b6fa8035 
Dealt to 77e4c7a1 
Dealt to 815888dc 
7f364a2: folds
accdf531: folds
Hero: folds
ceaf790b: raises 20,000 to 30,000
e94ca4a: folds
b6fa8035: folds
77e4c7a1: folds
815888dc: folds
Uncalled bet (20,000) returned to ceaf790b
*** SHOWDOWN ***
ceaf790b collected 37,000 from pot
*** SUMMARY ***
Total pot 37,000 | Rake 0 | Jackpot 0 | Bingo 0 | Fortune 0 | Tax 0
Seat 1: 7f364a2 folded before Flop
Seat 2: accdf531 folded before Flop
Seat 3: Hero folded before Flop
Seat 4: ceaf790b collected (37,000)
Seat 5: e94ca4a folded before Flop
Seat 6: b6fa8035 (button) folded before Flop
Seat 7: 77e4c7a1 (small blind) folded before Flop
Seat 8: 815888dc (big blind) folded before Flop


Poker Hand #TM5532215161: Tournament #260317602, Bounty Hunters Mini Big Game $10.80 Hold'em No Limit - Level14(5,000/10,000(1,500)) - 2026/02/01 14:32:56
Table '156' 8-max Seat #5 is the button
Seat 1: 7f364a2 (814,081 in chips)
Seat 2: accdf531 (585,908 in chips)
Seat 3: Hero (105,768 in chips)
Seat 4: ceaf790b (585,322 in chips)
Seat 5: e94ca4a (1,661,109 in chips)
Seat 6: b6fa8035 (362,679 in chips)
Seat 7: 77e4c7a1 (381,756 in chips)
Seat 8: 815888dc (1,051,882 in chips)
Hero: posts the ante 1,500
e94ca4a: posts the ante 1,500
77e4c7a1: posts the ante 1,500
7f364a2: posts the ante 1,500
accdf531: posts the ante 1,500
b6fa8035: posts the ante 1,500
ceaf790b: posts the ante 1,500
815888dc: posts the ante 1,500
b6fa8035: posts small blind 5,000
77e4c7a1: posts big blind 10,000
*** HOLE CARDS ***
Dealt to 7f364a2 
Dealt to accdf531 
Dealt to Hero [Qc 5c]
Dealt to ceaf790b 
Dealt to e94ca4a 
Dealt to b6fa8035 
Dealt to 77e4c7a1 
Dealt to 815888dc 
815888dc: calls 10,000
7f364a2: raises 47,000 to 57,000
accdf531: folds
Hero: folds
ceaf790b: folds
e94ca4a: folds
b6fa8035: folds
77e4c7a1: folds
815888dc: calls 47,000
*** FLOP *** [6d 3h 9d]
815888dc: checks
7f364a2: bets 46,530
815888dc: folds
Uncalled bet (46,530) returned to 7f364a2
*** SHOWDOWN ***
7f364a2 collected 141,000 from pot
*** SUMMARY ***
Total pot 141,000 | Rake 0 | Jackpot 0 | Bingo 0 | Fortune 0 | Tax 0
Board [6d 3h 9d]
Seat 1: 7f364a2 won (141,000)
Seat 2: accdf531 folded before Flop
Seat 3: Hero folded before Flop
Seat 4: ceaf790b folded before Flop
Seat 5: e94ca4a (button) folded before Flop
Seat 6: b6fa8035 (small blind) folded before Flop
Seat 7: 77e4c7a1 (big blind) folded before Flop
Seat 8: 815888dc folded on the Flop


Poker Hand #TM5532215146: Tournament #260317602, Bounty Hunters Mini Big Game $10.80 Hold'em No Limit - Level14(5,000/10,000(1,500)) - 2026/02/01 14:31:48
Table '156' 8-max Seat #4 is the button
Seat 1: 7f364a2 (815,581 in chips)
Seat 2: accdf531 (587,408 in chips)
Seat 3: Hero (107,268 in chips)
Seat 4: ceaf790b (586,822 in chips)
Seat 5: e94ca4a (1,682,609 in chips)
Seat 6: b6fa8035 (322,179 in chips)
Seat 7: 77e4c7a1 (393,256 in chips)
Seat 8: 815888dc (1,053,382 in chips)
Hero: posts the ante 1,500
e94ca4a: posts the ante 1,500
77e4c7a1: posts the ante 1,500
7f364a2: posts the ante 1,500
accdf531: posts the ante 1,500
b6fa8035: posts the ante 1,500
ceaf790b: posts the ante 1,500
815888dc: posts the ante 1,500
e94ca4a: posts small blind 5,000
b6fa8035: posts big blind 10,000
*** HOLE CARDS ***
Dealt to 7f364a2 
Dealt to accdf531 
Dealt to Hero [8d Ad]
Dealt to ceaf790b 
Dealt to e94ca4a 
Dealt to b6fa8035 
Dealt to 77e4c7a1 
Dealt to 815888dc 
77e4c7a1: calls 10,000
815888dc: folds
7f364a2: folds
accdf531: folds
Hero: folds
ceaf790b: folds
e94ca4a: calls 5,000
b6fa8035: checks
*** FLOP *** [6d 7s Jd]
e94ca4a: checks
b6fa8035: checks
77e4c7a1: checks
*** TURN *** [6d 7s Jd] [8s]
e94ca4a: bets 10,000
b6fa8035: calls 10,000
77e4c7a1: folds
*** RIVER *** [6d 7s Jd 8s] [5d]
e94ca4a: checks
b6fa8035: checks
e94ca4a: shows [Qh 6h] (a pair of Sixes)
b6fa8035: shows [Th 7h] (a pair of Sevens)
*** SHOWDOWN ***
b6fa8035 collected 62,000 from pot
*** SUMMARY ***
Total pot 62,000 | Rake 0 | Jackpot 0 | Bingo 0 | Fortune 0 | Tax 0
Board [6d 7s Jd 8s 5d]
Seat 1: 7f364a2 folded before Flop
Seat 2: accdf531 folded before Flop
Seat 3: Hero folded before Flop
Seat 4: ceaf790b (button) folded before Flop
Seat 5: e94ca4a (small blind) showed [Qh 6h] and lost with a pair of Sixes
Seat 6: b6fa8035 (big blind) showed [Th 7h] and won (62,000) with a pair of Sevens
Seat 7: 77e4c7a1 folded on the Turn
Seat 8: 815888dc folded before Flop


Poker Hand #TM5532215139: Tournament #260317602, Bounty Hunters Mini Big Game $10.80 Hold'em No Limit - Level14(5,000/10,000(1,500)) - 2026/02/01 14:31:24
Table '156' 8-max Seat #3 is the button
Seat 1: 7f364a2 (890,581 in chips)
Seat 2: accdf531 (588,908 in chips)
Seat 3: Hero (108,768 in chips)
Seat 4: ceaf790b (593,322 in chips)
Seat 5: e94ca4a (1,694,109 in chips)
Seat 6: b6fa8035 (323,679 in chips)
Seat 7: 77e4c7a1 (294,256 in chips)
Seat 8: 815888dc (1,054,882 in chips)
Hero: posts the ante 1,500
e94ca4a: posts the ante 1,500
77e4c7a1: posts the ante 1,500
7f364a2: posts the ante 1,500
accdf531: posts the ante 1,500
b6fa8035: posts the ante 1,500
ceaf790b: posts the ante 1,500
815888dc: posts the ante 1,500
ceaf790b: posts small blind 5,000
e94ca4a: posts big blind 10,000
*** HOLE CARDS ***
Dealt to 7f364a2 
Dealt to accdf531 
Dealt to Hero [2s 9c]
Dealt to ceaf790b 
Dealt to e94ca4a 
Dealt to b6fa8035 
Dealt to 77e4c7a1 
Dealt to 815888dc 
b6fa8035: folds
77e4c7a1: raises 20,000 to 30,000
815888dc: folds
7f364a2: raises 43,500 to 73,500
accdf531: folds
Hero: folds
ceaf790b: folds
e94ca4a: folds
77e4c7a1: raises 174,000 to 247,500
7f364a2: folds
Uncalled bet (174,000) returned to 77e4c7a1
*** SHOWDOWN ***
77e4c7a1 collected 174,000 from pot
*** SUMMARY ***
Total pot 174,000 | Rake 0 | Jackpot 0 | Bingo 0 | Fortune 0 | Tax 0
Seat 1: 7f364a2 folded before Flop
Seat 2: accdf531 folded before Flop
Seat 3: Hero (button) folded before Flop
Seat 4: ceaf790b (small blind) folded before Flop
Seat 5: e94ca4a (big blind) folded before Flop
Seat 6: b6fa8035 folded before Flop
Seat 7: 77e4c7a1 collected (174,000)
Seat 8: 815888dc folded before Flop


Poker Hand #TM5532215126: Tournament #260317602, Bounty Hunters Mini Big Game $10.80 Hold'em No Limit - Level14(5,000/10,000(1,500)) - 2026/02/01 14:30:18
Table '156' 8-max Seat #2 is the button
Seat 1: 7f364a2 (892,081 in chips)
Seat 2: accdf531 (590,408 in chips)
Seat 3: Hero (115,268 in chips)
Seat 4: ceaf790b (604,822 in chips)
Seat 5: e94ca4a (1,695,609 in chips)
Seat 6: b6fa8035 (367,289 in chips)
Seat 7: 77e4c7a1 (295,756 in chips)
Seat 8: 815888dc (987,272 in chips)
Hero: posts the ante 1,500
e94ca4a: posts the ante 1,500
77e4c7a1: posts the ante 1,500
7f364a2: posts the ante 1,500
accdf531: posts the ante 1,500
b6fa8035: posts the ante 1,500
ceaf790b: posts the ante 1,500
815888dc: posts the ante 1,500
Hero: posts small blind 5,000
ceaf790b: posts big blind 10,000
*** HOLE CARDS ***
Dealt to 7f364a2 
Dealt to accdf531 
Dealt to Hero [4h 2d]
Dealt to ceaf790b 
Dealt to e94ca4a 
Dealt to b6fa8035 
Dealt to 77e4c7a1 
Dealt to 815888dc 
e94ca4a: folds
b6fa8035: raises 10,000 to 20,000
77e4c7a1: folds
815888dc: calls 20,000
7f364a2: folds
accdf531: folds
Hero: folds
ceaf790b: folds
*** FLOP *** [6c 9h 6h]
b6fa8035: bets 22,110
815888dc: raises 111,220 to 133,330
b6fa8035: folds
Uncalled bet (111,220) returned to 815888dc
*** SHOWDOWN ***
815888dc collected 111,220 from pot
*** SUMMARY ***
Total pot 111,220 | Rake 0 | Jackpot 0 | Bingo 0 | Fortune 0 | Tax 0
Board [6c 9h 6h]
Seat 1: 7f364a2 folded before Flop
Seat 2: accdf531 (button) folded before Flop
Seat 3: Hero (small blind) folded before Flop
Seat 4: ceaf790b (big blind) folded before Flop
Seat 5: e94ca4a folded before Flop
Seat 6: b6fa8035 folded on the Flop
Seat 7: 77e4c7a1 folded before Flop
Seat 8: 815888dc won (111,220)


Poker Hand #TM5532215119: Tournament #260317602, Bounty Hunters Mini Big Game $10.80 Hold'em No Limit - Level14(5,000/10,000(1,500)) - 2026/02/01 14:29:26
Table '156' 8-max Seat #1 is the button
Seat 1: 7f364a2 (893,581 in chips)
Seat 2: accdf531 (596,908 in chips)
Seat 3: Hero (136,768 in chips)
Seat 4: ceaf790b (606,322 in chips)
Seat 5: e94ca4a (1,697,109 in chips)
Seat 6: b6fa8035 (368,789 in chips)
Seat 8: 815888dc (953,272 in chips)
Hero: posts the ante 1,500
e94ca4a: posts the ante 1,500
7f364a2: posts the ante 1,500
accdf531: posts the ante 1,500
b6fa8035: posts the ante 1,500
ceaf790b: posts the ante 1,500
815888dc: posts the ante 1,500
accdf531: posts small blind 5,000
Hero: posts big blind 10,000
*** HOLE CARDS ***
Dealt to 7f364a2 
Dealt to accdf531 
Dealt to Hero [Kc 3h]
Dealt to ceaf790b 
Dealt to e94ca4a 
Dealt to b6fa8035 
Dealt to 815888dc 
ceaf790b: folds
e94ca4a: folds
b6fa8035: folds
815888dc: raises 10,000 to 20,000
7f364a2: folds
accdf531: folds
Hero: calls 10,000
*** FLOP *** [9h 8d 6s]
Hero: checks
815888dc: bets 55,500
Hero: folds
Uncalled bet (55,500) returned to 815888dc
*** SHOWDOWN ***
815888dc collected 55,500 from pot
*** SUMMARY ***
Total pot 55,500 | Rake 0 | Jackpot 0 | Bingo 0 | Fortune 0 | Tax 0
Board [9h 8d 6s]
Seat 1: 7f364a2 (button) folded before Flop
Seat 2: accdf531 (small blind) folded before Flop
Seat 3: Hero (big blind) folded on the Flop
Seat 4: ceaf790b folded before Flop
Seat 5: e94ca4a folded before Flop
Seat 6: b6fa8035 folded before Flop
Seat 8: 815888dc won (55,500)


Poker Hand #TM5532215100: Tournament #260317602, Bounty Hunters Mini Big Game $10.80 Hold'em No Limit - Level13(4,000/8,000(1,200)) - 2026/02/01 14:27:47
Table '156' 8-max Seat #8 is the button
Seat 1: 7f364a2 (898,781 in chips)
Seat 2: accdf531 (606,108 in chips)
Seat 3: Hero (137,968 in chips)
Seat 4: ceaf790b (607,522 in chips)
Seat 5: e94ca4a (1,285,234 in chips)
Seat 6: b6fa8035 (385,989 in chips)
Seat 7: 4e88aa08 (376,675 in chips)
Seat 8: 815888dc (954,472 in chips)
Hero: posts the ante 1,200
e94ca4a: posts the ante 1,200
4e88aa08: posts the ante 1,200
7f364a2: posts the ante 1,200
accdf531: posts the ante 1,200
b6fa8035: posts the ante 1,200
ceaf790b: posts the ante 1,200
815888dc: posts the ante 1,200
7f364a2: posts small blind 4,000
accdf531: posts big blind 8,000
*** HOLE CARDS ***
Dealt to 7f364a2 
Dealt to accdf531 
Dealt to Hero [8h 4h]
Dealt to ceaf790b 
Dealt to e94ca4a 
Dealt to b6fa8035 
Dealt to 4e88aa08 
Dealt to 815888dc 
Hero: folds
ceaf790b: folds
e94ca4a: raises 8,000 to 16,000
b6fa8035: calls 16,000
4e88aa08: raises 48,000 to 64,000
815888dc: folds
7f364a2: folds
accdf531: folds
e94ca4a: calls 48,000
b6fa8035: folds
*** FLOP *** [6d Qh As]
e94ca4a: checks
4e88aa08: bets 48,000
e94ca4a: calls 48,000
*** TURN *** [6d Qh As] [4c]
e94ca4a: bets 96,000
4e88aa08: raises 167,475 to 263,475 and is all-in
e94ca4a: calls 167,475
4e88aa08: shows [Kc Tc] (Ace high)
e94ca4a: shows [Ts Ad] (a pair of Aces)
*** RIVER *** [6d Qh As 4c] [6s]
*** SHOWDOWN ***
e94ca4a collected 788,550 from pot
*** SUMMARY ***
Total pot 788,550 | Rake 0 | Jackpot 0 | Bingo 0 | Fortune 0 | Tax 0
Board [6d Qh As 4c 6s]
Seat 1: 7f364a2 (small blind) folded before Flop
Seat 2: accdf531 (big blind) folded before Flop
Seat 3: Hero folded before Flop
Seat 4: ceaf790b folded before Flop
Seat 5: e94ca4a showed [Ts Ad] and won (788,550) with two pair, Aces and Sixes
Seat 6: b6fa8035 folded before Flop
Seat 7: 4e88aa08 showed [Kc Tc] and lost with a pair of Sixes
Seat 8: 815888dc (button) folded before Flop


Poker Hand #TM5532215085: Tournament #260317602, Bounty Hunters Mini Big Game $10.80 Hold'em No Limit - Level13(4,000/8,000(1,200)) - 2026/02/01 14:26:42
Table '156' 8-max Seat #7 is the button
Seat 1: 7f364a2 (907,981 in chips)
Seat 2: accdf531 (607,308 in chips)
Seat 3: Hero (139,168 in chips)
Seat 4: ceaf790b (608,722 in chips)
Seat 5: e94ca4a (1,352,034 in chips)
Seat 6: b6fa8035 (387,189 in chips)
Seat 7: 4e88aa08 (377,875 in chips)
Seat 8: 815888dc (872,472 in chips)
Hero: posts the ante 1,200
e94ca4a: posts the ante 1,200
4e88aa08: posts the ante 1,200
7f364a2: posts the ante 1,200
accdf531: posts the ante 1,200
b6fa8035: posts the ante 1,200
ceaf790b: posts the ante 1,200
815888dc: posts the ante 1,200
815888dc: posts small blind 4,000
7f364a2: posts big blind 8,000
*** HOLE CARDS ***
Dealt to 7f364a2 
Dealt to accdf531 
Dealt to Hero [9d Ks]
Dealt to ceaf790b 
Dealt to e94ca4a 
Dealt to b6fa8035 
Dealt to 4e88aa08 
Dealt to 815888dc 
accdf531: folds
Hero: folds
ceaf790b: folds
e94ca4a: raises 8,000 to 16,000
b6fa8035: folds
4e88aa08: folds
815888dc: raises 49,600 to 65,600
7f364a2: folds
e94ca4a: calls 49,600
*** FLOP *** [Jh 2h Qc]
815888dc: bets 148,800
e94ca4a: folds
Uncalled bet (148,800) returned to 815888dc
*** SHOWDOWN ***
815888dc collected 148,800 from pot
*** SUMMARY ***
Total pot 148,800 | Rake 0 | Jackpot 0 | Bingo 0 | Fortune 0 | Tax 0
Board [Jh 2h Qc]
Seat 1: 7f364a2 (big blind) folded before Flop
Seat 2: accdf531 folded before Flop
Seat 3: Hero folded before Flop
Seat 4: ceaf790b folded before Flop
Seat 5: e94ca4a folded on the Flop
Seat 6: b6fa8035 folded before Flop
Seat 7: 4e88aa08 (button) folded before Flop
Seat 8: 815888dc (small blind) won (148,800)


Poker Hand #TM5532215074: Tournament #260317602, Bounty Hunters Mini Big Game $10.80 Hold'em No Limit - Level13(4,000/8,000(1,200)) - 2026/02/01 14:25:51
Table '156' 8-max Seat #6 is the button
Seat 1: 7f364a2 (909,181 in chips)
Seat 2: accdf531 (608,508 in chips)
Seat 3: Hero (140,368 in chips)
Seat 4: ceaf790b (609,922 in chips)
Seat 5: e94ca4a (1,369,234 in chips)
Seat 6: b6fa8035 (388,389 in chips)
Seat 7: 4e88aa08 (395,075 in chips)
Seat 8: 815888dc (832,072 in chips)
Hero: posts the ante 1,200
e94ca4a: posts the ante 1,200
7f364a2: posts the ante 1,200
4e88aa08: posts the ante 1,200
accdf531: posts the ante 1,200
b6fa8035: posts the ante 1,200
ceaf790b: posts the ante 1,200
815888dc: posts the ante 1,200
4e88aa08: posts small blind 4,000
815888dc: posts big blind 8,000
*** HOLE CARDS ***
Dealt to 7f364a2 
Dealt to accdf531 
Dealt to Hero [Qc 4d]
Dealt to ceaf790b 
Dealt to e94ca4a 
Dealt to b6fa8035 
Dealt to 4e88aa08 
Dealt to 815888dc 
7f364a2: folds
accdf531: folds
Hero: folds
ceaf790b: folds
e94ca4a: raises 8,000 to 16,000
b6fa8035: folds
4e88aa08: calls 12,000
815888dc: calls 8,000
*** FLOP *** [Td 3h 7c]
4e88aa08: checks
815888dc: bets 57,600
e94ca4a: folds
4e88aa08: folds
Uncalled bet (57,600) returned to 815888dc
*** SHOWDOWN ***
815888dc collected 57,600 from pot
*** SUMMARY ***
Total pot 57,600 | Rake 0 | Jackpot 0 | Bingo 0 | Fortune 0 | Tax 0
Board [Td 3h 7c]
Seat 1: 7f364a2 folded before Flop
Seat 2: accdf531 folded before Flop
Seat 3: Hero folded before Flop
Seat 4: ceaf790b folded before Flop
Seat 5: e94ca4a folded on the Flop
Seat 6: b6fa8035 (button) folded before Flop
Seat 7: 4e88aa08 (small blind) folded on the Flop
Seat 8: 815888dc (big blind) won (57,600)


Poker Hand #TM5532215059: Tournament #260317602, Bounty Hunters Mini Big Game $10.80 Hold'em No Limit - Level13(4,000/8,000(1,200)) - 2026/02/01 14:24:39
Table '156' 8-max Seat #4 is the button
Seat 1: 7f364a2 (831,581 in chips)
Seat 2: accdf531 (609,708 in chips)
Seat 3: Hero (159,168 in chips)
Seat 4: ceaf790b (628,722 in chips)
Seat 6: b6fa8035 (407,189 in chips)
Seat 7: 4e88aa08 (413,875 in chips)
Seat 8: 815888dc (833,272 in chips)
Hero: posts the ante 1,200
7f364a2: posts the ante 1,200
4e88aa08: posts the ante 1,200
accdf531: posts the ante 1,200
b6fa8035: posts the ante 1,200
ceaf790b: posts the ante 1,200
815888dc: posts the ante 1,200
b6fa8035: posts small blind 4,000
4e88aa08: posts big blind 8,000
*** HOLE CARDS ***
Dealt to 7f364a2 
Dealt to accdf531 
Dealt to Hero [Td 8d]
Dealt to ceaf790b 
Dealt to b6fa8035 
Dealt to 4e88aa08 
Dealt to 815888dc 
815888dc: folds
7f364a2: raises 9,600 to 17,600
accdf531: folds
Hero: calls 17,600
ceaf790b: calls 17,600
b6fa8035: calls 13,600
4e88aa08: calls 9,600
*** FLOP *** [Ks Ad 4h]
b6fa8035: checks
4e88aa08: checks
7f364a2: bets 31,812
Hero: folds
ceaf790b: folds
b6fa8035: folds
4e88aa08: folds
Uncalled bet (31,812) returned to 7f364a2
*** SHOWDOWN ***
7f364a2 collected 96,400 from pot
*** SUMMARY ***
Total pot 96,400 | Rake 0 | Jackpot 0 | Bingo 0 | Fortune 0 | Tax 0
Board [Ks Ad 4h]
Seat 1: 7f364a2 showed [Ac] and won (96,400)
Seat 2: accdf531 folded before Flop
Seat 3: Hero folded on the Flop
Seat 4: ceaf790b (button) folded on the Flop
Seat 6: b6fa8035 (small blind) folded on the Flop
Seat 7: 4e88aa08 (big blind) folded on the Flop
Seat 8: 815888dc folded before Flop


Poker Hand #TM5532215050: Tournament #260317602, Bounty Hunters Mini Big Game $10.80 Hold'em No Limit - Level13(4,000/8,000(1,200)) - 2026/02/01 14:23:45
Table '156' 8-max Seat #3 is the button
Seat 1: 7f364a2 (832,781 in chips)
Seat 2: accdf531 (610,908 in chips)
Seat 3: Hero (160,368 in chips)
Seat 4: ceaf790b (633,922 in chips)
Seat 5: 33ec77e4 (279,320 in chips)
Seat 6: b6fa8035 (408,389 in chips)
Seat 7: 4e88aa08 (415,075 in chips)
Seat 8: 815888dc (542,752 in chips)
Hero: posts the ante 1,200
7f364a2: posts the ante 1,200
4e88aa08: posts the ante 1,200
accdf531: posts the ante 1,200
b6fa8035: posts the ante 1,200
33ec77e4: posts the ante 1,200
ceaf790b: posts the ante 1,200
815888dc: posts the ante 1,200
ceaf790b: posts small blind 4,000
33ec77e4: posts big blind 8,000
*** HOLE CARDS ***
Dealt to 7f364a2 
Dealt to accdf531 
Dealt to Hero [7d As]
Dealt to ceaf790b 
Dealt to 33ec77e4 
Dealt to b6fa8035 
Dealt to 4e88aa08 
Dealt to 815888dc 
b6fa8035: folds
4e88aa08: folds
815888dc: raises 8,000 to 16,000
7f364a2: folds
accdf531: folds
Hero: folds
ceaf790b: folds
33ec77e4: calls 8,000
*** FLOP *** [6h 4h 9d]
33ec77e4: checks
815888dc: bets 45,600
33ec77e4: raises 216,520 to 262,120 and is all-in
815888dc: calls 216,520
33ec77e4: shows [7s 8c] (Nine high)
815888dc: shows [Kc 9s] (a pair of Nines)
*** TURN *** [6h 4h 9d] [7c]
*** RIVER *** [6h 4h 9d 7c] [Jd]
*** SHOWDOWN ***
815888dc collected 569,840 from pot
*** SUMMARY ***
Total pot 569,840 | Rake 0 | Jackpot 0 | Bingo 0 | Fortune 0 | Tax 0
Board [6h 4h 9d 7c Jd]
Seat 1: 7f364a2 folded before Flop
Seat 2: accdf531 folded before Flop
Seat 3: Hero (button) folded before Flop
Seat 4: ceaf790b (small blind) folded before Flop
Seat 5: 33ec77e4 (big blind) showed [7s 8c] and lost with a pair of Sevens
Seat 6: b6fa8035 folded before Flop
Seat 7: 4e88aa08 folded before Flop
Seat 8: 815888dc showed [Kc 9s] and won (569,840) with a pair of Nines


Poker Hand #TM5532215037: Tournament #260317602, Bounty Hunters Mini Big Game $10.80 Hold'em No Limit - Level13(4,000/8,000(1,200)) - 2026/02/01 14:22:46
Table '156' 8-max Seat #2 is the button
Seat 1: 7f364a2 (851,581 in chips)
Seat 2: accdf531 (612,108 in chips)
Seat 3: Hero (165,568 in chips)
Seat 4: ceaf790b (603,922 in chips)
Seat 5: 33ec77e4 (280,520 in chips)
Seat 6: b6fa8035 (409,589 in chips)
Seat 7: 4e88aa08 (416,275 in chips)
Seat 8: 815888dc (543,952 in chips)
Hero: posts the ante 1,200
7f364a2: posts the ante 1,200
4e88aa08: posts the ante 1,200
accdf531: posts the ante 1,200
b6fa8035: posts the ante 1,200
33ec77e4: posts the ante 1,200
ceaf790b: posts the ante 1,200
815888dc: posts the ante 1,200
Hero: posts small blind 4,000
ceaf790b: posts big blind 8,000
*** HOLE CARDS ***
Dealt to 7f364a2 
Dealt to accdf531 
Dealt to Hero [6s Qh]
Dealt to ceaf790b 
Dealt to 33ec77e4 
Dealt to b6fa8035 
Dealt to 4e88aa08 
Dealt to 815888dc 
33ec77e4: folds
b6fa8035: folds
4e88aa08: folds
815888dc: folds
7f364a2: raises 9,600 to 17,600
accdf531: folds
Hero: folds
ceaf790b: calls 9,600
*** FLOP *** [Ks Qs Kd]
ceaf790b: checks
7f364a2: checks
*** TURN *** [Ks Qs Kd] [Jh]
ceaf790b: checks
7f364a2: checks
*** RIVER *** [Ks Qs Kd Jh] [Kc]
ceaf790b: checks
7f364a2: checks
ceaf790b: shows [7d 7c] (a full house, Kings full of Sevens)
7f364a2: shows [6d Ad] (three of a kind, Kings)
*** SHOWDOWN ***
ceaf790b collected 48,800 from pot
*** SUMMARY ***
Total pot 48,800 | Rake 0 | Jackpot 0 | Bingo 0 | Fortune 0 | Tax 0
Board [Ks Qs Kd Jh Kc]
Seat 1: 7f364a2 showed [6d Ad] and lost with three of a kind, Kings
Seat 2: accdf531 (button) folded before Flop
Seat 3: Hero (small blind) folded before Flop
Seat 4: ceaf790b (big blind) showed [7d 7c] and won (48,800) with a full house, Kings full of Sevens
Seat 5: 33ec77e4 folded before Flop
Seat 6: b6fa8035 folded before Flop
Seat 7: 4e88aa08 folded before Flop
Seat 8: 815888dc folded before Flop


Poker Hand #TM5532215031: Tournament #260317602, Bounty Hunters Mini Big Game $10.80 Hold'em No Limit - Level13(4,000/8,000(1,200)) - 2026/02/01 14:22:11
Table '156' 8-max Seat #1 is the button
Seat 1: 7f364a2 (852,781 in chips)
Seat 2: accdf531 (617,308 in chips)
Seat 3: Hero (174,768 in chips)
Seat 4: ceaf790b (605,122 in chips)
Seat 5: 33ec77e4 (281,720 in chips)
Seat 6: b6fa8035 (410,789 in chips)
Seat 7: 4e88aa08 (417,475 in chips)
Seat 8: 815888dc (523,552 in chips)
Hero: posts the ante 1,200
7f364a2: posts the ante 1,200
4e88aa08: posts the ante 1,200
accdf531: posts the ante 1,200
b6fa8035: posts the ante 1,200
33ec77e4: posts the ante 1,200
ceaf790b: posts the ante 1,200
815888dc: posts the ante 1,200
accdf531: posts small blind 4,000
Hero: posts big blind 8,000
*** HOLE CARDS ***
Dealt to 7f364a2 
Dealt to accdf531 
Dealt to Hero [Ah 6c]
Dealt to ceaf790b 
Dealt to 33ec77e4 
Dealt to b6fa8035 
Dealt to 4e88aa08 
Dealt to 815888dc 
ceaf790b: folds
33ec77e4: folds
b6fa8035: folds
4e88aa08: folds
815888dc: raises 16,000 to 24,000
7f364a2: folds
accdf531: folds
Hero: folds
Uncalled bet (16,000) returned to 815888dc
*** SHOWDOWN ***
815888dc collected 29,600 from pot
*** SUMMARY ***
Total pot 29,600 | Rake 0 | Jackpot 0 | Bingo 0 | Fortune 0 | Tax 0
Seat 1: 7f364a2 (button) folded before Flop
Seat 2: accdf531 (small blind) folded before Flop
Seat 3: Hero (big blind) folded before Flop
Seat 4: ceaf790b folded before Flop
Seat 5: 33ec77e4 folded before Flop
Seat 6: b6fa8035 folded before Flop
Seat 7: 4e88aa08 folded before Flop
Seat 8: 815888dc collected (29,600)


Poker Hand #TM5532215017: Tournament #260317602, Bounty Hunters Mini Big Game $10.80 Hold'em No Limit - Level13(4,000/8,000(1,200)) - 2026/02/01 14:20:59
Table '156' 8-max Seat #8 is the button
Seat 1: 7f364a2 (857,981 in chips)
Seat 2: accdf531 (676,388 in chips)
Seat 3: Hero (175,968 in chips)
Seat 4: ceaf790b (534,842 in chips)
Seat 5: 33ec77e4 (282,920 in chips)
Seat 6: b6fa8035 (411,989 in chips)
Seat 7: 4e88aa08 (418,675 in chips)
Seat 8: 815888dc (524,752 in chips)
Hero: posts the ante 1,200
4e88aa08: posts the ante 1,200
7f364a2: posts the ante 1,200
accdf531: posts the ante 1,200
b6fa8035: posts the ante 1,200
33ec77e4: posts the ante 1,200
ceaf790b: posts the ante 1,200
815888dc: posts the ante 1,200
7f364a2: posts small blind 4,000
accdf531: posts big blind 8,000
*** HOLE CARDS ***
Dealt to 7f364a2 
Dealt to accdf531 
Dealt to Hero [8d Jh]
Dealt to ceaf790b 
Dealt to 33ec77e4 
Dealt to b6fa8035 
Dealt to 4e88aa08 
Dealt to 815888dc 
Hero: folds
ceaf790b: raises 16,000 to 24,000
33ec77e4: folds
b6fa8035: folds
4e88aa08: folds
815888dc: folds
7f364a2: folds
accdf531: calls 16,000
*** FLOP *** [Ac Qd 2h]
accdf531: checks
ceaf790b: bets 33,880
accdf531: calls 33,880
*** TURN *** [Ac Qd 2h] [9s]
accdf531: checks
ceaf790b: bets 71,148
accdf531: folds
Uncalled bet (71,148) returned to ceaf790b
*** SHOWDOWN ***
ceaf790b collected 129,360 from pot
*** SUMMARY ***
Total pot 129,360 | Rake 0 | Jackpot 0 | Bingo 0 | Fortune 0 | Tax 0
Board [Ac Qd 2h 9s]
Seat 1: 7f364a2 (small blind) folded before Flop
Seat 2: accdf531 (big blind) folded on the Turn
Seat 3: Hero folded before Flop
Seat 4: ceaf790b won (129,360)
Seat 5: 33ec77e4 folded before Flop
Seat 6: b6fa8035 folded before Flop
Seat 7: 4e88aa08 folded before Flop
Seat 8: 815888dc (button) folded before Flop


Poker Hand #TM5532215006: Tournament #260317602, Bounty Hunters Mini Big Game $10.80 Hold'em No Limit - Level13(4,000/8,000(1,200)) - 2026/02/01 14:19:52
Table '156' 8-max Seat #7 is the button
Seat 1: 7f364a2 (867,181 in chips)
Seat 2: accdf531 (677,588 in chips)
Seat 3: Hero (177,168 in chips)
Seat 4: ceaf790b (536,042 in chips)
Seat 5: 33ec77e4 (284,120 in chips)
Seat 6: b6fa8035 (642,765 in chips)
Seat 7: 4e88aa08 (467,875 in chips)
Seat 8: 815888dc (230,776 in chips)
Hero: posts the ante 1,200
4e88aa08: posts the ante 1,200
7f364a2: posts the ante 1,200
accdf531: posts the ante 1,200
b6fa8035: posts the ante 1,200
33ec77e4: posts the ante 1,200
ceaf790b: posts the ante 1,200
815888dc: posts the ante 1,200
815888dc: posts small blind 4,000
7f364a2: posts big blind 8,000
*** HOLE CARDS ***
Dealt to 7f364a2 
Dealt to accdf531 
Dealt to Hero [3c 9h]
Dealt to ceaf790b 
Dealt to 33ec77e4 
Dealt to b6fa8035 
Dealt to 4e88aa08 
Dealt to 815888dc 
accdf531: folds
Hero: folds
ceaf790b: folds
33ec77e4: folds
b6fa8035: raises 8,000 to 16,000
4e88aa08: raises 32,000 to 48,000
815888dc: raises 181,576 to 229,576 and is all-in
7f364a2: folds
b6fa8035: calls 213,576
4e88aa08: folds
815888dc: shows [Kh Kc]
b6fa8035: shows [Qs Qh]
*** FLOP *** [9d 4s 6c]
*** TURN *** [9d 4s 6c] [3h]
*** RIVER *** [9d 4s 6c 3h] [7h]
4e88aa08: shows [Ad] (Ace high)
*** SHOWDOWN ***
815888dc collected 524,752 from pot
*** SUMMARY ***
Total pot 524,752 | Rake 0 | Jackpot 0 | Bingo 0 | Fortune 0 | Tax 0
Board [9d 4s 6c 3h 7h]
Seat 1: 7f364a2 (big blind) folded before Flop
Seat 2: accdf531 folded before Flop
Seat 3: Hero folded before Flop
Seat 4: ceaf790b folded before Flop
Seat 5: 33ec77e4 folded before Flop
Seat 6: b6fa8035 showed [Qs Qh] and lost with a pair of Queens
Seat 7: 4e88aa08 (button) folded before Flop
Seat 8: 815888dc (small blind) showed [Kh Kc] and won (524,752) with a pair of Kings


Poker Hand #TM5532214989: Tournament #260317602, Bounty Hunters Mini Big Game $10.80 Hold'em No Limit - Level13(4,000/8,000(1,200)) - 2026/02/01 14:18:45
Table '156' 8-max Seat #6 is the button
Seat 1: 7f364a2 (868,381 in chips)
Seat 2: accdf531 (678,788 in chips)
Seat 3: Hero (178,368 in chips)
Seat 4: ceaf790b (537,242 in chips)
Seat 5: 33ec77e4 (357,320 in chips)
Seat 6: b6fa8035 (550,365 in chips)
Seat 7: 4e88aa08 (473,075 in chips)
Seat 8: 815888dc (239,976 in chips)
Hero: posts the ante 1,200
7f364a2: posts the ante 1,200
4e88aa08: posts the ante 1,200
accdf531: posts the ante 1,200
b6fa8035: posts the ante 1,200
33ec77e4: posts the ante 1,200
ceaf790b: posts the ante 1,200
815888dc: posts the ante 1,200
4e88aa08: posts small blind 4,000
815888dc: posts big blind 8,000
*** HOLE CARDS ***
Dealt to 7f364a2 
Dealt to accdf531 
Dealt to Hero [2d Jd]
Dealt to ceaf790b 
Dealt to 33ec77e4 
Dealt to b6fa8035 
Dealt to 4e88aa08 
Dealt to 815888dc 
7f364a2: folds
accdf531: folds
Hero: folds
ceaf790b: folds
33ec77e4: raises 16,000 to 24,000
b6fa8035: raises 48,000 to 72,000
4e88aa08: folds
815888dc: folds
33ec77e4: calls 48,000
*** FLOP *** [4c 7d 8d]
33ec77e4: checks
b6fa8035: bets 64,000
33ec77e4: folds
Uncalled bet (64,000) returned to b6fa8035
*** SHOWDOWN ***
b6fa8035 collected 165,600 from pot
*** SUMMARY ***
Total pot 165,600 | Rake 0 | Jackpot 0 | Bingo 0 | Fortune 0 | Tax 0
Board [4c 7d 8d]
Seat 1: 7f364a2 folded before Flop
Seat 2: accdf531 folded before Flop
Seat 3: Hero folded before Flop
Seat 4: ceaf790b folded before Flop
Seat 5: 33ec77e4 folded on the Flop
Seat 6: b6fa8035 (button) won (165,600)
Seat 7: 4e88aa08 (small blind) folded before Flop
Seat 8: 815888dc (big blind) folded before Flop


Poker Hand #TM5532214983: Tournament #260317602, Bounty Hunters Mini Big Game $10.80 Hold'em No Limit - Level13(4,000/8,000(1,200)) - 2026/02/01 14:18:16
Table '156' 8-max Seat #5 is the button
Seat 1: 7f364a2 (869,581 in chips)
Seat 2: accdf531 (679,988 in chips)
Seat 3: Hero (179,568 in chips)
Seat 4: ceaf790b (538,442 in chips)
Seat 5: 33ec77e4 (358,520 in chips)
Seat 6: b6fa8035 (555,565 in chips)
Seat 7: 4e88aa08 (482,275 in chips)
Seat 8: 815888dc (219,576 in chips)
Hero: posts the ante 1,200
7f364a2: posts the ante 1,200
4e88aa08: posts the ante 1,200
accdf531: posts the ante 1,200
33ec77e4: posts the ante 1,200
b6fa8035: posts the ante 1,200
ceaf790b: posts the ante 1,200
815888dc: posts the ante 1,200
b6fa8035: posts small blind 4,000
4e88aa08: posts big blind 8,000
*** HOLE CARDS ***
Dealt to 7f364a2 
Dealt to accdf531 
Dealt to Hero [2s 9h]
Dealt to ceaf790b 
Dealt to 33ec77e4 
Dealt to b6fa8035 
Dealt to 4e88aa08 
Dealt to 815888dc 
815888dc: raises 29,600 to 37,600
7f364a2: folds
accdf531: folds
Hero: folds
ceaf790b: folds
33ec77e4: folds
b6fa8035: folds
4e88aa08: folds
Uncalled bet (29,600) returned to 815888dc
*** SHOWDOWN ***
815888dc collected 29,600 from pot
*** SUMMARY ***
Total pot 29,600 | Rake 0 | Jackpot 0 | Bingo 0 | Fortune 0 | Tax 0
Seat 1: 7f364a2 folded before Flop
Seat 2: accdf531 folded before Flop
Seat 3: Hero folded before Flop
Seat 4: ceaf790b folded before Flop
Seat 5: 33ec77e4 (button) folded before Flop
Seat 6: b6fa8035 (small blind) folded before Flop
Seat 7: 4e88aa08 (big blind) folded before Flop
Seat 8: 815888dc collected (29,600)


Poker Hand #TM5532214974: Tournament #260317602, Bounty Hunters Mini Big Game $10.80 Hold'em No Limit - Level13(4,000/8,000(1,200)) - 2026/02/01 14:17:29
Table '156' 8-max Seat #4 is the button
Seat 1: 7f364a2 (870,781 in chips)
Seat 2: accdf531 (681,188 in chips)
Seat 3: Hero (180,768 in chips)
Seat 4: ceaf790b (539,642 in chips)
Seat 5: 33ec77e4 (375,720 in chips)
Seat 6: b6fa8035 (572,765 in chips)
Seat 7: 4e88aa08 (441,875 in chips)
Seat 8: 815888dc (220,776 in chips)
Hero: posts the ante 1,200
7f364a2: posts the ante 1,200
4e88aa08: posts the ante 1,200
accdf531: posts the ante 1,200
b6fa8035: posts the ante 1,200
33ec77e4: posts the ante 1,200
ceaf790b: posts the ante 1,200
815888dc: posts the ante 1,200
33ec77e4: posts small blind 4,000
b6fa8035: posts big blind 8,000
*** HOLE CARDS ***
Dealt to 7f364a2 
Dealt to accdf531 
Dealt to Hero [Ad 2h]
Dealt to ceaf790b 
Dealt to 33ec77e4 
Dealt to b6fa8035 
Dealt to 4e88aa08 
Dealt to 815888dc 
4e88aa08: raises 8,000 to 16,000
815888dc: folds
7f364a2: folds
accdf531: folds
Hero: folds
ceaf790b: folds
33ec77e4: calls 12,000
b6fa8035: calls 8,000
*** FLOP *** [Td 2d Jc]
33ec77e4: checks
b6fa8035: checks
4e88aa08: bets 14,400
33ec77e4: folds
b6fa8035: folds
Uncalled bet (14,400) returned to 4e88aa08
*** SHOWDOWN ***
4e88aa08 collected 57,600 from pot
*** SUMMARY ***
Total pot 57,600 | Rake 0 | Jackpot 0 | Bingo 0 | Fortune 0 | Tax 0
Board [Td 2d Jc]
Seat 1: 7f364a2 folded before Flop
Seat 2: accdf531 folded before Flop
Seat 3: Hero folded before Flop
Seat 4: ceaf790b (button) folded before Flop
Seat 5: 33ec77e4 (small blind) folded on the Flop
Seat 6: b6fa8035 (big blind) folded on the Flop
Seat 7: 4e88aa08 won (57,600)
Seat 8: 815888dc folded before Flop


Poker Hand #TM5532214964: Tournament #260317602, Bounty Hunters Mini Big Game $10.80 Hold'em No Limit - Level13(4,000/8,000(1,200)) - 2026/02/01 14:16:39
Table '156' 8-max Seat #3 is the button
Seat 1: 7f364a2 (871,981 in chips)
Seat 2: accdf531 (682,388 in chips)
Seat 3: Hero (181,968 in chips)
Seat 4: ceaf790b (544,842 in chips)
Seat 5: 33ec77e4 (355,320 in chips)
Seat 6: b6fa8035 (573,965 in chips)
Seat 7: 4e88aa08 (443,075 in chips)
Seat 8: 815888dc (229,976 in chips)
Hero: posts the ante 1,200
7f364a2: posts the ante 1,200
4e88aa08: posts the ante 1,200
accdf531: posts the ante 1,200
b6fa8035: posts the ante 1,200
33ec77e4: posts the ante 1,200
ceaf790b: posts the ante 1,200
815888dc: posts the ante 1,200
ceaf790b: posts small blind 4,000
33ec77e4: posts big blind 8,000
*** HOLE CARDS ***
Dealt to 7f364a2 
Dealt to accdf531 
Dealt to Hero [3h 8s]
Dealt to ceaf790b 
Dealt to 33ec77e4 
Dealt to b6fa8035 
Dealt to 4e88aa08 
Dealt to 815888dc 
b6fa8035: folds
4e88aa08: folds
815888dc: calls 8,000
7f364a2: folds
accdf531: folds
Hero: folds
ceaf790b: folds
33ec77e4: checks
*** FLOP *** [8d 2c Kh]
33ec77e4: bets 14,800
815888dc: folds
Uncalled bet (14,800) returned to 33ec77e4
*** SHOWDOWN ***
33ec77e4 collected 29,600 from pot
*** SUMMARY ***
Total pot 29,600 | Rake 0 | Jackpot 0 | Bingo 0 | Fortune 0 | Tax 0
Board [8d 2c Kh]
Seat 1: 7f364a2 folded before Flop
Seat 2: accdf531 folded before Flop
Seat 3: Hero (button) folded before Flop
Seat 4: ceaf790b (small blind) folded before Flop
Seat 5: 33ec77e4 (big blind) won (29,600)
Seat 6: b6fa8035 folded before Flop
Seat 7: 4e88aa08 folded before Flop
Seat 8: 815888dc folded on the Flop


Poker Hand #TM5532214949: Tournament #260317602, Bounty Hunters Mini Big Game $10.80 Hold'em No Limit - Level12(3,500/7,000(1,000)) - 2026/02/01 14:15:33
Table '156' 8-max Seat #2 is the button
Seat 1: 7f364a2 (872,981 in chips)
Seat 2: accdf531 (683,388 in chips)
Seat 3: Hero (270,088 in chips)
Seat 4: ceaf790b (552,842 in chips)
Seat 5: 33ec77e4 (254,200 in chips)
Seat 6: b6fa8035 (574,965 in chips)
Seat 7: 4e88aa08 (444,075 in chips)
Seat 8: 815888dc (230,976 in chips)
Hero: posts the ante 1,000
7f364a2: posts the ante 1,000
4e88aa08: posts the ante 1,000
accdf531: posts the ante 1,000
b6fa8035: posts the ante 1,000
33ec77e4: posts the ante 1,000
ceaf790b: posts the ante 1,000
815888dc: posts the ante 1,000
Hero: posts small blind 3,500
ceaf790b: posts big blind 7,000
*** HOLE CARDS ***
Dealt to 7f364a2 
Dealt to accdf531 
Dealt to Hero [5d 7d]
Dealt to ceaf790b 
Dealt to 33ec77e4 
Dealt to b6fa8035 
Dealt to 4e88aa08 
Dealt to 815888dc 
33ec77e4: raises 14,000 to 21,000
b6fa8035: folds
4e88aa08: folds
815888dc: folds
7f364a2: folds
accdf531: folds
Hero: calls 17,500
ceaf790b: folds
*** FLOP *** [6s Kc 3s]
Hero: checks
33ec77e4: bets 18,810
Hero: calls 18,810
*** TURN *** [6s Kc 3s] [5h]
Hero: checks
33ec77e4: bets 47,310
Hero: calls 47,310
*** RIVER *** [6s Kc 3s 5h] [2h]
Hero: checks
33ec77e4: checks
Hero: shows [5d 7d] (a pair of Fives)
33ec77e4: shows [Ks Kh] (three of a kind, Kings)
*** SHOWDOWN ***
33ec77e4 collected 189,240 from pot
*** SUMMARY ***
Total pot 189,240 | Rake 0 | Jackpot 0 | Bingo 0 | Fortune 0 | Tax 0
Board [6s Kc 3s 5h 2h]
Seat 1: 7f364a2 folded before Flop
Seat 2: accdf531 (button) folded before Flop
Seat 3: Hero (small blind) showed [5d 7d] and lost with a pair of Fives
Seat 4: ceaf790b (big blind) folded before Flop
Seat 5: 33ec77e4 showed [Ks Kh] and won (189,240) with three of a kind, Kings
Seat 6: b6fa8035 folded before Flop
Seat 7: 4e88aa08 folded before Flop
Seat 8: 815888dc folded before Flop


Poker Hand #TM5532214934: Tournament #260317602, Bounty Hunters Mini Big Game $10.80 Hold'em No Limit - Level12(3,500/7,000(1,000)) - 2026/02/01 14:14:49
Table '156' 8-max Seat #1 is the button
Seat 1: 7f364a2 (873,981 in chips)
Seat 2: accdf531 (687,888 in chips)
Seat 3: Hero (278,088 in chips)
Seat 4: ceaf790b (553,842 in chips)
Seat 5: 33ec77e4 (255,200 in chips)
Seat 6: b6fa8035 (575,965 in chips)
Seat 7: 4e88aa08 (459,075 in chips)
Seat 8: 815888dc (199,476 in chips)
Hero: posts the ante 1,000
7f364a2: posts the ante 1,000
4e88aa08: posts the ante 1,000
accdf531: posts the ante 1,000
b6fa8035: posts the ante 1,000
33ec77e4: posts the ante 1,000
ceaf790b: posts the ante 1,000
815888dc: posts the ante 1,000
accdf531: posts small blind 3,500
Hero: posts big blind 7,000
*** HOLE CARDS ***
Dealt to 7f364a2 
Dealt to accdf531 
Dealt to Hero [Kc 9s]
Dealt to ceaf790b 
Dealt to 33ec77e4 
Dealt to b6fa8035 
Dealt to 4e88aa08 
Dealt to 815888dc 
ceaf790b: folds
33ec77e4: folds
b6fa8035: folds
4e88aa08: raises 7,000 to 14,000
815888dc: raises 46,500 to 60,500
7f364a2: folds
accdf531: folds
Hero: folds
4e88aa08: folds
Uncalled bet (46,500) returned to 815888dc
*** SHOWDOWN ***
815888dc collected 46,500 from pot
*** SUMMARY ***
Total pot 46,500 | Rake 0 | Jackpot 0 | Bingo 0 | Fortune 0 | Tax 0
Seat 1: 7f364a2 (button) folded before Flop
Seat 2: accdf531 (small blind) folded before Flop
Seat 3: Hero (big blind) folded before Flop
Seat 4: ceaf790b folded before Flop
Seat 5: 33ec77e4 folded before Flop
Seat 6: b6fa8035 folded before Flop
Seat 7: 4e88aa08 folded before Flop
Seat 8: 815888dc collected (46,500)


Poker Hand #TM5532214919: Tournament #260317602, Bounty Hunters Mini Big Game $10.80 Hold'em No Limit - Level12(3,500/7,000(1,000)) - 2026/02/01 14:13:12
Table '156' 8-max Seat #8 is the button
Seat 1: 7f364a2 (878,481 in chips)
Seat 2: accdf531 (594,263 in chips)
Seat 3: Hero (279,088 in chips)
Seat 4: ceaf790b (554,842 in chips)
Seat 5: 33ec77e4 (256,200 in chips)
Seat 6: b6fa8035 (576,965 in chips)
Seat 7: 4e88aa08 (543,200 in chips)
Seat 8: 815888dc (200,476 in chips)
Hero: posts the ante 1,000
4e88aa08: posts the ante 1,000
7f364a2: posts the ante 1,000
accdf531: posts the ante 1,000
b6fa8035: posts the ante 1,000
33ec77e4: posts the ante 1,000
ceaf790b: posts the ante 1,000
815888dc: posts the ante 1,000
7f364a2: posts small blind 3,500
accdf531: posts big blind 7,000
*** HOLE CARDS ***
Dealt to 7f364a2 
Dealt to accdf531 
Dealt to Hero [Th Jd]
Dealt to ceaf790b 
Dealt to 33ec77e4 
Dealt to b6fa8035 
Dealt to 4e88aa08 
Dealt to 815888dc 
Hero: folds
ceaf790b: folds
33ec77e4: folds
b6fa8035: folds
4e88aa08: raises 7,000 to 14,000
815888dc: folds
7f364a2: folds
accdf531: calls 7,000
*** FLOP *** [8s 2d Kd]
accdf531: checks
4e88aa08: bets 9,875
accdf531: calls 9,875
*** TURN *** [8s 2d Kd] [5c]
accdf531: checks
4e88aa08: bets 59,250
accdf531: calls 59,250
*** RIVER *** [8s 2d Kd 5c] [2s]
accdf531: bets 177,750
4e88aa08: folds
Uncalled bet (177,750) returned to accdf531
4e88aa08: shows [Ks Ac] (two pair, Kings and Twos)
815888dc: shows [7d 2c] (three of a kind, Twos)
*** SHOWDOWN ***
accdf531 collected 177,750 from pot
*** SUMMARY ***
Total pot 177,750 | Rake 0 | Jackpot 0 | Bingo 0 | Fortune 0 | Tax 0
Board [8s 2d Kd 5c 2s]
Seat 1: 7f364a2 (small blind) folded before Flop
Seat 2: accdf531 (big blind) won (177,750)
Seat 3: Hero folded before Flop
Seat 4: ceaf790b folded before Flop
Seat 5: 33ec77e4 folded before Flop
Seat 6: b6fa8035 folded before Flop
Seat 7: 4e88aa08 folded on the River
Seat 8: 815888dc (button) folded before Flop


Poker Hand #TM5532214898: Tournament #260317602, Bounty Hunters Mini Big Game $10.80 Hold'em No Limit - Level12(3,500/7,000(1,000)) - 2026/02/01 14:11:31
Table '156' 8-max Seat #7 is the button
Seat 1: 7f364a2 (886,481 in chips)
Seat 2: accdf531 (595,263 in chips)
Seat 3: Hero (205,588 in chips)
Seat 4: ceaf790b (555,842 in chips)
Seat 5: 33ec77e4 (257,200 in chips)
Seat 6: b6fa8035 (577,965 in chips)
Seat 7: 4e88aa08 (600,200 in chips)
Seat 8: 815888dc (204,976 in chips)
Hero: posts the ante 1,000
4e88aa08: posts the ante 1,000
7f364a2: posts the ante 1,000
accdf531: posts the ante 1,000
b6fa8035: posts the ante 1,000
33ec77e4: posts the ante 1,000
ceaf790b: posts the ante 1,000
815888dc: posts the ante 1,000
815888dc: posts small blind 3,500
7f364a2: posts big blind 7,000
*** HOLE CARDS ***
Dealt to 7f364a2 
Dealt to accdf531 
Dealt to Hero [Ah 9h]
Dealt to ceaf790b 
Dealt to 33ec77e4 
Dealt to b6fa8035 
Dealt to 4e88aa08 
Dealt to 815888dc 
accdf531: folds
Hero: raises 7,000 to 14,000
ceaf790b: folds
33ec77e4: folds
b6fa8035: folds
4e88aa08: raises 21,000 to 35,000
815888dc: folds
7f364a2: folds
Hero: calls 21,000
*** FLOP *** [6c Qd Ad]
Hero: checks
4e88aa08: bets 21,000
Hero: calls 21,000
*** TURN *** [6c Qd Ad] [Js]
Hero: checks
4e88aa08: checks
*** RIVER *** [6c Qd Ad Js] [4c]
Hero: checks
4e88aa08: checks
Hero: shows [Ah 9h] (a pair of Aces)
4e88aa08: shows [Kh Ks] (a pair of Kings)
*** SHOWDOWN ***
Hero collected 130,500 from pot
*** SUMMARY ***
Total pot 130,500 | Rake 0 | Jackpot 0 | Bingo 0 | Fortune 0 | Tax 0
Board [6c Qd Ad Js 4c]
Seat 1: 7f364a2 (big blind) folded before Flop
Seat 2: accdf531 folded before Flop
Seat 3: Hero showed [Ah 9h] and won (130,500) with a pair of Aces
Seat 4: ceaf790b folded before Flop
Seat 5: 33ec77e4 folded before Flop
Seat 6: b6fa8035 folded before Flop
Seat 7: 4e88aa08 (button) showed [Kh Ks] and lost with a pair of Kings
Seat 8: 815888dc (small blind) folded before Flop


Poker Hand #TM5532214882: Tournament #260317602, Bounty Hunters Mini Big Game $10.80 Hold'em No Limit - Level12(3,500/7,000(1,000)) - 2026/02/01 14:10:23
Table '156' 8-max Seat #6 is the button
Seat 1: 7f364a2 (902,881 in chips)
Seat 2: accdf531 (526,663 in chips)
Seat 3: Hero (221,988 in chips)
Seat 4: ceaf790b (556,842 in chips)
Seat 5: 33ec77e4 (258,200 in chips)
Seat 6: b6fa8035 (578,965 in chips)
Seat 7: 4e88aa08 (616,600 in chips)
Seat 8: 815888dc (221,376 in chips)
Hero: posts the ante 1,000
7f364a2: posts the ante 1,000
4e88aa08: posts the ante 1,000
accdf531: posts the ante 1,000
b6fa8035: posts the ante 1,000
33ec77e4: posts the ante 1,000
ceaf790b: posts the ante 1,000
815888dc: posts the ante 1,000
4e88aa08: posts small blind 3,500
815888dc: posts big blind 7,000
*** HOLE CARDS ***
Dealt to 7f364a2 
Dealt to accdf531 
Dealt to Hero [Js Ks]
Dealt to ceaf790b 
Dealt to 33ec77e4 
Dealt to b6fa8035 
Dealt to 4e88aa08 
Dealt to 815888dc 
7f364a2: raises 8,400 to 15,400
accdf531: calls 15,400
Hero: calls 15,400
ceaf790b: folds
33ec77e4: folds
b6fa8035: folds
4e88aa08: calls 11,900
815888dc: calls 8,400
*** FLOP *** [2d Ad 6s]
4e88aa08: checks
815888dc: checks
7f364a2: checks
accdf531: checks
Hero: checks
*** TURN *** [2d Ad 6s] [8c]
4e88aa08: checks
815888dc: checks
7f364a2: checks
accdf531: bets 63,750
Hero: folds
4e88aa08: folds
815888dc: folds
7f364a2: folds
Uncalled bet (63,750) returned to accdf531
*** SHOWDOWN ***
accdf531 collected 85,000 from pot
*** SUMMARY ***
Total pot 85,000 | Rake 0 | Jackpot 0 | Bingo 0 | Fortune 0 | Tax 0
Board [2d Ad 6s 8c]
Seat 1: 7f364a2 folded on the Turn
Seat 2: accdf531 won (85,000)
Seat 3: Hero folded on the Turn
Seat 4: ceaf790b folded before Flop
Seat 5: 33ec77e4 folded before Flop
Seat 6: b6fa8035 (button) folded before Flop
Seat 7: 4e88aa08 (small blind) folded on the Turn
Seat 8: 815888dc (big blind) folded on the Turn


Poker Hand #TM5532214865: Tournament #260317602, Bounty Hunters Mini Big Game $10.80 Hold'em No Limit - Level12(3,500/7,000(1,000)) - 2026/02/01 14:09:08
Table '156' 8-max Seat #5 is the button
Seat 1: 7f364a2 (903,881 in chips)
Seat 2: accdf531 (527,663 in chips)
Seat 3: Hero (222,988 in chips)
Seat 4: ceaf790b (557,842 in chips)
Seat 5: 33ec77e4 (209,200 in chips)
Seat 6: b6fa8035 (600,965 in chips)
Seat 7: 4e88aa08 (638,600 in chips)
Seat 8: 815888dc (222,376 in chips)
Hero: posts the ante 1,000
7f364a2: posts the ante 1,000
4e88aa08: posts the ante 1,000
accdf531: posts the ante 1,000
33ec77e4: posts the ante 1,000
b6fa8035: posts the ante 1,000
ceaf790b: posts the ante 1,000
815888dc: posts the ante 1,000
b6fa8035: posts small blind 3,500
4e88aa08: posts big blind 7,000
*** HOLE CARDS ***
Dealt to 7f364a2 
Dealt to accdf531 
Dealt to Hero [Qd 9s]
Dealt to ceaf790b 
Dealt to 33ec77e4 
Dealt to b6fa8035 
Dealt to 4e88aa08 
Dealt to 815888dc 
815888dc: folds
7f364a2: folds
accdf531: folds
Hero: folds
ceaf790b: folds
33ec77e4: raises 14,000 to 21,000
b6fa8035: calls 17,500
4e88aa08: calls 14,000
*** FLOP *** [2d Jh 3h]
b6fa8035: checks
4e88aa08: checks
33ec77e4: bets 35,500
b6fa8035: folds
4e88aa08: folds
Uncalled bet (35,500) returned to 33ec77e4
*** SHOWDOWN ***
33ec77e4 collected 71,000 from pot
*** SUMMARY ***
Total pot 71,000 | Rake 0 | Jackpot 0 | Bingo 0 | Fortune 0 | Tax 0
Board [2d Jh 3h]
Seat 1: 7f364a2 folded before Flop
Seat 2: accdf531 folded before Flop
Seat 3: Hero folded before Flop
Seat 4: ceaf790b folded before Flop
Seat 5: 33ec77e4 (button) won (71,000)
Seat 6: b6fa8035 (small blind) folded on the Flop
Seat 7: 4e88aa08 (big blind) folded on the Flop
Seat 8: 815888dc folded before Flop


Poker Hand #TM5532214856: Tournament #260317602, Bounty Hunters Mini Big Game $10.80 Hold'em No Limit - Level12(3,500/7,000(1,000)) - 2026/02/01 14:08:26
Table '156' 8-max Seat #4 is the button
Seat 1: 7f364a2 (862,581 in chips)
Seat 2: accdf531 (528,663 in chips)
Seat 3: Hero (223,988 in chips)
Seat 4: ceaf790b (558,842 in chips)
Seat 5: 33ec77e4 (213,700 in chips)
Seat 6: b6fa8035 (617,365 in chips)
Seat 7: 4e88aa08 (639,600 in chips)
Seat 8: 815888dc (238,776 in chips)
Hero: posts the ante 1,000
7f364a2: posts the ante 1,000
4e88aa08: posts the ante 1,000
accdf531: posts the ante 1,000
b6fa8035: posts the ante 1,000
33ec77e4: posts the ante 1,000
ceaf790b: posts the ante 1,000
815888dc: posts the ante 1,000
33ec77e4: posts small blind 3,500
b6fa8035: posts big blind 7,000
*** HOLE CARDS ***
Dealt to 7f364a2 
Dealt to accdf531 
Dealt to Hero [3s 6h]
Dealt to ceaf790b 
Dealt to 33ec77e4 
Dealt to b6fa8035 
Dealt to 4e88aa08 
Dealt to 815888dc 
4e88aa08: folds
815888dc: calls 7,000
7f364a2: raises 8,400 to 15,400
accdf531: folds
Hero: folds
ceaf790b: folds
33ec77e4: folds
b6fa8035: calls 8,400
815888dc: calls 8,400
*** FLOP *** [As 2h 2c]
b6fa8035: checks
815888dc: checks
7f364a2: bets 28,850
b6fa8035: folds
815888dc: folds
Uncalled bet (28,850) returned to 7f364a2
*** SHOWDOWN ***
7f364a2 collected 57,700 from pot
*** SUMMARY ***
Total pot 57,700 | Rake 0 | Jackpot 0 | Bingo 0 | Fortune 0 | Tax 0
Board [As 2h 2c]
Seat 1: 7f364a2 won (57,700)
Seat 2: accdf531 folded before Flop
Seat 3: Hero folded before Flop
Seat 4: ceaf790b (button) folded before Flop
Seat 5: 33ec77e4 (small blind) folded before Flop
Seat 6: b6fa8035 (big blind) folded on the Flop
Seat 7: 4e88aa08 folded before Flop
Seat 8: 815888dc folded on the Flop


Poker Hand #TM5532214843: Tournament #260317602, Bounty Hunters Mini Big Game $10.80 Hold'em No Limit - Level12(3,500/7,000(1,000)) - 2026/02/01 14:07:31
Table '156' 8-max Seat #3 is the button
Seat 1: 7f364a2 (877,581 in chips)
Seat 2: accdf531 (529,663 in chips)
Seat 3: Hero (224,988 in chips)
Seat 4: ceaf790b (563,342 in chips)
Seat 5: 33ec77e4 (95,100 in chips)
Seat 6: b6fa8035 (618,365 in chips)
Seat 7: 4e88aa08 (640,600 in chips)
Seat 8: 815888dc (333,876 in chips)
Hero: posts the ante 1,000
7f364a2: posts the ante 1,000
4e88aa08: posts the ante 1,000
accdf531: posts the ante 1,000
b6fa8035: posts the ante 1,000
33ec77e4: posts the ante 1,000
ceaf790b: posts the ante 1,000
815888dc: posts the ante 1,000
ceaf790b: posts small blind 3,500
33ec77e4: posts big blind 7,000
*** HOLE CARDS ***
Dealt to 7f364a2 
Dealt to accdf531 
Dealt to Hero [7h 4s]
Dealt to ceaf790b 
Dealt to 33ec77e4 
Dealt to b6fa8035 
Dealt to 4e88aa08 
Dealt to 815888dc 
b6fa8035: folds
4e88aa08: folds
815888dc: raises 7,000 to 14,000
7f364a2: calls 14,000
accdf531: folds
Hero: folds
ceaf790b: folds
33ec77e4: raises 80,100 to 94,100 and is all-in
815888dc: calls 80,100
7f364a2: folds
33ec77e4: shows [Ad Js]
815888dc: shows [Jc Qh]
*** FLOP *** [4h Kd 6h]
*** TURN *** [4h Kd 6h] [Kc]
*** RIVER *** [4h Kd 6h Kc] [5s]
*** SHOWDOWN ***
33ec77e4 collected 213,700 from pot
*** SUMMARY ***
Total pot 213,700 | Rake 0 | Jackpot 0 | Bingo 0 | Fortune 0 | Tax 0
Board [4h Kd 6h Kc 5s]
Seat 1: 7f364a2 folded before Flop
Seat 2: accdf531 folded before Flop
Seat 3: Hero (button) folded before Flop
Seat 4: ceaf790b (small blind) folded before Flop
Seat 5: 33ec77e4 (big blind) showed [Ad Js] and won (213,700) with a pair of Kings
Seat 6: b6fa8035 folded before Flop
Seat 7: 4e88aa08 folded before Flop
Seat 8: 815888dc showed [Jc Qh] and lost with a pair of Kings


Poker Hand #TM5532214828: Tournament #260317602, Bounty Hunters Mini Big Game $10.80 Hold'em No Limit - Level12(3,500/7,000(1,000)) - 2026/02/01 14:06:28
Table '156' 8-max Seat #2 is the button
Seat 1: 7f364a2 (878,581 in chips)
Seat 2: accdf531 (530,663 in chips)
Seat 3: Hero (189,988 in chips)
Seat 4: ceaf790b (578,342 in chips)
Seat 5: 33ec77e4 (96,100 in chips)
Seat 6: b6fa8035 (619,365 in chips)
Seat 7: 4e88aa08 (641,600 in chips)
Seat 8: 815888dc (348,876 in chips)
Hero: posts the ante 1,000
7f364a2: posts the ante 1,000
4e88aa08: posts the ante 1,000
accdf531: posts the ante 1,000
b6fa8035: posts the ante 1,000
33ec77e4: posts the ante 1,000
ceaf790b: posts the ante 1,000
815888dc: posts the ante 1,000
Hero: posts small blind 3,500
ceaf790b: posts big blind 7,000
*** HOLE CARDS ***
Dealt to 7f364a2 
Dealt to accdf531 
Dealt to Hero [8d 7d]
Dealt to ceaf790b 
Dealt to 33ec77e4 
Dealt to b6fa8035 
Dealt to 4e88aa08 
Dealt to 815888dc 
33ec77e4: folds
b6fa8035: folds
4e88aa08: folds
815888dc: raises 7,000 to 14,000
7f364a2: folds
accdf531: folds
Hero: calls 10,500
ceaf790b: calls 7,000
*** FLOP *** [Th 8s Kd]
Hero: checks
ceaf790b: checks
815888dc: checks
*** TURN *** [Th 8s Kd] [2c]
Hero: checks
ceaf790b: checks
815888dc: checks
*** RIVER *** [Th 8s Kd 2c] [5c]
Hero: checks
ceaf790b: checks
815888dc: checks
Hero: shows [8d 7d] (a pair of Eights)
ceaf790b: shows [4c 6c] (King high)
815888dc: shows [3d 3h] (a pair of Threes)
*** SHOWDOWN ***
Hero collected 50,000 from pot
*** SUMMARY ***
Total pot 50,000 | Rake 0 | Jackpot 0 | Bingo 0 | Fortune 0 | Tax 0
Board [Th 8s Kd 2c 5c]
Seat 1: 7f364a2 folded before Flop
Seat 2: accdf531 (button) folded before Flop
Seat 3: Hero (small blind) showed [8d 7d] and won (50,000) with a pair of Eights
Seat 4: ceaf790b (big blind) showed [4c 6c] and lost with King high
Seat 5: 33ec77e4 folded before Flop
Seat 6: b6fa8035 folded before Flop
Seat 7: 4e88aa08 folded before Flop
Seat 8: 815888dc showed [3d 3h] and lost with a pair of Threes


Poker Hand #TM5532214824: Tournament #260317602, Bounty Hunters Mini Big Game $10.80 Hold'em No Limit - Level12(3,500/7,000(1,000)) - 2026/02/01 14:06:13
Table '156' 8-max Seat #1 is the button
Seat 1: 7f364a2 (879,581 in chips)
Seat 2: accdf531 (535,163 in chips)
Seat 3: Hero (179,488 in chips)
Seat 4: ceaf790b (579,342 in chips)
Seat 5: 33ec77e4 (97,100 in chips)
Seat 6: b6fa8035 (620,365 in chips)
Seat 7: 4e88aa08 (642,600 in chips)
Seat 8: 815888dc (349,876 in chips)
Hero: posts the ante 1,000
7f364a2: posts the ante 1,000
4e88aa08: posts the ante 1,000
accdf531: posts the ante 1,000
b6fa8035: posts the ante 1,000
33ec77e4: posts the ante 1,000
ceaf790b: posts the ante 1,000
815888dc: posts the ante 1,000
accdf531: posts small blind 3,500
Hero: posts big blind 7,000
*** HOLE CARDS ***
Dealt to 7f364a2 
Dealt to accdf531 
Dealt to Hero [6h 4s]
Dealt to ceaf790b 
Dealt to 33ec77e4 
Dealt to b6fa8035 
Dealt to 4e88aa08 
Dealt to 815888dc 
ceaf790b: folds
33ec77e4: folds
b6fa8035: folds
4e88aa08: folds
815888dc: folds
7f364a2: folds
accdf531: folds
Uncalled bet (3,500) returned to Hero
*** SHOWDOWN ***
Hero collected 15,000 from pot
*** SUMMARY ***
Total pot 15,000 | Rake 0 | Jackpot 0 | Bingo 0 | Fortune 0 | Tax 0
Seat 1: 7f364a2 (button) folded before Flop
Seat 2: accdf531 (small blind) folded before Flop
Seat 3: Hero (big blind) collected (15,000)
Seat 4: ceaf790b folded before Flop
Seat 5: 33ec77e4 folded before Flop
Seat 6: b6fa8035 folded before Flop
Seat 7: 4e88aa08 folded before Flop
Seat 8: 815888dc folded before Flop


Poker Hand #TM5532214804: Tournament #260317602, Bounty Hunters Mini Big Game $10.80 Hold'em No Limit - Level12(3,500/7,000(1,000)) - 2026/02/01 14:04:53
Table '156' 8-max Seat #8 is the button
Seat 1: 7f364a2 (907,081 in chips)
Seat 2: accdf531 (475,163 in chips)
Seat 3: Hero (180,488 in chips)
Seat 4: ceaf790b (580,342 in chips)
Seat 5: 33ec77e4 (98,100 in chips)
Seat 6: b6fa8035 (621,365 in chips)
Seat 7: 4e88aa08 (670,100 in chips)
Seat 8: 815888dc (350,876 in chips)
Hero: posts the ante 1,000
4e88aa08: posts the ante 1,000
7f364a2: posts the ante 1,000
accdf531: posts the ante 1,000
b6fa8035: posts the ante 1,000
33ec77e4: posts the ante 1,000
ceaf790b: posts the ante 1,000
815888dc: posts the ante 1,000
7f364a2: posts small blind 3,500
accdf531: posts big blind 7,000
*** HOLE CARDS ***
Dealt to 7f364a2 
Dealt to accdf531 
Dealt to Hero [4s 3s]
Dealt to ceaf790b 
Dealt to 33ec77e4 
Dealt to b6fa8035 
Dealt to 4e88aa08 
Dealt to 815888dc 
Hero: folds
ceaf790b: folds
33ec77e4: folds
b6fa8035: folds
4e88aa08: raises 7,000 to 14,000
815888dc: folds
7f364a2: calls 10,500
accdf531: calls 7,000
*** FLOP *** [3h Ad 8d]
7f364a2: checks
accdf531: checks
4e88aa08: bets 12,500
7f364a2: calls 12,500
accdf531: calls 12,500
*** TURN *** [3h Ad 8d] [Kc]
7f364a2: checks
accdf531: checks
4e88aa08: checks
*** RIVER *** [3h Ad 8d Kc] [9c]
7f364a2: checks
accdf531: checks
4e88aa08: checks
7f364a2: shows [8s 4h] (a pair of Eights)
accdf531: shows [Kd 4d] (a pair of Kings)
4e88aa08: shows [Qd Qh] (a pair of Queens)
*** SHOWDOWN ***
accdf531 collected 87,500 from pot
*** SUMMARY ***
Total pot 87,500 | Rake 0 | Jackpot 0 | Bingo 0 | Fortune 0 | Tax 0
Board [3h Ad 8d Kc 9c]
Seat 1: 7f364a2 (small blind) showed [8s 4h] and lost with a pair of Eights
Seat 2: accdf531 (big blind) showed [Kd 4d] and won (87,500) with a pair of Kings
Seat 3: Hero folded before Flop
Seat 4: ceaf790b folded before Flop
Seat 5: 33ec77e4 folded before Flop
Seat 6: b6fa8035 folded before Flop
Seat 7: 4e88aa08 showed [Qd Qh] and lost with a pair of Queens
Seat 8: 815888dc (button) folded before Flop


Poker Hand #TM5532214792: Tournament #260317602, Bounty Hunters Mini Big Game $10.80 Hold'em No Limit - Level12(3,500/7,000(1,000)) - 2026/02/01 14:04:03
Table '156' 8-max Seat #7 is the button
Seat 1: 7f364a2 (915,081 in chips)
Seat 2: accdf531 (476,163 in chips)
Seat 3: Hero (181,488 in chips)
Seat 4: ceaf790b (602,342 in chips)
Seat 5: 33ec77e4 (99,100 in chips)
Seat 6: b6fa8035 (622,365 in chips)
Seat 7: 4e88aa08 (671,100 in chips)
Seat 8: 815888dc (315,876 in chips)
Hero: posts the ante 1,000
4e88aa08: posts the ante 1,000
7f364a2: posts the ante 1,000
accdf531: posts the ante 1,000
b6fa8035: posts the ante 1,000
33ec77e4: posts the ante 1,000
ceaf790b: posts the ante 1,000
815888dc: posts the ante 1,000
815888dc: posts small blind 3,500
7f364a2: posts big blind 7,000
*** HOLE CARDS ***
Dealt to 7f364a2 
Dealt to accdf531 
Dealt to Hero [6d 8h]
Dealt to ceaf790b 
Dealt to 33ec77e4 
Dealt to b6fa8035 
Dealt to 4e88aa08 
Dealt to 815888dc 
accdf531: folds
Hero: folds
ceaf790b: raises 14,000 to 21,000
33ec77e4: folds
b6fa8035: folds
4e88aa08: folds
815888dc: calls 17,500
7f364a2: folds
*** FLOP *** [Qs 5s Ks]
815888dc: bets 293,876 and is all-in
ceaf790b: folds
Uncalled bet (293,876) returned to 815888dc
*** SHOWDOWN ***
815888dc collected 57,000 from pot
*** SUMMARY ***
Total pot 57,000 | Rake 0 | Jackpot 0 | Bingo 0 | Fortune 0 | Tax 0
Board [Qs 5s Ks]
Seat 1: 7f364a2 (big blind) folded before Flop
Seat 2: accdf531 folded before Flop
Seat 3: Hero folded before Flop
Seat 4: ceaf790b folded on the Flop
Seat 5: 33ec77e4 folded before Flop
Seat 6: b6fa8035 folded before Flop
Seat 7: 4e88aa08 (button) folded before Flop
Seat 8: 815888dc (small blind) won (57,000)


Poker Hand #TM5532214770: Tournament #260317602, Bounty Hunters Mini Big Game $10.80 Hold'em No Limit - Level11(3,000/6,000(900)) - 2026/02/01 14:02:33
Table '156' 8-max Seat #6 is the button
Seat 1: 7f364a2 (915,981 in chips)
Seat 2: accdf531 (448,863 in chips)
Seat 3: Hero (182,388 in chips)
Seat 4: ceaf790b (603,242 in chips)
Seat 5: 33ec77e4 (100,000 in chips)
Seat 6: b6fa8035 (623,265 in chips)
Seat 7: 4e88aa08 (675,000 in chips)
Seat 8: 815888dc (334,776 in chips)
Hero: posts the ante 900
7f364a2: posts the ante 900
4e88aa08: posts the ante 900
accdf531: posts the ante 900
b6fa8035: posts the ante 900
33ec77e4: posts the ante 900
ceaf790b: posts the ante 900
815888dc: posts the ante 900
4e88aa08: posts small blind 3,000
815888dc: posts big blind 6,000
*** HOLE CARDS ***
Dealt to 7f364a2 
Dealt to accdf531 
Dealt to Hero [6c Jc]
Dealt to ceaf790b 
Dealt to 33ec77e4 
Dealt to b6fa8035 
Dealt to 4e88aa08 
Dealt to 815888dc 
7f364a2: folds
accdf531: raises 12,000 to 18,000
Hero: folds
ceaf790b: folds
33ec77e4: folds
b6fa8035: folds
4e88aa08: folds
815888dc: calls 12,000
*** FLOP *** [2s 8d 8c]
815888dc: checks
accdf531: checks
*** TURN *** [2s 8d 8c] [Ad]
815888dc: checks
accdf531: bets 23,100
815888dc: folds
Uncalled bet (23,100) returned to accdf531
*** SHOWDOWN ***
accdf531 collected 46,200 from pot
*** SUMMARY ***
Total pot 46,200 | Rake 0 | Jackpot 0 | Bingo 0 | Fortune 0 | Tax 0
Board [2s 8d 8c Ad]
Seat 1: 7f364a2 folded before Flop
Seat 2: accdf531 won (46,200)
Seat 3: Hero folded before Flop
Seat 4: ceaf790b folded before Flop
Seat 5: 33ec77e4 folded before Flop
Seat 6: b6fa8035 (button) folded before Flop
Seat 7: 4e88aa08 (small blind) folded before Flop
Seat 8: 815888dc (big blind) folded on the Turn


Poker Hand #TM5532214754: Tournament #260317602, Bounty Hunters Mini Big Game $10.80 Hold'em No Limit - Level11(3,000/6,000(900)) - 2026/02/01 13:54:48
Table '156' 8-max Seat #5 is the button
Seat 1: 7f364a2 (916,881 in chips)
Seat 2: accdf531 (461,763 in chips)
Seat 3: Hero (195,288 in chips)
Seat 4: ceaf790b (604,142 in chips)
Seat 5: 71716997 (89,200 in chips)
Seat 6: b6fa8035 (498,665 in chips)
Seat 7: 4e88aa08 (681,900 in chips)
Seat 8: 815888dc (335,676 in chips)
71716997: posts the ante 900
Hero: posts the ante 900
7f364a2: posts the ante 900
4e88aa08: posts the ante 900
accdf531: posts the ante 900
b6fa8035: posts the ante 900
ceaf790b: posts the ante 900
815888dc: posts the ante 900
b6fa8035: posts small blind 3,000
4e88aa08: posts big blind 6,000
*** HOLE CARDS ***
Dealt to 7f364a2 
Dealt to accdf531 
Dealt to Hero [Qh Th]
Dealt to ceaf790b 
Dealt to 71716997 
Dealt to b6fa8035 
Dealt to 4e88aa08 
Dealt to 815888dc 
815888dc: folds
7f364a2: folds
accdf531: raises 6,000 to 12,000
Hero: calls 12,000
ceaf790b: folds
71716997: raises 76,300 to 88,300 and is all-in
b6fa8035: raises 409,465 to 497,765 and is all-in
4e88aa08: folds
accdf531: folds
Hero: folds
Uncalled bet (409,465) returned to b6fa8035
b6fa8035: shows [Js Jd]
71716997: shows [7h 7d]
*** FLOP *** [Td 3s 4c]
*** TURN *** [Td 3s 4c] [Jh]
*** RIVER *** [Td 3s 4c Jh] [2h]
*** SHOWDOWN ***
b6fa8035 collected 213,800 from pot
*** SUMMARY ***
Total pot 213,800 | Rake 0 | Jackpot 0 | Bingo 0 | Fortune 0 | Tax 0
Board [Td 3s 4c Jh 2h]
Seat 1: 7f364a2 folded before Flop
Seat 2: accdf531 folded before Flop
Seat 3: Hero folded before Flop
Seat 4: ceaf790b folded before Flop
Seat 5: 71716997 (button) showed [7h 7d] and lost with a pair of Sevens
Seat 6: b6fa8035 (small blind) showed [Js Jd] and won (213,800) with three of a kind, Jacks
Seat 7: 4e88aa08 (big blind) folded before Flop
Seat 8: 815888dc folded before Flop


Poker Hand #TM5532214734: Tournament #260317602, Bounty Hunters Mini Big Game $10.80 Hold'em No Limit - Level11(3,000/6,000(900)) - 2026/02/01 13:53:32
Table '156' 8-max Seat #4 is the button
Seat 1: 7f364a2 (917,781 in chips)
Seat 2: accdf531 (462,663 in chips)
Seat 3: Hero (228,288 in chips)
Seat 4: ceaf790b (556,742 in chips)
Seat 5: 71716997 (93,100 in chips)
Seat 6: b6fa8035 (505,565 in chips)
Seat 7: 4e88aa08 (682,800 in chips)
Seat 8: 815888dc (336,576 in chips)
71716997: posts the ante 900
Hero: posts the ante 900
7f364a2: posts the ante 900
4e88aa08: posts the ante 900
accdf531: posts the ante 900
b6fa8035: posts the ante 900
ceaf790b: posts the ante 900
815888dc: posts the ante 900
71716997: posts small blind 3,000
b6fa8035: posts big blind 6,000
*** HOLE CARDS ***
Dealt to 7f364a2 
Dealt to accdf531 
Dealt to Hero [8d Qs]
Dealt to ceaf790b 
Dealt to 71716997 
Dealt to b6fa8035 
Dealt to 4e88aa08 
Dealt to 815888dc 
4e88aa08: folds
815888dc: folds
7f364a2: folds
accdf531: folds
Hero: raises 6,000 to 12,000
ceaf790b: calls 12,000
71716997: folds
b6fa8035: folds
*** FLOP *** [3d Ad 4d]
Hero: bets 20,100
ceaf790b: raises 51,900 to 72,000
Hero: folds
Uncalled bet (51,900) returned to ceaf790b
*** SHOWDOWN ***
ceaf790b collected 80,400 from pot
*** SUMMARY ***
Total pot 80,400 | Rake 0 | Jackpot 0 | Bingo 0 | Fortune 0 | Tax 0
Board [3d Ad 4d]
Seat 1: 7f364a2 folded before Flop
Seat 2: accdf531 folded before Flop
Seat 3: Hero folded on the Flop
Seat 4: ceaf790b (button) won (80,400)
Seat 5: 71716997 (small blind) folded before Flop
Seat 6: b6fa8035 (big blind) folded before Flop
Seat 7: 4e88aa08 folded before Flop
Seat 8: 815888dc folded before Flop


Poker Hand #TM5532214722: Tournament #260317602, Bounty Hunters Mini Big Game $10.80 Hold'em No Limit - Level11(3,000/6,000(900)) - 2026/02/01 13:52:36
Table '156' 8-max Seat #3 is the button
Seat 1: 7f364a2 (931,881 in chips)
Seat 2: accdf531 (463,563 in chips)
Seat 3: Hero (199,788 in chips)
Seat 4: ceaf790b (560,642 in chips)
Seat 5: 71716997 (100,000 in chips)
Seat 6: b6fa8035 (506,465 in chips)
Seat 7: 4e88aa08 (683,700 in chips)
Seat 8: 815888dc (337,476 in chips)
71716997: posts the ante 900
Hero: posts the ante 900
7f364a2: posts the ante 900
4e88aa08: posts the ante 900
accdf531: posts the ante 900
b6fa8035: posts the ante 900
ceaf790b: posts the ante 900
815888dc: posts the ante 900
ceaf790b: posts small blind 3,000
71716997: posts big blind 6,000
*** HOLE CARDS ***
Dealt to 7f364a2 
Dealt to accdf531 
Dealt to Hero [Jd Qh]
Dealt to ceaf790b 
Dealt to 71716997 
Dealt to b6fa8035 
Dealt to 4e88aa08 
Dealt to 815888dc 
b6fa8035: folds
4e88aa08: folds
815888dc: folds
7f364a2: raises 7,200 to 13,200
accdf531: folds
Hero: calls 13,200
ceaf790b: folds
71716997: folds
*** FLOP *** [Kd 5s Ks]
7f364a2: checks
Hero: bets 14,058
7f364a2: folds
Uncalled bet (14,058) returned to Hero
*** SHOWDOWN ***
Hero collected 42,600 from pot
*** SUMMARY ***
Total pot 42,600 | Rake 0 | Jackpot 0 | Bingo 0 | Fortune 0 | Tax 0
Board [Kd 5s Ks]
Seat 1: 7f364a2 folded on the Flop
Seat 2: accdf531 folded before Flop
Seat 3: Hero (button) won (42,600)
Seat 4: ceaf790b (small blind) folded before Flop
Seat 5: 71716997 (big blind) folded before Flop
Seat 6: b6fa8035 folded before Flop
Seat 7: 4e88aa08 folded before Flop
Seat 8: 815888dc folded before Flop


Poker Hand #TM5532214713: Tournament #260317602, Bounty Hunters Mini Big Game $10.80 Hold'em No Limit - Level11(3,000/6,000(900)) - 2026/02/01 13:51:56
Table '156' 8-max Seat #2 is the button
Seat 1: 7f364a2 (917,481 in chips)
Seat 2: accdf531 (464,463 in chips)
Seat 3: Hero (203,688 in chips)
Seat 4: ceaf790b (567,542 in chips)
Seat 6: b6fa8035 (507,365 in chips)
Seat 7: 4e88aa08 (684,600 in chips)
Seat 8: 815888dc (338,376 in chips)
Hero: posts the ante 900
7f364a2: posts the ante 900
4e88aa08: posts the ante 900
accdf531: posts the ante 900
b6fa8035: posts the ante 900
ceaf790b: posts the ante 900
815888dc: posts the ante 900
Hero: posts small blind 3,000
ceaf790b: posts big blind 6,000
*** HOLE CARDS ***
Dealt to 7f364a2 
Dealt to accdf531 
Dealt to Hero [9s 7h]
Dealt to ceaf790b 
Dealt to b6fa8035 
Dealt to 4e88aa08 
Dealt to 815888dc 
b6fa8035: folds
4e88aa08: folds
815888dc: folds
7f364a2: raises 7,200 to 13,200
accdf531: folds
Hero: folds
ceaf790b: folds
Uncalled bet (7,200) returned to 7f364a2
*** SHOWDOWN ***
7f364a2 collected 21,300 from pot
*** SUMMARY ***
Total pot 21,300 | Rake 0 | Jackpot 0 | Bingo 0 | Fortune 0 | Tax 0
Seat 1: 7f364a2 collected (21,300)
Seat 2: accdf531 (button) folded before Flop
Seat 3: Hero (small blind) folded before Flop
Seat 4: ceaf790b (big blind) folded before Flop
Seat 6: b6fa8035 folded before Flop
Seat 7: 4e88aa08 folded before Flop
Seat 8: 815888dc folded before Flop


Poker Hand #TM5532214703: Tournament #260317602, Bounty Hunters Mini Big Game $10.80 Hold'em No Limit - Level11(3,000/6,000(900)) - 2026/02/01 13:50:55
Table '156' 8-max Seat #1 is the button
Seat 1: 7f364a2 (918,381 in chips)
Seat 2: accdf531 (468,363 in chips)
Seat 3: Hero (210,588 in chips)
Seat 4: ceaf790b (568,442 in chips)
Seat 5: d31faea9 (100,000 in chips)
Seat 6: b6fa8035 (508,265 in chips)
Seat 7: 4e88aa08 (570,200 in chips)
Seat 8: 815888dc (339,276 in chips)
d31faea9: posts the ante 900
Hero: posts the ante 900
7f364a2: posts the ante 900
4e88aa08: posts the ante 900
accdf531: posts the ante 900
b6fa8035: posts the ante 900
ceaf790b: posts the ante 900
815888dc: posts the ante 900
accdf531: posts small blind 3,000
Hero: posts big blind 6,000
*** HOLE CARDS ***
Dealt to 7f364a2 
Dealt to accdf531 
Dealt to Hero [5h 6s]
Dealt to ceaf790b 
Dealt to d31faea9 
Dealt to b6fa8035 
Dealt to 4e88aa08 
Dealt to 815888dc 
ceaf790b: folds
d31faea9: raises 93,100 to 99,100 and is all-in
b6fa8035: folds
4e88aa08: calls 99,100
815888dc: folds
7f364a2: folds
accdf531: folds
Hero: folds
d31faea9: shows [As 6c]
4e88aa08: shows [Qd Qs]
*** FLOP *** [4s 7s 7h]
*** TURN *** [4s 7s 7h] [8d]
*** RIVER *** [4s 7s 7h 8d] [Jd]
*** SHOWDOWN ***
4e88aa08 collected 214,400 from pot
*** SUMMARY ***
Total pot 214,400 | Rake 0 | Jackpot 0 | Bingo 0 | Fortune 0 | Tax 0
Board [4s 7s 7h 8d Jd]
Seat 1: 7f364a2 (button) folded before Flop
Seat 2: accdf531 (small blind) folded before Flop
Seat 3: Hero (big blind) folded before Flop
Seat 4: ceaf790b folded before Flop
Seat 5: d31faea9 showed [As 6c] and lost with a pair of Sevens
Seat 6: b6fa8035 folded before Flop
Seat 7: 4e88aa08 showed [Qd Qs] and won (214,400) with two pair, Queens and Sevens
Seat 8: 815888dc folded before Flop


Poker Hand #TM5532214691: Tournament #260317602, Bounty Hunters Mini Big Game $10.80 Hold'em No Limit - Level11(3,000/6,000(900)) - 2026/02/01 13:50:15
Table '156' 8-max Seat #8 is the button
Seat 1: 7f364a2 (931,281 in chips)
Seat 2: accdf531 (481,263 in chips)
Seat 3: Hero (211,488 in chips)
Seat 4: ceaf790b (569,342 in chips)
Seat 6: b6fa8035 (478,865 in chips)
Seat 7: 4e88aa08 (571,100 in chips)
Seat 8: 815888dc (340,176 in chips)
Hero: posts the ante 900
4e88aa08: posts the ante 900
7f364a2: posts the ante 900
accdf531: posts the ante 900
b6fa8035: posts the ante 900
ceaf790b: posts the ante 900
815888dc: posts the ante 900
7f364a2: posts small blind 3,000
accdf531: posts big blind 6,000
*** HOLE CARDS ***
Dealt to 7f364a2 
Dealt to accdf531 
Dealt to Hero [9s 7h]
Dealt to ceaf790b 
Dealt to b6fa8035 
Dealt to 4e88aa08 
Dealt to 815888dc 
Hero: folds
ceaf790b: folds
b6fa8035: raises 6,000 to 12,000
4e88aa08: folds
815888dc: folds
7f364a2: calls 9,000
accdf531: calls 6,000
*** FLOP *** [Kh 8h 8s]
7f364a2: checks
accdf531: checks
b6fa8035: bets 10,575
7f364a2: folds
accdf531: folds
Uncalled bet (10,575) returned to b6fa8035
*** SHOWDOWN ***
b6fa8035 collected 42,300 from pot
*** SUMMARY ***
Total pot 42,300 | Rake 0 | Jackpot 0 | Bingo 0 | Fortune 0 | Tax 0
Board [Kh 8h 8s]
Seat 1: 7f364a2 (small blind) folded on the Flop
Seat 2: accdf531 (big blind) folded on the Flop
Seat 3: Hero folded before Flop
Seat 4: ceaf790b folded before Flop
Seat 6: b6fa8035 won (42,300)
Seat 7: 4e88aa08 folded before Flop
Seat 8: 815888dc (button) folded before Flop


Poker Hand #TM5532214681: Tournament #260317602, Bounty Hunters Mini Big Game $10.80 Hold'em No Limit - Level11(3,000/6,000(900)) - 2026/02/01 13:49:27
Table '156' 8-max Seat #6 is the button
Seat 1: 7f364a2 (659,781 in chips)
Seat 2: accdf531 (482,163 in chips)
Seat 3: Hero (212,388 in chips)
Seat 4: ceaf790b (570,242 in chips)
Seat 6: b6fa8035 (479,765 in chips)
Seat 7: e5c0dc5c (261,000 in chips)
Seat 8: 815888dc (347,076 in chips)
Hero: posts the ante 900
e5c0dc5c: posts the ante 900
7f364a2: posts the ante 900
accdf531: posts the ante 900
b6fa8035: posts the ante 900
ceaf790b: posts the ante 900
815888dc: posts the ante 900
e5c0dc5c: posts small blind 3,000
815888dc: posts big blind 6,000
*** HOLE CARDS ***
Dealt to 7f364a2 
Dealt to accdf531 
Dealt to Hero [3c 8d]
Dealt to ceaf790b 
Dealt to b6fa8035 
Dealt to e5c0dc5c 
Dealt to 815888dc 
7f364a2: raises 15,000 to 21,000
accdf531: folds
Hero: folds
ceaf790b: folds
b6fa8035: folds
e5c0dc5c: raises 239,100 to 260,100 and is all-in
815888dc: folds
7f364a2: calls 239,100
e5c0dc5c: shows [Js Jd]
7f364a2: shows [Ad Ks]
*** FLOP *** [8s 3h Kh]
*** TURN *** [8s 3h Kh] [Qd]
*** RIVER *** [8s 3h Kh Qd] [7d]
*** SHOWDOWN ***
7f364a2 collected 532,500 from pot
*** SUMMARY ***
Total pot 532,500 | Rake 0 | Jackpot 0 | Bingo 0 | Fortune 0 | Tax 0
Board [8s 3h Kh Qd 7d]
Seat 1: 7f364a2 showed [Ad Ks] and won (532,500) with a pair of Kings
Seat 2: accdf531 folded before Flop
Seat 3: Hero folded before Flop
Seat 4: ceaf790b folded before Flop
Seat 6: b6fa8035 (button) folded before Flop
Seat 7: e5c0dc5c (small blind) showed [Js Jd] and lost with a pair of Jacks
Seat 8: 815888dc (big blind) folded before Flop


Poker Hand #TM5532214663: Tournament #260317602, Bounty Hunters Mini Big Game $10.80 Hold'em No Limit - Level11(3,000/6,000(900)) - 2026/02/01 13:48:29
Table '156' 8-max Seat #4 is the button
Seat 1: 7f364a2 (660,681 in chips)
Seat 2: accdf531 (483,063 in chips)
Seat 3: Hero (294,895 in chips)
Seat 4: ceaf790b (571,142 in chips)
Seat 5: 3f0991cc (84,493 in chips)
Seat 6: b6fa8035 (486,665 in chips)
Seat 7: e5c0dc5c (83,500 in chips)
Seat 8: 815888dc (347,976 in chips)
3f0991cc: posts the ante 900
Hero: posts the ante 900
e5c0dc5c: posts the ante 900
7f364a2: posts the ante 900
accdf531: posts the ante 900
b6fa8035: posts the ante 900
ceaf790b: posts the ante 900
815888dc: posts the ante 900
3f0991cc: posts small blind 3,000
b6fa8035: posts big blind 6,000
*** HOLE CARDS ***
Dealt to 7f364a2 
Dealt to accdf531 
Dealt to Hero [6d Ad]
Dealt to ceaf790b 
Dealt to 3f0991cc 
Dealt to b6fa8035 
Dealt to e5c0dc5c 
Dealt to 815888dc 
e5c0dc5c: raises 76,600 to 82,600 and is all-in
815888dc: folds
7f364a2: folds
accdf531: folds
Hero: calls 82,600
ceaf790b: folds
3f0991cc: raises 993 to 83,593 and is all-in
b6fa8035: folds
Hero: calls 993
3f0991cc: shows [3d 3c]
e5c0dc5c: shows [Qd Kd]
Hero: shows [6d Ad]
*** FLOP *** [9d 6h Qc]
*** TURN *** [9d 6h Qc] [2h]
*** RIVER *** [9d 6h Qc 2h] [4s]
*** SHOWDOWN ***
e5c0dc5c collected 261,000 from pot
Hero collected 1,986 from pot
*** SUMMARY ***
Total pot 262,986 | Rake 0 | Jackpot 0 | Bingo 0 | Fortune 0 | Tax 0
Board [9d 6h Qc 2h 4s]
Seat 1: 7f364a2 folded before Flop
Seat 2: accdf531 folded before Flop
Seat 3: Hero showed [6d Ad] and won (1,986) with a pair of Sixes
Seat 4: ceaf790b (button) folded before Flop
Seat 5: 3f0991cc (small blind) showed [3d 3c] and lost with a pair of Threes
Seat 6: b6fa8035 (big blind) folded before Flop
Seat 7: e5c0dc5c showed [Qd Kd] and won (261,000) with a pair of Queens
Seat 8: 815888dc folded before Flop


Poker Hand #TM5532214647: Tournament #260317602, Bounty Hunters Mini Big Game $10.80 Hold'em No Limit - Level11(3,000/6,000(900)) - 2026/02/01 13:47:29
Table '156' 8-max Seat #3 is the button
Seat 1: 7f364a2 (661,581 in chips)
Seat 2: accdf531 (478,863 in chips)
Seat 3: Hero (295,795 in chips)
Seat 4: ceaf790b (575,042 in chips)
Seat 5: 3f0991cc (80,293 in chips)
Seat 6: b6fa8035 (487,565 in chips)
Seat 7: e5c0dc5c (84,400 in chips)
Seat 8: 815888dc (348,876 in chips)
3f0991cc: posts the ante 900
Hero: posts the ante 900
e5c0dc5c: posts the ante 900
7f364a2: posts the ante 900
accdf531: posts the ante 900
b6fa8035: posts the ante 900
ceaf790b: posts the ante 900
815888dc: posts the ante 900
ceaf790b: posts small blind 3,000
3f0991cc: posts big blind 6,000
*** HOLE CARDS ***
Dealt to 7f364a2 
Dealt to accdf531 
Dealt to Hero [Qc 5d]
Dealt to ceaf790b 
Dealt to 3f0991cc 
Dealt to b6fa8035 
Dealt to e5c0dc5c 
Dealt to 815888dc 
b6fa8035: folds
e5c0dc5c: folds
815888dc: folds
7f364a2: folds
accdf531: raises 6,000 to 12,000
Hero: folds
ceaf790b: folds
3f0991cc: calls 6,000
*** FLOP *** [Ad Ks 6h]
3f0991cc: checks
accdf531: checks
*** TURN *** [Ad Ks 6h] [Th]
3f0991cc: checks
accdf531: checks
*** RIVER *** [Ad Ks 6h Th] [Ah]
3f0991cc: checks
accdf531: checks
3f0991cc: shows [8d Jh] (a pair of Aces)
accdf531: shows [5s Js] (a pair of Aces)
*** SHOWDOWN ***
accdf531 collected 17,100 from pot
3f0991cc collected 17,100 from pot
*** SUMMARY ***
Total pot 34,200 | Rake 0 | Jackpot 0 | Bingo 0 | Fortune 0 | Tax 0
Board [Ad Ks 6h Th Ah]
Seat 1: 7f364a2 folded before Flop
Seat 2: accdf531 showed [5s Js] and won (17,100) with a pair of Aces
Seat 3: Hero (button) folded before Flop
Seat 4: ceaf790b (small blind) folded before Flop
Seat 5: 3f0991cc (big blind) showed [8d Jh] and won (17,100) with a pair of Aces
Seat 6: b6fa8035 folded before Flop
Seat 7: e5c0dc5c folded before Flop
Seat 8: 815888dc folded before Flop


Poker Hand #TM5532214635: Tournament #260317602, Bounty Hunters Mini Big Game $10.80 Hold'em No Limit - Level11(3,000/6,000(900)) - 2026/02/01 13:46:44
Table '156' 8-max Seat #2 is the button
Seat 1: 7f364a2 (662,481 in chips)
Seat 2: accdf531 (479,763 in chips)
Seat 3: Hero (299,695 in chips)
Seat 4: ceaf790b (581,942 in chips)
Seat 5: 3f0991cc (81,193 in chips)
Seat 6: b6fa8035 (488,465 in chips)
Seat 7: e5c0dc5c (69,100 in chips)
Seat 8: 815888dc (349,776 in chips)
3f0991cc: posts the ante 900
Hero: posts the ante 900
e5c0dc5c: posts the ante 900
7f364a2: posts the ante 900
accdf531: posts the ante 900
b6fa8035: posts the ante 900
ceaf790b: posts the ante 900
815888dc: posts the ante 900
Hero: posts small blind 3,000
ceaf790b: posts big blind 6,000
*** HOLE CARDS ***
Dealt to 7f364a2 
Dealt to accdf531 
Dealt to Hero [2c Kd]
Dealt to ceaf790b 
Dealt to 3f0991cc 
Dealt to b6fa8035 
Dealt to e5c0dc5c 
Dealt to 815888dc 
3f0991cc: folds
b6fa8035: folds
e5c0dc5c: raises 62,200 to 68,200 and is all-in
815888dc: folds
7f364a2: folds
accdf531: folds
Hero: folds
ceaf790b: folds
Uncalled bet (62,200) returned to e5c0dc5c
*** SHOWDOWN ***
e5c0dc5c collected 22,200 from pot
*** SUMMARY ***
Total pot 22,200 | Rake 0 | Jackpot 0 | Bingo 0 | Fortune 0 | Tax 0
Seat 1: 7f364a2 folded before Flop
Seat 2: accdf531 (button) folded before Flop
Seat 3: Hero (small blind) folded before Flop
Seat 4: ceaf790b (big blind) folded before Flop
Seat 5: 3f0991cc folded before Flop
Seat 6: b6fa8035 folded before Flop
Seat 7: e5c0dc5c collected (22,200)
Seat 8: 815888dc folded before Flop


Poker Hand #TM5532214617: Tournament #260317602, Bounty Hunters Mini Big Game $10.80 Hold'em No Limit - Level11(3,000/6,000(900)) - 2026/02/01 13:45:39
Table '156' 8-max Seat #1 is the button
Seat 1: 7f364a2 (663,381 in chips)
Seat 2: accdf531 (483,663 in chips)
Seat 3: Hero (261,295 in chips)
Seat 4: ceaf790b (582,842 in chips)
Seat 5: 3f0991cc (82,093 in chips)
Seat 6: b6fa8035 (489,365 in chips)
Seat 7: e5c0dc5c (99,100 in chips)
Seat 8: 815888dc (350,676 in chips)
3f0991cc: posts the ante 900
Hero: posts the ante 900
e5c0dc5c: posts the ante 900
7f364a2: posts the ante 900
accdf531: posts the ante 900
b6fa8035: posts the ante 900
ceaf790b: posts the ante 900
815888dc: posts the ante 900
accdf531: posts small blind 3,000
Hero: posts big blind 6,000
*** HOLE CARDS ***
Dealt to 7f364a2 
Dealt to accdf531 
Dealt to Hero [4s Kh]
Dealt to ceaf790b 
Dealt to 3f0991cc 
Dealt to b6fa8035 
Dealt to e5c0dc5c 
Dealt to 815888dc 
ceaf790b: folds
3f0991cc: folds
b6fa8035: folds
e5c0dc5c: raises 6,000 to 12,000
815888dc: folds
7f364a2: folds
accdf531: folds
Hero: calls 6,000
*** FLOP *** [Js 9d Ks]
Hero: checks
e5c0dc5c: checks
*** TURN *** [Js 9d Ks] [7h]
Hero: bets 17,100
e5c0dc5c: calls 17,100
*** RIVER *** [Js 9d Ks 7h] [7c]
Hero: checks
e5c0dc5c: checks
Hero: shows [4s Kh] (two pair, Kings and Sevens)
e5c0dc5c: shows [9c Qc] (two pair, Nines and Sevens)
*** SHOWDOWN ***
Hero collected 68,400 from pot
*** SUMMARY ***
Total pot 68,400 | Rake 0 | Jackpot 0 | Bingo 0 | Fortune 0 | Tax 0
Board [Js 9d Ks 7h 7c]
Seat 1: 7f364a2 (button) folded before Flop
Seat 2: accdf531 (small blind) folded before Flop
Seat 3: Hero (big blind) showed [4s Kh] and won (68,400) with two pair, Kings and Sevens
Seat 4: ceaf790b folded before Flop
Seat 5: 3f0991cc folded before Flop
Seat 6: b6fa8035 folded before Flop
Seat 7: e5c0dc5c showed [9c Qc] and lost with two pair, Nines and Sevens
Seat 8: 815888dc folded before Flop


Poker Hand #TM5532214611: Tournament #260317602, Bounty Hunters Mini Big Game $10.80 Hold'em No Limit - Level11(3,000/6,000(900)) - 2026/02/01 13:45:06
Table '156' 8-max Seat #8 is the button
Seat 1: 7f364a2 (667,281 in chips)
Seat 2: accdf531 (490,563 in chips)
Seat 3: Hero (262,195 in chips)
Seat 4: ceaf790b (583,742 in chips)
Seat 5: 3f0991cc (66,793 in chips)
Seat 6: b6fa8035 (490,265 in chips)
Seat 7: e5c0dc5c (100,000 in chips)
Seat 8: 815888dc (351,576 in chips)
3f0991cc: posts the ante 900
Hero: posts the ante 900
e5c0dc5c: posts the ante 900
7f364a2: posts the ante 900
accdf531: posts the ante 900
b6fa8035: posts the ante 900
ceaf790b: posts the ante 900
815888dc: posts the ante 900
7f364a2: posts small blind 3,000
accdf531: posts big blind 6,000
*** HOLE CARDS ***
Dealt to 7f364a2 
Dealt to accdf531 
Dealt to Hero [4d 9s]
Dealt to ceaf790b 
Dealt to 3f0991cc 
Dealt to b6fa8035 
Dealt to e5c0dc5c 
Dealt to 815888dc 
Hero: folds
ceaf790b: folds
3f0991cc: raises 59,893 to 65,893 and is all-in
b6fa8035: folds
e5c0dc5c: folds
815888dc: folds
7f364a2: folds
accdf531: folds
Uncalled bet (59,893) returned to 3f0991cc
*** SHOWDOWN ***
3f0991cc collected 22,200 from pot
*** SUMMARY ***
Total pot 22,200 | Rake 0 | Jackpot 0 | Bingo 0 | Fortune 0 | Tax 0
Seat 1: 7f364a2 (small blind) folded before Flop
Seat 2: accdf531 (big blind) folded before Flop
Seat 3: Hero folded before Flop
Seat 4: ceaf790b folded before Flop
Seat 5: 3f0991cc collected (22,200)
Seat 6: b6fa8035 folded before Flop
Seat 7: e5c0dc5c folded before Flop
Seat 8: 815888dc (button) folded before Flop


Poker Hand #TM5532214602: Tournament #260317602, Bounty Hunters Mini Big Game $10.80 Hold'em No Limit - Level11(3,000/6,000(900)) - 2026/02/01 13:44:48
Table '156' 8-max Seat #6 is the button
Seat 1: 7f364a2 (659,781 in chips)
Seat 3: Hero (263,095 in chips)
Seat 4: ceaf790b (584,642 in chips)
Seat 5: 3f0991cc (67,693 in chips)
Seat 6: b6fa8035 (491,165 in chips)
Seat 8: 815888dc (355,476 in chips)
3f0991cc: posts the ante 900
Hero: posts the ante 900
7f364a2: posts the ante 900
b6fa8035: posts the ante 900
ceaf790b: posts the ante 900
815888dc: posts the ante 900
815888dc: posts small blind 3,000
7f364a2: posts big blind 6,000
*** HOLE CARDS ***
Dealt to 7f364a2 
Dealt to Hero [Js 2c]
Dealt to ceaf790b 
Dealt to 3f0991cc 
Dealt to b6fa8035 
Dealt to 815888dc 
Hero: folds
ceaf790b: folds
3f0991cc: folds
b6fa8035: folds
815888dc: folds
Uncalled bet (3,000) returned to 7f364a2
*** SHOWDOWN ***
7f364a2 collected 11,400 from pot
*** SUMMARY ***
Total pot 11,400 | Rake 0 | Jackpot 0 | Bingo 0 | Fortune 0 | Tax 0
Seat 1: 7f364a2 (big blind) collected (11,400)
Seat 3: Hero folded before Flop
Seat 4: ceaf790b folded before Flop
Seat 5: 3f0991cc folded before Flop
Seat 6: b6fa8035 (button) folded before Flop
Seat 8: 815888dc (small blind) folded before Flop


Poker Hand #TM5532214586: Tournament #260317602, Bounty Hunters Mini Big Game $10.80 Hold'em No Limit - Level10(2,500/5,000(750)) - 2026/02/01 13:43:47
Table '156' 8-max Seat #5 is the button
Seat 1: 7f364a2 (660,531 in chips)
Seat 2: ba107fff (11,025 in chips)
Seat 3: Hero (120,785 in chips)
Seat 4: ceaf790b (585,392 in chips)
Seat 5: 3f0991cc (188,478 in chips)
Seat 6: b6fa8035 (494,415 in chips)
Seat 8: 815888dc (361,226 in chips)
ba107fff: posts the ante 750
3f0991cc: posts the ante 750
Hero: posts the ante 750
7f364a2: posts the ante 750
b6fa8035: posts the ante 750
ceaf790b: posts the ante 750
815888dc: posts the ante 750
b6fa8035: posts small blind 2,500
815888dc: posts big blind 5,000
*** HOLE CARDS ***
Dealt to 7f364a2 
Dealt to ba107fff 
Dealt to Hero [Kd Qd]
Dealt to ceaf790b 
Dealt to 3f0991cc 
Dealt to b6fa8035 
Dealt to 815888dc 
7f364a2: folds
ba107fff: raises 5,275 to 10,275 and is all-in
Hero: raises 109,760 to 120,035 and is all-in
ceaf790b: folds
3f0991cc: raises 67,693 to 187,728 and is all-in
b6fa8035: folds
815888dc: folds
Uncalled bet (67,693) returned to 3f0991cc
3f0991cc: shows [As Th]
ba107fff: shows [8c Jc]
Hero: shows [Kd Qd]
*** FLOP *** [Jh 5d Td]
*** TURN *** [Jh 5d Td] [4d]
*** RIVER *** [Jh 5d Td 4d] [9c]
*** SHOWDOWN ***
Hero collected 43,575 from pot
Hero collected 219,520 from pot
*** SUMMARY ***
Total pot 263,095 | Rake 0 | Jackpot 0 | Bingo 0 | Fortune 0 | Tax 0
Board [Jh 5d Td 4d 9c]
Seat 1: 7f364a2 folded before Flop
Seat 2: ba107fff showed [8c Jc] and lost with a pair of Jacks
Seat 3: Hero showed [Kd Qd] and won (263,095) with a flush King high
Seat 4: ceaf790b folded before Flop
Seat 5: 3f0991cc (button) showed [As Th] and lost with a pair of Tens
Seat 6: b6fa8035 (small blind) folded before Flop
Seat 8: 815888dc (big blind) folded before Flop


Poker Hand #TM5532214563: Tournament #260317602, Bounty Hunters Mini Big Game $10.80 Hold'em No Limit - Level10(2,500/5,000(750)) - 2026/02/01 13:42:13
Table '156' 8-max Seat #4 is the button
Seat 1: 7f364a2 (661,281 in chips)
Seat 2: ba107fff (11,775 in chips)
Seat 3: Hero (121,535 in chips)
Seat 4: ceaf790b (449,960 in chips)
Seat 5: 3f0991cc (199,228 in chips)
Seat 6: b6fa8035 (500,165 in chips)
Seat 7: 229fdc3f (115,932 in chips)
Seat 8: 815888dc (361,976 in chips)
ba107fff: posts the ante 750
3f0991cc: posts the ante 750
Hero: posts the ante 750
7f364a2: posts the ante 750
b6fa8035: posts the ante 750
ceaf790b: posts the ante 750
229fdc3f: posts the ante 750
815888dc: posts the ante 750
3f0991cc: posts small blind 2,500
b6fa8035: posts big blind 5,000
*** HOLE CARDS ***
Dealt to 7f364a2 
Dealt to ba107fff 
Dealt to Hero [Jc 9d]
Dealt to ceaf790b 
Dealt to 3f0991cc 
Dealt to b6fa8035 
Dealt to 229fdc3f 
Dealt to 815888dc 
229fdc3f: raises 5,000 to 10,000
815888dc: folds
7f364a2: folds
ba107fff: folds
Hero: folds
ceaf790b: calls 10,000
3f0991cc: calls 7,500
b6fa8035: folds
*** FLOP *** [6c 9s Qs]
3f0991cc: checks
229fdc3f: checks
ceaf790b: checks
*** TURN *** [6c 9s Qs] [6s]
3f0991cc: checks
229fdc3f: bets 23,000
ceaf790b: calls 23,000
3f0991cc: folds
*** RIVER *** [6c 9s Qs 6s] [4s]
229fdc3f: bets 82,182 and is all-in
ceaf790b: calls 82,182
229fdc3f: shows [Qd Ks] (a flush King high)
ceaf790b: shows [2s As] (a flush Ace high)
*** SHOWDOWN ***
ceaf790b collected 251,364 from pot
*** SUMMARY ***
Total pot 251,364 | Rake 0 | Jackpot 0 | Bingo 0 | Fortune 0 | Tax 0
Board [6c 9s Qs 6s 4s]
Seat 1: 7f364a2 folded before Flop
Seat 2: ba107fff folded before Flop
Seat 3: Hero folded before Flop
Seat 4: ceaf790b (button) showed [2s As] and won (251,364) with a flush Ace high
Seat 5: 3f0991cc (small blind) folded on the Turn
Seat 6: b6fa8035 (big blind) folded before Flop
Seat 7: 229fdc3f showed [Qd Ks] and lost with a flush King high
Seat 8: 815888dc folded before Flop


Poker Hand #TM5532214551: Tournament #260317602, Bounty Hunters Mini Big Game $10.80 Hold'em No Limit - Level10(2,500/5,000(750)) - 2026/02/01 13:41:20
Table '156' 8-max Seat #3 is the button
Seat 1: 7f364a2 (662,031 in chips)
Seat 2: ba107fff (107,889 in chips)
Seat 3: Hero (122,285 in chips)
Seat 4: ceaf790b (453,210 in chips)
Seat 5: 3f0991cc (96,114 in chips)
Seat 6: b6fa8035 (500,915 in chips)
Seat 7: 229fdc3f (116,682 in chips)
Seat 8: 815888dc (362,726 in chips)
ba107fff: posts the ante 750
3f0991cc: posts the ante 750
Hero: posts the ante 750
7f364a2: posts the ante 750
b6fa8035: posts the ante 750
229fdc3f: posts the ante 750
ceaf790b: posts the ante 750
815888dc: posts the ante 750
ceaf790b: posts small blind 2,500
3f0991cc: posts big blind 5,000
*** HOLE CARDS ***
Dealt to 7f364a2 
Dealt to ba107fff 
Dealt to Hero [4d 5h]
Dealt to ceaf790b 
Dealt to 3f0991cc 
Dealt to b6fa8035 
Dealt to 229fdc3f 
Dealt to 815888dc 
b6fa8035: folds
229fdc3f: folds
815888dc: folds
7f364a2: folds
ba107fff: raises 5,000 to 10,000
Hero: folds
ceaf790b: folds
3f0991cc: raises 85,364 to 95,364 and is all-in
ba107fff: calls 85,364
3f0991cc: shows [2h 2c]
ba107fff: shows [Ts Kd]
*** FLOP *** [Qd 5c 3h]
*** TURN *** [Qd 5c 3h] [6c]
*** RIVER *** [Qd 5c 3h 6c] [3c]
*** SHOWDOWN ***
3f0991cc collected 199,228 from pot
*** SUMMARY ***
Total pot 199,228 | Rake 0 | Jackpot 0 | Bingo 0 | Fortune 0 | Tax 0
Board [Qd 5c 3h 6c 3c]
Seat 1: 7f364a2 folded before Flop
Seat 2: ba107fff showed [Ts Kd] and lost with a pair of Threes
Seat 3: Hero (button) folded before Flop
Seat 4: ceaf790b (small blind) folded before Flop
Seat 5: 3f0991cc (big blind) showed [2h 2c] and won (199,228) with two pair, Threes and Twos
Seat 6: b6fa8035 folded before Flop
Seat 7: 229fdc3f folded before Flop
Seat 8: 815888dc folded before Flop


Poker Hand #TM5532214530: Tournament #260317602, Bounty Hunters Mini Big Game $10.80 Hold'em No Limit - Level10(2,500/5,000(750)) - 2026/02/01 13:40:05
Table '156' 8-max Seat #2 is the button
Seat 1: 7f364a2 (605,781 in chips)
Seat 2: ba107fff (108,639 in chips)
Seat 3: Hero (125,535 in chips)
Seat 4: ceaf790b (458,960 in chips)
Seat 5: 3f0991cc (96,864 in chips)
Seat 6: b6fa8035 (545,165 in chips)
Seat 7: 229fdc3f (117,432 in chips)
Seat 8: 815888dc (363,476 in chips)
ba107fff: posts the ante 750
3f0991cc: posts the ante 750
Hero: posts the ante 750
7f364a2: posts the ante 750
b6fa8035: posts the ante 750
229fdc3f: posts the ante 750
ceaf790b: posts the ante 750
815888dc: posts the ante 750
Hero: posts small blind 2,500
ceaf790b: posts big blind 5,000
*** HOLE CARDS ***
Dealt to 7f364a2 
Dealt to ba107fff 
Dealt to Hero [9d 3h]
Dealt to ceaf790b 
Dealt to 3f0991cc 
Dealt to b6fa8035 
Dealt to 229fdc3f 
Dealt to 815888dc 
3f0991cc: folds
b6fa8035: raises 5,000 to 10,000
229fdc3f: folds
815888dc: folds
7f364a2: raises 33,500 to 43,500
ba107fff: folds
Hero: folds
ceaf790b: folds
b6fa8035: calls 33,500
*** FLOP *** [4s 7h 3s]
b6fa8035: checks
7f364a2: checks
*** TURN *** [4s 7h 3s] [3d]
b6fa8035: checks
7f364a2: bets 33,165
b6fa8035: folds
Uncalled bet (33,165) returned to 7f364a2
*** SHOWDOWN ***
7f364a2 collected 100,500 from pot
*** SUMMARY ***
Total pot 100,500 | Rake 0 | Jackpot 0 | Bingo 0 | Fortune 0 | Tax 0
Board [4s 7h 3s 3d]
Seat 1: 7f364a2 won (100,500)
Seat 2: ba107fff (button) folded before Flop
Seat 3: Hero (small blind) folded before Flop
Seat 4: ceaf790b (big blind) folded before Flop
Seat 5: 3f0991cc folded before Flop
Seat 6: b6fa8035 folded on the Turn
Seat 7: 229fdc3f folded before Flop
Seat 8: 815888dc folded before Flop


Poker Hand #TM5532214518: Tournament #260317602, Bounty Hunters Mini Big Game $10.80 Hold'em No Limit - Level10(2,500/5,000(750)) - 2026/02/01 13:39:06
Table '156' 8-max Seat #1 is the button
Seat 1: 7f364a2 (619,031 in chips)
Seat 2: ba107fff (111,889 in chips)
Seat 3: Hero (105,285 in chips)
Seat 4: ceaf790b (459,710 in chips)
Seat 5: 3f0991cc (97,614 in chips)
Seat 6: b6fa8035 (545,915 in chips)
Seat 7: 229fdc3f (118,182 in chips)
Seat 8: 815888dc (364,226 in chips)
ba107fff: posts the ante 750
3f0991cc: posts the ante 750
Hero: posts the ante 750
7f364a2: posts the ante 750
b6fa8035: posts the ante 750
229fdc3f: posts the ante 750
ceaf790b: posts the ante 750
815888dc: posts the ante 750
ba107fff: posts small blind 2,500
Hero: posts big blind 5,000
*** HOLE CARDS ***
Dealt to 7f364a2 
Dealt to ba107fff 
Dealt to Hero [6s Qs]
Dealt to ceaf790b 
Dealt to 3f0991cc 
Dealt to b6fa8035 
Dealt to 229fdc3f 
Dealt to 815888dc 
ceaf790b: folds
3f0991cc: folds
b6fa8035: folds
229fdc3f: folds
815888dc: folds
7f364a2: raises 7,500 to 12,500
ba107fff: folds
Hero: calls 7,500
*** FLOP *** [6c Jc 8c]
Hero: checks
7f364a2: checks
*** TURN *** [6c Jc 8c] [4s]
Hero: checks
7f364a2: checks
*** RIVER *** [6c Jc 8c 4s] [As]
Hero: checks
7f364a2: checks
Hero: shows [6s Qs] (a pair of Sixes)
7f364a2: shows [Kh Qd] (Ace high)
*** SHOWDOWN ***
Hero collected 33,500 from pot
*** SUMMARY ***
Total pot 33,500 | Rake 0 | Jackpot 0 | Bingo 0 | Fortune 0 | Tax 0
Board [6c Jc 8c 4s As]
Seat 1: 7f364a2 (button) showed [Kh Qd] and lost with Ace high
Seat 2: ba107fff (small blind) folded before Flop
Seat 3: Hero (big blind) showed [6s Qs] and won (33,500) with a pair of Sixes
Seat 4: ceaf790b folded before Flop
Seat 5: 3f0991cc folded before Flop
Seat 6: b6fa8035 folded before Flop
Seat 7: 229fdc3f folded before Flop
Seat 8: 815888dc folded before Flop


Poker Hand #TM5532214506: Tournament #260317602, Bounty Hunters Mini Big Game $10.80 Hold'em No Limit - Level10(2,500/5,000(750)) - 2026/02/01 13:38:14
Table '156' 8-max Seat #8 is the button
Seat 1: 7f364a2 (632,781 in chips)
Seat 2: ba107fff (93,639 in chips)
Seat 3: Hero (106,035 in chips)
Seat 4: ceaf790b (460,460 in chips)
Seat 5: 3f0991cc (98,364 in chips)
Seat 6: b6fa8035 (546,665 in chips)
Seat 7: 229fdc3f (118,932 in chips)
Seat 8: 815888dc (364,976 in chips)
ba107fff: posts the ante 750
3f0991cc: posts the ante 750
Hero: posts the ante 750
7f364a2: posts the ante 750
b6fa8035: posts the ante 750
229fdc3f: posts the ante 750
ceaf790b: posts the ante 750
815888dc: posts the ante 750
7f364a2: posts small blind 2,500
ba107fff: posts big blind 5,000
*** HOLE CARDS ***
Dealt to 7f364a2 
Dealt to ba107fff 
Dealt to Hero [7s 6c]
Dealt to ceaf790b 
Dealt to 3f0991cc 
Dealt to b6fa8035 
Dealt to 229fdc3f 
Dealt to 815888dc 
Hero: folds
ceaf790b: folds
3f0991cc: folds
b6fa8035: folds
229fdc3f: folds
815888dc: folds
7f364a2: calls 2,500
ba107fff: checks
*** FLOP *** [6s 7h Ts]
7f364a2: checks
ba107fff: checks
*** TURN *** [6s 7h Ts] [5h]
7f364a2: checks
ba107fff: bets 8,000
7f364a2: calls 8,000
*** RIVER *** [6s 7h Ts 5h] [4h]
7f364a2: checks
ba107fff: checks
7f364a2: shows [Qc 9d] (Queen high)
ba107fff: shows [Ac 5c] (a pair of Fives)
*** SHOWDOWN ***
ba107fff collected 32,000 from pot
*** SUMMARY ***
Total pot 32,000 | Rake 0 | Jackpot 0 | Bingo 0 | Fortune 0 | Tax 0
Board [6s 7h Ts 5h 4h]
Seat 1: 7f364a2 (small blind) showed [Qc 9d] and lost with Queen high
Seat 2: ba107fff (big blind) showed [Ac 5c] and won (32,000) with a pair of Fives
Seat 3: Hero folded before Flop
Seat 4: ceaf790b folded before Flop
Seat 5: 3f0991cc folded before Flop
Seat 6: b6fa8035 folded before Flop
Seat 7: 229fdc3f folded before Flop
Seat 8: 815888dc (button) folded before Flop


Poker Hand #TM5532214488: Tournament #260317602, Bounty Hunters Mini Big Game $10.80 Hold'em No Limit - Level10(2,500/5,000(750)) - 2026/02/01 13:37:18
Table '156' 8-max Seat #7 is the button
Seat 1: 7f364a2 (638,531 in chips)
Seat 2: ba107fff (94,389 in chips)
Seat 3: Hero (106,785 in chips)
Seat 4: ceaf790b (435,210 in chips)
Seat 5: 3f0991cc (111,614 in chips)
Seat 6: b6fa8035 (547,415 in chips)
Seat 7: 229fdc3f (119,682 in chips)
Seat 8: 815888dc (368,226 in chips)
ba107fff: posts the ante 750
3f0991cc: posts the ante 750
Hero: posts the ante 750
7f364a2: posts the ante 750
b6fa8035: posts the ante 750
229fdc3f: posts the ante 750
ceaf790b: posts the ante 750
815888dc: posts the ante 750
815888dc: posts small blind 2,500
7f364a2: posts big blind 5,000
*** HOLE CARDS ***
Dealt to 7f364a2 
Dealt to ba107fff 
Dealt to Hero [2c 4s]
Dealt to ceaf790b 
Dealt to 3f0991cc 
Dealt to b6fa8035 
Dealt to 229fdc3f 
Dealt to 815888dc 
ba107fff: folds
Hero: folds
ceaf790b: raises 7,500 to 12,500
3f0991cc: calls 12,500
b6fa8035: folds
229fdc3f: folds
815888dc: folds
7f364a2: folds
*** FLOP *** [Ks 8h 5h]
ceaf790b: bets 12,705
3f0991cc: folds
Uncalled bet (12,705) returned to ceaf790b
*** SHOWDOWN ***
ceaf790b collected 38,500 from pot
*** SUMMARY ***
Total pot 38,500 | Rake 0 | Jackpot 0 | Bingo 0 | Fortune 0 | Tax 0
Board [Ks 8h 5h]
Seat 1: 7f364a2 (big blind) folded before Flop
Seat 2: ba107fff folded before Flop
Seat 3: Hero folded before Flop
Seat 4: ceaf790b won (38,500)
Seat 5: 3f0991cc folded on the Flop
Seat 6: b6fa8035 folded before Flop
Seat 7: 229fdc3f (button) folded before Flop
Seat 8: 815888dc (small blind) folded before Flop


Poker Hand #TM5532214472: Tournament #260317602, Bounty Hunters Mini Big Game $10.80 Hold'em No Limit - Level10(2,500/5,000(750)) - 2026/02/01 13:36:22
Table '156' 8-max Seat #6 is the button
Seat 1: 7f364a2 (583,619 in chips)
Seat 2: ba107fff (95,139 in chips)
Seat 3: Hero (107,535 in chips)
Seat 4: ceaf790b (435,960 in chips)
Seat 5: 3f0991cc (154,526 in chips)
Seat 6: b6fa8035 (548,165 in chips)
Seat 7: 229fdc3f (122,932 in chips)
Seat 8: 815888dc (373,976 in chips)
ba107fff: posts the ante 750
3f0991cc: posts the ante 750
Hero: posts the ante 750
7f364a2: posts the ante 750
b6fa8035: posts the ante 750
ceaf790b: posts the ante 750
229fdc3f: posts the ante 750
815888dc: posts the ante 750
229fdc3f: posts small blind 2,500
815888dc: posts big blind 5,000
*** HOLE CARDS ***
Dealt to 7f364a2 
Dealt to ba107fff 
Dealt to Hero [Qd 7c]
Dealt to ceaf790b 
Dealt to 3f0991cc 
Dealt to b6fa8035 
Dealt to 229fdc3f 
Dealt to 815888dc 
7f364a2: raises 6,000 to 11,000
ba107fff: folds
Hero: folds
ceaf790b: folds
3f0991cc: calls 11,000
b6fa8035: folds
229fdc3f: folds
815888dc: folds
*** FLOP *** [9h 5s Ts]
7f364a2: bets 11,715
3f0991cc: calls 11,715
*** TURN *** [9h 5s Ts] [4d]
7f364a2: bets 19,447
3f0991cc: calls 19,447
*** RIVER *** [9h 5s Ts 4d] [3h]
7f364a2: bets 32,282
3f0991cc: folds
Uncalled bet (32,282) returned to 7f364a2
*** SHOWDOWN ***
7f364a2 collected 97,824 from pot
*** SUMMARY ***
Total pot 97,824 | Rake 0 | Jackpot 0 | Bingo 0 | Fortune 0 | Tax 0
Board [9h 5s Ts 4d 3h]
Seat 1: 7f364a2 won (97,824)
Seat 2: ba107fff folded before Flop
Seat 3: Hero folded before Flop
Seat 4: ceaf790b folded before Flop
Seat 5: 3f0991cc folded on the River
Seat 6: b6fa8035 (button) folded before Flop
Seat 7: 229fdc3f (small blind) folded before Flop
Seat 8: 815888dc (big blind) folded before Flop


Poker Hand #TM5532214457: Tournament #260317602, Bounty Hunters Mini Big Game $10.80 Hold'em No Limit - Level10(2,500/5,000(750)) - 2026/02/01 13:35:24
Table '156' 8-max Seat #5 is the button
Seat 1: 7f364a2 (558,369 in chips)
Seat 2: ba107fff (95,889 in chips)
Seat 3: Hero (108,285 in chips)
Seat 4: ceaf790b (449,210 in chips)
Seat 5: 3f0991cc (155,276 in chips)
Seat 6: b6fa8035 (551,415 in chips)
Seat 7: 229fdc3f (128,682 in chips)
Seat 8: 815888dc (374,726 in chips)
ba107fff: posts the ante 750
3f0991cc: posts the ante 750
Hero: posts the ante 750
7f364a2: posts the ante 750
b6fa8035: posts the ante 750
ceaf790b: posts the ante 750
229fdc3f: posts the ante 750
815888dc: posts the ante 750
b6fa8035: posts small blind 2,500
229fdc3f: posts big blind 5,000
*** HOLE CARDS ***
Dealt to 7f364a2 
Dealt to ba107fff 
Dealt to Hero [Qd 3s]
Dealt to ceaf790b 
Dealt to 3f0991cc 
Dealt to b6fa8035 
Dealt to 229fdc3f 
Dealt to 815888dc 
815888dc: folds
7f364a2: raises 7,500 to 12,500
ba107fff: folds
Hero: folds
ceaf790b: calls 12,500
3f0991cc: folds
b6fa8035: folds
229fdc3f: folds
*** FLOP *** [9c Ac 4h]
7f364a2: bets 28,875
ceaf790b: folds
Uncalled bet (28,875) returned to 7f364a2
*** SHOWDOWN ***
7f364a2 collected 38,500 from pot
*** SUMMARY ***
Total pot 38,500 | Rake 0 | Jackpot 0 | Bingo 0 | Fortune 0 | Tax 0
Board [9c Ac 4h]
Seat 1: 7f364a2 won (38,500)
Seat 2: ba107fff folded before Flop
Seat 3: Hero folded before Flop
Seat 4: ceaf790b folded on the Flop
Seat 5: 3f0991cc (button) folded before Flop
Seat 6: b6fa8035 (small blind) folded before Flop
Seat 7: 229fdc3f (big blind) folded before Flop
Seat 8: 815888dc folded before Flop


Poker Hand #TM5532214441: Tournament #260317602, Bounty Hunters Mini Big Game $10.80 Hold'em No Limit - Level10(2,500/5,000(750)) - 2026/02/01 13:34:42
Table '156' 8-max Seat #4 is the button
Seat 1: 7f364a2 (559,119 in chips)
Seat 2: ba107fff (96,639 in chips)
Seat 3: Hero (109,035 in chips)
Seat 4: ceaf790b (436,460 in chips)
Seat 5: 3f0991cc (158,526 in chips)
Seat 6: b6fa8035 (557,165 in chips)
Seat 7: 229fdc3f (129,432 in chips)
Seat 8: 815888dc (375,476 in chips)
ba107fff: posts the ante 750
3f0991cc: posts the ante 750
Hero: posts the ante 750
7f364a2: posts the ante 750
b6fa8035: posts the ante 750
ceaf790b: posts the ante 750
229fdc3f: posts the ante 750
815888dc: posts the ante 750
3f0991cc: posts small blind 2,500
b6fa8035: posts big blind 5,000
*** HOLE CARDS ***
Dealt to 7f364a2 
Dealt to ba107fff 
Dealt to Hero [Jh 6d]
Dealt to ceaf790b 
Dealt to 3f0991cc 
Dealt to b6fa8035 
Dealt to 229fdc3f 
Dealt to 815888dc 
229fdc3f: folds
815888dc: folds
7f364a2: folds
ba107fff: folds
Hero: folds
ceaf790b: raises 7,500 to 12,500
3f0991cc: folds
b6fa8035: folds
Uncalled bet (7,500) returned to ceaf790b
*** SHOWDOWN ***
ceaf790b collected 18,500 from pot
*** SUMMARY ***
Total pot 18,500 | Rake 0 | Jackpot 0 | Bingo 0 | Fortune 0 | Tax 0
Seat 1: 7f364a2 folded before Flop
Seat 2: ba107fff folded before Flop
Seat 3: Hero folded before Flop
Seat 4: ceaf790b (button) collected (18,500)
Seat 5: 3f0991cc (small blind) folded before Flop
Seat 6: b6fa8035 (big blind) folded before Flop
Seat 7: 229fdc3f folded before Flop
Seat 8: 815888dc folded before Flop


Poker Hand #TM5532214422: Tournament #260317602, Bounty Hunters Mini Big Game $10.80 Hold'em No Limit - Level10(2,500/5,000(750)) - 2026/02/01 13:33:47
Table '156' 8-max Seat #3 is the button
Seat 1: 7f364a2 (536,369 in chips)
Seat 2: ba107fff (97,389 in chips)
Seat 3: Hero (109,785 in chips)
Seat 4: ceaf790b (439,710 in chips)
Seat 5: 3f0991cc (164,276 in chips)
Seat 6: b6fa8035 (567,915 in chips)
Seat 7: 229fdc3f (130,182 in chips)
Seat 8: 815888dc (376,226 in chips)
ba107fff: posts the ante 750
3f0991cc: posts the ante 750
Hero: posts the ante 750
7f364a2: posts the ante 750
b6fa8035: posts the ante 750
229fdc3f: posts the ante 750
ceaf790b: posts the ante 750
815888dc: posts the ante 750
ceaf790b: posts small blind 2,500
3f0991cc: posts big blind 5,000
*** HOLE CARDS ***
Dealt to 7f364a2 
Dealt to ba107fff 
Dealt to Hero [8d Ac]
Dealt to ceaf790b 
Dealt to 3f0991cc 
Dealt to b6fa8035 
Dealt to 229fdc3f 
Dealt to 815888dc 
b6fa8035: raises 5,000 to 10,000
229fdc3f: folds
815888dc: folds
7f364a2: raises 33,500 to 43,500
ba107fff: folds
Hero: folds
ceaf790b: folds
3f0991cc: folds
b6fa8035: folds
Uncalled bet (33,500) returned to 7f364a2
*** SHOWDOWN ***
7f364a2 collected 33,500 from pot
*** SUMMARY ***
Total pot 33,500 | Rake 0 | Jackpot 0 | Bingo 0 | Fortune 0 | Tax 0
Seat 1: 7f364a2 collected (33,500)
Seat 2: ba107fff folded before Flop
Seat 3: Hero (button) folded before Flop
Seat 4: ceaf790b (small blind) folded before Flop
Seat 5: 3f0991cc (big blind) folded before Flop
Seat 6: b6fa8035 folded before Flop
Seat 7: 229fdc3f folded before Flop
Seat 8: 815888dc folded before Flop


Poker Hand #TM5532214409: Tournament #260317602, Bounty Hunters Mini Big Game $10.80 Hold'em No Limit - Level10(2,500/5,000(750)) - 2026/02/01 13:33:01
Table '156' 8-max Seat #2 is the button
Seat 1: 7f364a2 (537,119 in chips)
Seat 2: ba107fff (84,639 in chips)
Seat 3: Hero (113,035 in chips)
Seat 4: ceaf790b (445,460 in chips)
Seat 5: 3f0991cc (165,026 in chips)
Seat 6: b6fa8035 (568,665 in chips)
Seat 7: 229fdc3f (130,932 in chips)
Seat 8: 815888dc (376,976 in chips)
ba107fff: posts the ante 750
3f0991cc: posts the ante 750
Hero: posts the ante 750
7f364a2: posts the ante 750
b6fa8035: posts the ante 750
229fdc3f: posts the ante 750
ceaf790b: posts the ante 750
815888dc: posts the ante 750
Hero: posts small blind 2,500
ceaf790b: posts big blind 5,000
*** HOLE CARDS ***
Dealt to 7f364a2 
Dealt to ba107fff 
Dealt to Hero [Kd 2s]
Dealt to ceaf790b 
Dealt to 3f0991cc 
Dealt to b6fa8035 
Dealt to 229fdc3f 
Dealt to 815888dc 
3f0991cc: folds
b6fa8035: folds
229fdc3f: folds
815888dc: folds
7f364a2: folds
ba107fff: raises 78,889 to 83,889 and is all-in
Hero: folds
ceaf790b: folds
Uncalled bet (78,889) returned to ba107fff
*** SHOWDOWN ***
ba107fff collected 18,500 from pot
*** SUMMARY ***
Total pot 18,500 | Rake 0 | Jackpot 0 | Bingo 0 | Fortune 0 | Tax 0
Seat 1: 7f364a2 folded before Flop
Seat 2: ba107fff (button) collected (18,500)
Seat 3: Hero (small blind) folded before Flop
Seat 4: ceaf790b (big blind) folded before Flop
Seat 5: 3f0991cc folded before Flop
Seat 6: b6fa8035 folded before Flop
Seat 7: 229fdc3f folded before Flop
Seat 8: 815888dc folded before Flop


Poker Hand #TM5532214399: Tournament #260317602, Bounty Hunters Mini Big Game $10.80 Hold'em No Limit - Level10(2,500/5,000(750)) - 2026/02/01 13:32:35
Table '156' 8-max Seat #1 is the button
Seat 1: 7f364a2 (537,869 in chips)
Seat 2: ba107fff (87,889 in chips)
Seat 3: Hero (105,285 in chips)
Seat 4: ceaf790b (446,210 in chips)
Seat 5: 3f0991cc (165,776 in chips)
Seat 6: b6fa8035 (569,415 in chips)
Seat 7: 229fdc3f (131,682 in chips)
Seat 8: 815888dc (377,726 in chips)
ba107fff: posts the ante 750
3f0991cc: posts the ante 750
Hero: posts the ante 750
7f364a2: posts the ante 750
b6fa8035: posts the ante 750
229fdc3f: posts the ante 750
ceaf790b: posts the ante 750
815888dc: posts the ante 750
ba107fff: posts small blind 2,500
Hero: posts big blind 5,000
*** HOLE CARDS ***
Dealt to 7f364a2 
Dealt to ba107fff 
Dealt to Hero [5d 2h]
Dealt to ceaf790b 
Dealt to 3f0991cc 
Dealt to b6fa8035 
Dealt to 229fdc3f 
Dealt to 815888dc 
ceaf790b: folds
3f0991cc: folds
b6fa8035: folds
229fdc3f: folds
815888dc: folds
7f364a2: folds
ba107fff: folds
Uncalled bet (2,500) returned to Hero
*** SHOWDOWN ***
Hero collected 11,000 from pot
*** SUMMARY ***
Total pot 11,000 | Rake 0 | Jackpot 0 | Bingo 0 | Fortune 0 | Tax 0
Seat 1: 7f364a2 (button) folded before Flop
Seat 2: ba107fff (small blind) folded before Flop
Seat 3: Hero (big blind) collected (11,000)
Seat 4: ceaf790b folded before Flop
Seat 5: 3f0991cc folded before Flop
Seat 6: b6fa8035 folded before Flop
Seat 7: 229fdc3f folded before Flop
Seat 8: 815888dc folded before Flop


Poker Hand #TM5532214386: Tournament #260317602, Bounty Hunters Mini Big Game $10.80 Hold'em No Limit - Level9(2,000/4,000(600)) - 2026/02/01 13:31:56
Table '156' 8-max Seat #8 is the button
Seat 1: 7f364a2 (540,469 in chips)
Seat 2: ba107fff (81,689 in chips)
Seat 3: Hero (105,885 in chips)
Seat 4: ceaf790b (446,810 in chips)
Seat 5: 3f0991cc (166,376 in chips)
Seat 6: b6fa8035 (570,015 in chips)
Seat 7: 229fdc3f (132,282 in chips)
Seat 8: 815888dc (378,326 in chips)
ba107fff: posts the ante 600
3f0991cc: posts the ante 600
Hero: posts the ante 600
7f364a2: posts the ante 600
b6fa8035: posts the ante 600
229fdc3f: posts the ante 600
ceaf790b: posts the ante 600
815888dc: posts the ante 600
7f364a2: posts small blind 2,000
ba107fff: posts big blind 4,000
*** HOLE CARDS ***
Dealt to 7f364a2 
Dealt to ba107fff 
Dealt to Hero [7c Kd]
Dealt to ceaf790b 
Dealt to 3f0991cc 
Dealt to b6fa8035 
Dealt to 229fdc3f 
Dealt to 815888dc 
Hero: folds
ceaf790b: folds
3f0991cc: folds
b6fa8035: folds
229fdc3f: folds
815888dc: folds
7f364a2: folds
Uncalled bet (2,000) returned to ba107fff
*** SHOWDOWN ***
ba107fff collected 8,800 from pot
*** SUMMARY ***
Total pot 8,800 | Rake 0 | Jackpot 0 | Bingo 0 | Fortune 0 | Tax 0
Seat 1: 7f364a2 (small blind) folded before Flop
Seat 2: ba107fff (big blind) collected (8,800)
Seat 3: Hero folded before Flop
Seat 4: ceaf790b folded before Flop
Seat 5: 3f0991cc folded before Flop
Seat 6: b6fa8035 folded before Flop
Seat 7: 229fdc3f folded before Flop
Seat 8: 815888dc (button) folded before Flop


Poker Hand #TM5532214368: Tournament #260317602, Bounty Hunters Mini Big Game $10.80 Hold'em No Limit - Level9(2,000/4,000(600)) - 2026/02/01 13:30:51
Table '156' 8-max Seat #7 is the button
Seat 1: 7f364a2 (549,069 in chips)
Seat 2: ba107fff (82,289 in chips)
Seat 3: Hero (106,485 in chips)
Seat 4: ceaf790b (447,410 in chips)
Seat 5: 3f0991cc (166,976 in chips)
Seat 6: b6fa8035 (555,815 in chips)
Seat 7: 229fdc3f (132,882 in chips)
Seat 8: 815888dc (380,926 in chips)
ba107fff: posts the ante 600
3f0991cc: posts the ante 600
Hero: posts the ante 600
7f364a2: posts the ante 600
b6fa8035: posts the ante 600
229fdc3f: posts the ante 600
ceaf790b: posts the ante 600
815888dc: posts the ante 600
815888dc: posts small blind 2,000
7f364a2: posts big blind 4,000
*** HOLE CARDS ***
Dealt to 7f364a2 
Dealt to ba107fff 
Dealt to Hero [Tc 4s]
Dealt to ceaf790b 
Dealt to 3f0991cc 
Dealt to b6fa8035 
Dealt to 229fdc3f 
Dealt to 815888dc 
ba107fff: folds
Hero: folds
ceaf790b: folds
3f0991cc: folds
b6fa8035: raises 4,000 to 8,000
229fdc3f: folds
815888dc: folds
7f364a2: calls 4,000
*** FLOP *** [2c 6c Th]
7f364a2: checks
b6fa8035: bets 14,000
7f364a2: folds
Uncalled bet (14,000) returned to b6fa8035
*** SHOWDOWN ***
b6fa8035 collected 22,800 from pot
*** SUMMARY ***
Total pot 22,800 | Rake 0 | Jackpot 0 | Bingo 0 | Fortune 0 | Tax 0
Board [2c 6c Th]
Seat 1: 7f364a2 (big blind) folded on the Flop
Seat 2: ba107fff folded before Flop
Seat 3: Hero folded before Flop
Seat 4: ceaf790b folded before Flop
Seat 5: 3f0991cc folded before Flop
Seat 6: b6fa8035 won (22,800)
Seat 7: 229fdc3f (button) folded before Flop
Seat 8: 815888dc (small blind) folded before Flop


Poker Hand #TM5532214350: Tournament #260317602, Bounty Hunters Mini Big Game $10.80 Hold'em No Limit - Level9(2,000/4,000(600)) - 2026/02/01 13:29:40
Table '156' 8-max Seat #6 is the button
Seat 1: 7f364a2 (549,669 in chips)
Seat 2: ba107fff (82,889 in chips)
Seat 3: Hero (177,129 in chips)
Seat 4: ceaf790b (448,010 in chips)
Seat 5: 3f0991cc (167,576 in chips)
Seat 6: b6fa8035 (475,571 in chips)
Seat 7: 229fdc3f (135,482 in chips)
Seat 8: 815888dc (385,526 in chips)
ba107fff: posts the ante 600
3f0991cc: posts the ante 600
Hero: posts the ante 600
7f364a2: posts the ante 600
b6fa8035: posts the ante 600
ceaf790b: posts the ante 600
229fdc3f: posts the ante 600
815888dc: posts the ante 600
229fdc3f: posts small blind 2,000
815888dc: posts big blind 4,000
*** HOLE CARDS ***
Dealt to 7f364a2 
Dealt to ba107fff 
Dealt to Hero [Qd Kh]
Dealt to ceaf790b 
Dealt to 3f0991cc 
Dealt to b6fa8035 
Dealt to 229fdc3f 
Dealt to 815888dc 
7f364a2: folds
ba107fff: folds
Hero: raises 4,000 to 8,000
ceaf790b: folds
3f0991cc: folds
b6fa8035: calls 8,000
229fdc3f: folds
815888dc: folds
*** FLOP *** [7c 3d 2c]
Hero: checks
b6fa8035: bets 8,844
Hero: calls 8,844
*** TURN *** [7c 3d 2c] [6s]
Hero: checks
b6fa8035: bets 18,000
Hero: calls 18,000
*** RIVER *** [7c 3d 2c 6s] [3c]
Hero: checks
b6fa8035: bets 35,200
Hero: calls 35,200
b6fa8035: shows [3h Ah] (three of a kind, Threes)
Hero: shows [Qd Kh] (a pair of Threes)
*** SHOWDOWN ***
b6fa8035 collected 150,888 from pot
*** SUMMARY ***
Total pot 150,888 | Rake 0 | Jackpot 0 | Bingo 0 | Fortune 0 | Tax 0
Board [7c 3d 2c 6s 3c]
Seat 1: 7f364a2 folded before Flop
Seat 2: ba107fff folded before Flop
Seat 3: Hero showed [Qd Kh] and lost with a pair of Threes
Seat 4: ceaf790b folded before Flop
Seat 5: 3f0991cc folded before Flop
Seat 6: b6fa8035 (button) showed [3h Ah] and won (150,888) with three of a kind, Threes
Seat 7: 229fdc3f (small blind) folded before Flop
Seat 8: 815888dc (big blind) folded before Flop


Poker Hand #TM5532214331: Tournament #260317602, Bounty Hunters Mini Big Game $10.80 Hold'em No Limit - Level9(2,000/4,000(600)) - 2026/02/01 13:28:33
Table '156' 8-max Seat #5 is the button
Seat 1: 7f364a2 (550,269 in chips)
Seat 2: ba107fff (83,489 in chips)
Seat 3: Hero (177,729 in chips)
Seat 4: ceaf790b (468,114 in chips)
Seat 5: 3f0991cc (168,176 in chips)
Seat 6: b6fa8035 (447,867 in chips)
Seat 7: 229fdc3f (140,082 in chips)
Seat 8: 815888dc (386,126 in chips)
ba107fff: posts the ante 600
3f0991cc: posts the ante 600
Hero: posts the ante 600
7f364a2: posts the ante 600
b6fa8035: posts the ante 600
ceaf790b: posts the ante 600
229fdc3f: posts the ante 600
815888dc: posts the ante 600
b6fa8035: posts small blind 2,000
229fdc3f: posts big blind 4,000
*** HOLE CARDS ***
Dealt to 7f364a2 
Dealt to ba107fff 
Dealt to Hero [Jc 7s]
Dealt to ceaf790b 
Dealt to 3f0991cc 
Dealt to b6fa8035 
Dealt to 229fdc3f 
Dealt to 815888dc 
815888dc: folds
7f364a2: folds
ba107fff: folds
Hero: folds
ceaf790b: raises 6,000 to 10,000
3f0991cc: folds
b6fa8035: calls 8,000
229fdc3f: folds
*** FLOP *** [9h 3s 8s]
b6fa8035: checks
ceaf790b: checks
*** TURN *** [9h 3s 8s] [3d]
b6fa8035: bets 9,504
ceaf790b: calls 9,504
*** RIVER *** [9h 3s 8s 3d] [6s]
b6fa8035: checks
ceaf790b: checks
b6fa8035: shows [4d 4c] (two pair, Fours and Threes)
ceaf790b: shows [As 2c] (a pair of Threes)
*** SHOWDOWN ***
b6fa8035 collected 47,808 from pot
*** SUMMARY ***
Total pot 47,808 | Rake 0 | Jackpot 0 | Bingo 0 | Fortune 0 | Tax 0
Board [9h 3s 8s 3d 6s]
Seat 1: 7f364a2 folded before Flop
Seat 2: ba107fff folded before Flop
Seat 3: Hero folded before Flop
Seat 4: ceaf790b showed [As 2c] and lost with a pair of Threes
Seat 5: 3f0991cc (button) folded before Flop
Seat 6: b6fa8035 (small blind) showed [4d 4c] and won (47,808) with two pair, Fours and Threes
Seat 7: 229fdc3f (big blind) folded before Flop
Seat 8: 815888dc folded before Flop


Poker Hand #TM5532214318: Tournament #260317602, Bounty Hunters Mini Big Game $10.80 Hold'em No Limit - Level9(2,000/4,000(600)) - 2026/02/01 13:27:51
Table '156' 8-max Seat #4 is the button
Seat 1: 7f364a2 (550,869 in chips)
Seat 2: ba107fff (69,289 in chips)
Seat 3: Hero (178,329 in chips)
Seat 4: ceaf790b (468,714 in chips)
Seat 5: 3f0991cc (170,776 in chips)
Seat 6: b6fa8035 (456,467 in chips)
Seat 7: 229fdc3f (140,682 in chips)
Seat 8: 815888dc (386,726 in chips)
ba107fff: posts the ante 600
3f0991cc: posts the ante 600
Hero: posts the ante 600
7f364a2: posts the ante 600
b6fa8035: posts the ante 600
ceaf790b: posts the ante 600
229fdc3f: posts the ante 600
815888dc: posts the ante 600
3f0991cc: posts small blind 2,000
b6fa8035: posts big blind 4,000
*** HOLE CARDS ***
Dealt to 7f364a2 
Dealt to ba107fff 
Dealt to Hero [4d Jh]
Dealt to ceaf790b 
Dealt to 3f0991cc 
Dealt to b6fa8035 
Dealt to 229fdc3f 
Dealt to 815888dc 
229fdc3f: folds
815888dc: folds
7f364a2: folds
ba107fff: raises 4,000 to 8,000
Hero: folds
ceaf790b: folds
3f0991cc: folds
b6fa8035: calls 4,000
*** FLOP *** [Ts 4s 5h]
b6fa8035: checks
ba107fff: bets 60,689 and is all-in
b6fa8035: folds
Uncalled bet (60,689) returned to ba107fff
*** SHOWDOWN ***
ba107fff collected 22,800 from pot
*** SUMMARY ***
Total pot 22,800 | Rake 0 | Jackpot 0 | Bingo 0 | Fortune 0 | Tax 0
Board [Ts 4s 5h]
Seat 1: 7f364a2 folded before Flop
Seat 2: ba107fff won (22,800)
Seat 3: Hero folded before Flop
Seat 4: ceaf790b (button) folded before Flop
Seat 5: 3f0991cc (small blind) folded before Flop
Seat 6: b6fa8035 (big blind) folded on the Flop
Seat 7: 229fdc3f folded before Flop
Seat 8: 815888dc folded before Flop


Poker Hand #TM5532214303: Tournament #260317602, Bounty Hunters Mini Big Game $10.80 Hold'em No Limit - Level9(2,000/4,000(600)) - 2026/02/01 13:27:08
Table '156' 8-max Seat #3 is the button
Seat 1: 7f364a2 (551,469 in chips)
Seat 2: ba107fff (69,889 in chips)
Seat 3: Hero (178,929 in chips)
Seat 4: ceaf790b (454,514 in chips)
Seat 5: 3f0991cc (181,376 in chips)
Seat 6: b6fa8035 (457,067 in chips)
Seat 7: 229fdc3f (141,282 in chips)
Seat 8: 815888dc (387,326 in chips)
ba107fff: posts the ante 600
3f0991cc: posts the ante 600
Hero: posts the ante 600
7f364a2: posts the ante 600
b6fa8035: posts the ante 600
229fdc3f: posts the ante 600
ceaf790b: posts the ante 600
815888dc: posts the ante 600
ceaf790b: posts small blind 2,000
3f0991cc: posts big blind 4,000
*** HOLE CARDS ***
Dealt to 7f364a2 
Dealt to ba107fff 
Dealt to Hero [6s 9h]
Dealt to ceaf790b 
Dealt to 3f0991cc 
Dealt to b6fa8035 
Dealt to 229fdc3f 
Dealt to 815888dc 
b6fa8035: folds
229fdc3f: folds
815888dc: folds
7f364a2: folds
ba107fff: folds
Hero: folds
ceaf790b: raises 6,000 to 10,000
3f0991cc: calls 6,000
*** FLOP *** [3s Ac 6h]
ceaf790b: bets 8,184
3f0991cc: folds
Uncalled bet (8,184) returned to ceaf790b
*** SHOWDOWN ***
ceaf790b collected 24,800 from pot
*** SUMMARY ***
Total pot 24,800 | Rake 0 | Jackpot 0 | Bingo 0 | Fortune 0 | Tax 0
Board [3s Ac 6h]
Seat 1: 7f364a2 folded before Flop
Seat 2: ba107fff folded before Flop
Seat 3: Hero (button) folded before Flop
Seat 4: ceaf790b (small blind) won (24,800)
Seat 5: 3f0991cc (big blind) folded on the Flop
Seat 6: b6fa8035 folded before Flop
Seat 7: 229fdc3f folded before Flop
Seat 8: 815888dc folded before Flop


Poker Hand #TM5532214285: Tournament #260317602, Bounty Hunters Mini Big Game $10.80 Hold'em No Limit - Level9(2,000/4,000(600)) - 2026/02/01 13:25:56
Table '156' 8-max Seat #2 is the button
Seat 1: 7f364a2 (552,069 in chips)
Seat 2: ba107fff (70,489 in chips)
Seat 3: Hero (181,529 in chips)
Seat 4: ceaf790b (477,335 in chips)
Seat 5: 3f0991cc (152,955 in chips)
Seat 6: b6fa8035 (457,667 in chips)
Seat 7: 229fdc3f (141,882 in chips)
Seat 8: 815888dc (387,926 in chips)
ba107fff: posts the ante 600
3f0991cc: posts the ante 600
Hero: posts the ante 600
7f364a2: posts the ante 600
b6fa8035: posts the ante 600
229fdc3f: posts the ante 600
ceaf790b: posts the ante 600
815888dc: posts the ante 600
Hero: posts small blind 2,000
ceaf790b: posts big blind 4,000
*** HOLE CARDS ***
Dealt to 7f364a2 
Dealt to ba107fff 
Dealt to Hero [Qs Th]
Dealt to ceaf790b 
Dealt to 3f0991cc 
Dealt to b6fa8035 
Dealt to 229fdc3f 
Dealt to 815888dc 
3f0991cc: raises 4,800 to 8,800
b6fa8035: folds
229fdc3f: folds
815888dc: folds
7f364a2: folds
ba107fff: folds
Hero: folds
ceaf790b: calls 4,800
*** FLOP *** [8c 5d 7s]
ceaf790b: checks
3f0991cc: checks
*** TURN *** [8c 5d 7s] [7d]
ceaf790b: bets 13,421
3f0991cc: calls 13,421
*** RIVER *** [8c 5d 7s 7d] [Kd]
ceaf790b: checks
3f0991cc: checks
ceaf790b: shows [2c 2s] (two pair, Sevens and Twos)
3f0991cc: shows [4c Ks] (two pair, Kings and Sevens)
*** SHOWDOWN ***
3f0991cc collected 51,242 from pot
*** SUMMARY ***
Total pot 51,242 | Rake 0 | Jackpot 0 | Bingo 0 | Fortune 0 | Tax 0
Board [8c 5d 7s 7d Kd]
Seat 1: 7f364a2 folded before Flop
Seat 2: ba107fff (button) folded before Flop
Seat 3: Hero (small blind) folded before Flop
Seat 4: ceaf790b (big blind) showed [2c 2s] and lost with two pair, Sevens and Twos
Seat 5: 3f0991cc showed [4c Ks] and won (51,242) with two pair, Kings and Sevens
Seat 6: b6fa8035 folded before Flop
Seat 7: 229fdc3f folded before Flop
Seat 8: 815888dc folded before Flop


Poker Hand #TM5532214274: Tournament #260317602, Bounty Hunters Mini Big Game $10.80 Hold'em No Limit - Level9(2,000/4,000(600)) - 2026/02/01 13:25:31
Table '156' 8-max Seat #1 is the button
Seat 1: 7f364a2 (541,869 in chips)
Seat 2: ba107fff (73,089 in chips)
Seat 3: Hero (186,129 in chips)
Seat 4: ceaf790b (477,935 in chips)
Seat 5: 3f0991cc (153,555 in chips)
Seat 6: b6fa8035 (458,267 in chips)
Seat 7: 229fdc3f (142,482 in chips)
Seat 8: 815888dc (388,526 in chips)
ba107fff: posts the ante 600
3f0991cc: posts the ante 600
Hero: posts the ante 600
7f364a2: posts the ante 600
b6fa8035: posts the ante 600
229fdc3f: posts the ante 600
ceaf790b: posts the ante 600
815888dc: posts the ante 600
ba107fff: posts small blind 2,000
Hero: posts big blind 4,000
*** HOLE CARDS ***
Dealt to 7f364a2 
Dealt to ba107fff 
Dealt to Hero [Jd 3c]
Dealt to ceaf790b 
Dealt to 3f0991cc 
Dealt to b6fa8035 
Dealt to 229fdc3f 
Dealt to 815888dc 
ceaf790b: folds
3f0991cc: folds
b6fa8035: folds
229fdc3f: folds
815888dc: folds
7f364a2: raises 537,269 to 541,269 and is all-in
ba107fff: folds
Hero: folds
Uncalled bet (537,269) returned to 7f364a2
*** SHOWDOWN ***
7f364a2 collected 14,800 from pot
*** SUMMARY ***
Total pot 14,800 | Rake 0 | Jackpot 0 | Bingo 0 | Fortune 0 | Tax 0
Seat 1: 7f364a2 (button) collected (14,800)
Seat 2: ba107fff (small blind) folded before Flop
Seat 3: Hero (big blind) folded before Flop
Seat 4: ceaf790b folded before Flop
Seat 5: 3f0991cc folded before Flop
Seat 6: b6fa8035 folded before Flop
Seat 7: 229fdc3f folded before Flop
Seat 8: 815888dc folded before Flop


Poker Hand #TM5532214262: Tournament #260317602, Bounty Hunters Mini Big Game $10.80 Hold'em No Limit - Level9(2,000/4,000(600)) - 2026/02/01 13:24:51
Table '156' 8-max Seat #7 is the button
Seat 1: 7f364a2 (512,963 in chips)
Seat 2: ba107fff (81,689 in chips)
Seat 3: Hero (204,035 in chips)
Seat 4: ceaf790b (478,535 in chips)
Seat 5: 3f0991cc (154,155 in chips)
Seat 6: b6fa8035 (458,867 in chips)
Seat 7: 229fdc3f (143,082 in chips)
ba107fff: posts the ante 600
3f0991cc: posts the ante 600
Hero: posts the ante 600
7f364a2: posts the ante 600
b6fa8035: posts the ante 600
229fdc3f: posts the ante 600
ceaf790b: posts the ante 600
7f364a2: posts small blind 2,000
ba107fff: posts big blind 4,000
*** HOLE CARDS ***
Dealt to 7f364a2 
Dealt to ba107fff 
Dealt to Hero [Jh Qh]
Dealt to ceaf790b 
Dealt to 3f0991cc 
Dealt to b6fa8035 
Dealt to 229fdc3f 
Hero: raises 4,000 to 8,000
ceaf790b: folds
3f0991cc: folds
b6fa8035: folds
229fdc3f: folds
7f364a2: calls 6,000
ba107fff: calls 4,000
*** FLOP *** [4c 4d 9c]
7f364a2: checks
ba107fff: checks
Hero: checks
*** TURN *** [4c 4d 9c] [Ad]
7f364a2: bets 9,306
ba107fff: folds
Hero: calls 9,306
*** RIVER *** [4c 4d 9c Ad] [7s]
7f364a2: bets 15,448
Hero: folds
Uncalled bet (15,448) returned to 7f364a2
*** SHOWDOWN ***
7f364a2 collected 46,812 from pot
*** SUMMARY ***
Total pot 46,812 | Rake 0 | Jackpot 0 | Bingo 0 | Fortune 0 | Tax 0
Board [4c 4d 9c Ad 7s]
Seat 1: 7f364a2 (small blind) won (46,812)
Seat 2: ba107fff (big blind) folded on the Turn
Seat 3: Hero folded on the River
Seat 4: ceaf790b folded before Flop
Seat 5: 3f0991cc folded before Flop
Seat 6: b6fa8035 folded before Flop
Seat 7: 229fdc3f (button) folded before Flop


Poker Hand #TM5532214251: Tournament #260317602, Bounty Hunters Mini Big Game $10.80 Hold'em No Limit - Level9(2,000/4,000(600)) - 2026/02/01 13:24:17
Table '156' 8-max Seat #6 is the button
Seat 1: 7f364a2 (521,563 in chips)
Seat 2: ba107fff (82,289 in chips)
Seat 3: Hero (190,435 in chips)
Seat 4: ceaf790b (479,135 in chips)
Seat 5: 3f0991cc (154,755 in chips)
Seat 6: b6fa8035 (459,467 in chips)
Seat 7: 229fdc3f (145,682 in chips)
ba107fff: posts the ante 600
3f0991cc: posts the ante 600
Hero: posts the ante 600
7f364a2: posts the ante 600
b6fa8035: posts the ante 600
ceaf790b: posts the ante 600
229fdc3f: posts the ante 600
229fdc3f: posts small blind 2,000
7f364a2: posts big blind 4,000
*** HOLE CARDS ***
Dealt to 7f364a2 
Dealt to ba107fff 
Dealt to Hero [8c 8d]
Dealt to ceaf790b 
Dealt to 3f0991cc 
Dealt to b6fa8035 
Dealt to 229fdc3f 
ba107fff: folds
Hero: raises 4,000 to 8,000
ceaf790b: folds
3f0991cc: folds
b6fa8035: folds
229fdc3f: folds
7f364a2: calls 4,000
*** FLOP *** [Ah 7h 9c]
7f364a2: checks
Hero: bets 7,326
7f364a2: folds
Uncalled bet (7,326) returned to Hero
*** SHOWDOWN ***
Hero collected 22,200 from pot
*** SUMMARY ***
Total pot 22,200 | Rake 0 | Jackpot 0 | Bingo 0 | Fortune 0 | Tax 0
Board [Ah 7h 9c]
Seat 1: 7f364a2 (big blind) folded on the Flop
Seat 2: ba107fff folded before Flop
Seat 3: Hero won (22,200)
Seat 4: ceaf790b folded before Flop
Seat 5: 3f0991cc folded before Flop
Seat 6: b6fa8035 (button) folded before Flop
Seat 7: 229fdc3f (small blind) folded before Flop


Poker Hand #TM5532214243: Tournament #260317602, Bounty Hunters Mini Big Game $10.80 Hold'em No Limit - Level9(2,000/4,000(600)) - 2026/02/01 13:23:57
Table '156' 8-max Seat #5 is the button
Seat 1: 7f364a2 (522,163 in chips)
Seat 2: ba107fff (72,689 in chips)
Seat 3: Hero (191,035 in chips)
Seat 4: ceaf790b (479,735 in chips)
Seat 5: 3f0991cc (155,355 in chips)
Seat 6: b6fa8035 (462,067 in chips)
Seat 7: 229fdc3f (150,282 in chips)
ba107fff: posts the ante 600
3f0991cc: posts the ante 600
Hero: posts the ante 600
7f364a2: posts the ante 600
b6fa8035: posts the ante 600
ceaf790b: posts the ante 600
229fdc3f: posts the ante 600
b6fa8035: posts small blind 2,000
229fdc3f: posts big blind 4,000
*** HOLE CARDS ***
Dealt to 7f364a2 
Dealt to ba107fff 
Dealt to Hero [4d Ks]
Dealt to ceaf790b 
Dealt to 3f0991cc 
Dealt to b6fa8035 
Dealt to 229fdc3f 
7f364a2: folds
ba107fff: raises 68,089 to 72,089 and is all-in
Hero: folds
ceaf790b: folds
3f0991cc: folds
b6fa8035: folds
229fdc3f: folds
Uncalled bet (68,089) returned to ba107fff
*** SHOWDOWN ***
ba107fff collected 14,200 from pot
*** SUMMARY ***
Total pot 14,200 | Rake 0 | Jackpot 0 | Bingo 0 | Fortune 0 | Tax 0
Seat 1: 7f364a2 folded before Flop
Seat 2: ba107fff collected (14,200)
Seat 3: Hero folded before Flop
Seat 4: ceaf790b folded before Flop
Seat 5: 3f0991cc (button) folded before Flop
Seat 6: b6fa8035 (small blind) folded before Flop
Seat 7: 229fdc3f (big blind) folded before Flop


Poker Hand #TM5532214223: Tournament #260317602, Bounty Hunters Mini Big Game $10.80 Hold'em No Limit - Level9(2,000/4,000(600)) - 2026/02/01 13:23:02
Table '156' 8-max Seat #4 is the button
Seat 1: 7f364a2 (534,763 in chips)
Seat 2: ba107fff (73,289 in chips)
Seat 3: Hero (100,000 in chips)
Seat 4: ceaf790b (480,335 in chips)
Seat 5: 3f0991cc (157,955 in chips)
Seat 6: b6fa8035 (466,667 in chips)
Seat 7: 229fdc3f (150,882 in chips)
Seat 8: 3e3aedb0 (69,435 in chips)
3e3aedb0: posts the ante 600
ba107fff: posts the ante 600
3f0991cc: posts the ante 600
Hero: posts the ante 600
7f364a2: posts the ante 600
b6fa8035: posts the ante 600
ceaf790b: posts the ante 600
229fdc3f: posts the ante 600
3f0991cc: posts small blind 2,000
b6fa8035: posts big blind 4,000
*** HOLE CARDS ***
Dealt to 7f364a2 
Dealt to ba107fff 
Dealt to Hero [Kc Ks]
Dealt to ceaf790b 
Dealt to 3f0991cc 
Dealt to b6fa8035 
Dealt to 229fdc3f 
Dealt to 3e3aedb0 
229fdc3f: folds
3e3aedb0: raises 8,000 to 12,000
7f364a2: calls 12,000
ba107fff: folds
Hero: raises 87,400 to 99,400 and is all-in
ceaf790b: folds
3f0991cc: folds
b6fa8035: folds
3e3aedb0: calls 56,835 and is all-in
7f364a2: folds
Uncalled bet (30,565) returned to Hero
Hero: shows [Kc Ks]
3e3aedb0: shows [Jc Js]
*** FLOP *** [Qd 9h 6d]
*** TURN *** [Qd 9h 6d] [2d]
*** RIVER *** [Qd 9h 6d 2d] [7d]
*** SHOWDOWN ***
Hero collected 160,470 from pot
*** SUMMARY ***
Total pot 160,470 | Rake 0 | Jackpot 0 | Bingo 0 | Fortune 0 | Tax 0
Board [Qd 9h 6d 2d 7d]
Seat 1: 7f364a2 folded before Flop
Seat 2: ba107fff folded before Flop
Seat 3: Hero showed [Kc Ks] and won (160,470) with a pair of Kings
Seat 4: ceaf790b (button) folded before Flop
Seat 5: 3f0991cc (small blind) folded before Flop
Seat 6: b6fa8035 (big blind) folded before Flop
Seat 7: 229fdc3f folded before Flop
Seat 8: 3e3aedb0 showed [Jc Js] and lost with a pair of Jacks


