Poker Hand #TM5582344414: Tournament #262415018, APL Series: ¥110 Zodiac Bounty + Rat Hold'em No Limit - Level6(125/250(30)) - 2026/02/13 16:26:46
Table '53' 8-max Seat #5 is the button
Seat 1: Hero (2,075 in chips)
Seat 2: 5773c9e5 (12,679 in chips)
Seat 3: 47527985 (12,044 in chips)
Seat 4: da3ef542 (10,863 in chips)
Seat 5: 9392913d (17,623 in chips)
Seat 6: b422f495 (11,346 in chips)
Seat 7: 864afaca (26,412 in chips)
Seat 8: 463aeeeb (21,332 in chips)
Hero: posts the ante 30
47527985: posts the ante 30
5773c9e5: posts the ante 30
864afaca: posts the ante 30
9392913d: posts the ante 30
da3ef542: posts the ante 30
463aeeeb: posts the ante 30
b422f495: posts the ante 30
b422f495: posts small blind 125
864afaca: posts big blind 250
*** HOLE CARDS ***
Dealt to Hero [7d As]
Dealt to 5773c9e5 
Dealt to 47527985 
Dealt to da3ef542 
Dealt to 9392913d 
Dealt to b422f495 
Dealt to 864afaca 
Dealt to 463aeeeb 
463aeeeb: raises 250 to 500
Hero: raises 1,545 to 2,045 and is all-in
5773c9e5: folds
47527985: folds
da3ef542: folds
9392913d: folds
b422f495: folds
864afaca: folds
463aeeeb: calls 1,545
Hero: shows [7d As]
463aeeeb: shows [Kh 7h]
*** FLOP *** [Ks Js Jd]
*** TURN *** [Ks Js Jd] [Td]
*** RIVER *** [Ks Js Jd Td] [8c]
*** SHOWDOWN ***
463aeeeb collected 4,705 from pot
*** SUMMARY ***
Total pot 4,705 | Rake 0 | Jackpot 0 | Bingo 0 | Fortune 0 | Tax 0
Board [Ks Js Jd Td 8c]
Seat 1: Hero showed [7d As] and lost with a pair of Jacks
Seat 2: 5773c9e5 folded before Flop
Seat 3: 47527985 folded before Flop
Seat 4: da3ef542 folded before Flop
Seat 5: 9392913d (button) folded before Flop
Seat 6: b422f495 (small blind) folded before Flop
Seat 7: 864afaca (big blind) folded before Flop
Seat 8: 463aeeeb showed [Kh 7h] and won (4,705) with two pair, Kings and Jacks


Poker Hand #TM5582344408: Tournament #262415018, APL Series: ¥110 Zodiac Bounty + Rat Hold'em No Limit - Level5(100/200(25)) - 2026/02/13 16:26:11
Table '53' 8-max Seat #4 is the button
Seat 1: Hero (2,100 in chips)
Seat 2: 5773c9e5 (13,124 in chips)
Seat 3: 47527985 (11,149 in chips)
Seat 4: da3ef542 (10,888 in chips)
Seat 5: 9392913d (17,748 in chips)
Seat 6: b422f495 (11,571 in chips)
Seat 7: 864afaca (26,437 in chips)
Seat 8: 463aeeeb (21,357 in chips)
Hero: posts the ante 25
47527985: posts the ante 25
5773c9e5: posts the ante 25
864afaca: posts the ante 25
9392913d: posts the ante 25
da3ef542: posts the ante 25
463aeeeb: posts the ante 25
b422f495: posts the ante 25
9392913d: posts small blind 100
b422f495: posts big blind 200
*** HOLE CARDS ***
Dealt to Hero [8h 4c]
Dealt to 5773c9e5 
Dealt to 47527985 
Dealt to da3ef542 
Dealt to 9392913d 
Dealt to b422f495 
Dealt to 864afaca 
Dealt to 463aeeeb 
864afaca: folds
463aeeeb: folds
Hero: folds
5773c9e5: raises 220 to 420
47527985: raises 1,180 to 1,600
da3ef542: folds
9392913d: folds
b422f495: folds
5773c9e5: folds
Uncalled bet (1,180) returned to 47527985
*** SHOWDOWN ***
47527985 collected 1,340 from pot
*** SUMMARY ***
Total pot 1,340 | Rake 0 | Jackpot 0 | Bingo 0 | Fortune 0 | Tax 0
Seat 1: Hero folded before Flop
Seat 2: 5773c9e5 folded before Flop
Seat 3: 47527985 collected (1,340)
Seat 4: da3ef542 (button) folded before Flop
Seat 5: 9392913d (small blind) folded before Flop
Seat 6: b422f495 (big blind) folded before Flop
Seat 7: 864afaca folded before Flop
Seat 8: 463aeeeb folded before Flop


Poker Hand #TM5582344406: Tournament #262415018, APL Series: ¥110 Zodiac Bounty + Rat Hold'em No Limit - Level5(100/200(25)) - 2026/02/13 16:25:40
Table '53' 8-max Seat #3 is the button
Seat 1: Hero (2,125 in chips)
Seat 2: 5773c9e5 (13,149 in chips)
Seat 3: 47527985 (10,274 in chips)
Seat 4: da3ef542 (11,013 in chips)
Seat 5: 9392913d (17,973 in chips)
Seat 6: b422f495 (11,596 in chips)
Seat 7: 864afaca (26,462 in chips)
Seat 8: 463aeeeb (21,782 in chips)
Hero: posts the ante 25
47527985: posts the ante 25
5773c9e5: posts the ante 25
864afaca: posts the ante 25
9392913d: posts the ante 25
da3ef542: posts the ante 25
463aeeeb: posts the ante 25
b422f495: posts the ante 25
da3ef542: posts small blind 100
9392913d: posts big blind 200
*** HOLE CARDS ***
Dealt to Hero [4c Kh]
Dealt to 5773c9e5 
Dealt to 47527985 
Dealt to da3ef542 
Dealt to 9392913d 
Dealt to b422f495 
Dealt to 864afaca 
Dealt to 463aeeeb 
b422f495: folds
864afaca: folds
463aeeeb: raises 200 to 400
Hero: folds
5773c9e5: folds
47527985: raises 800 to 1,200
da3ef542: folds
9392913d: folds
463aeeeb: folds
Uncalled bet (800) returned to 47527985
*** SHOWDOWN ***
47527985 collected 1,300 from pot
*** SUMMARY ***
Total pot 1,300 | Rake 0 | Jackpot 0 | Bingo 0 | Fortune 0 | Tax 0
Seat 1: Hero folded before Flop
Seat 2: 5773c9e5 folded before Flop
Seat 3: 47527985 (button) collected (1,300)
Seat 4: da3ef542 (small blind) folded before Flop
Seat 5: 9392913d (big blind) folded before Flop
Seat 6: b422f495 folded before Flop
Seat 7: 864afaca folded before Flop
Seat 8: 463aeeeb folded before Flop


Poker Hand #TM5582065889: Tournament #262415018, APL Series: ¥110 Zodiac Bounty + Rat Hold'em No Limit - Level5(100/200(25)) - 2026/02/13 16:23:39
Table '15' 8-max Seat #7 is the button
Seat 1: Hero (8,702 in chips)
Seat 2: faa10865 (26,064 in chips)
Seat 3: 41583310 (6,577 in chips)
Seat 4: 87d6fc20 (23,874 in chips)
Seat 5: e495a1ab (5,749 in chips)
Seat 6: 5a6ec92f (547 in chips)
Seat 7: 63ea0549 (22,748 in chips)
Seat 8: ddff8414 (6,526 in chips)
5a6ec92f: posts the ante 25
63ea0549: posts the ante 25
41583310: posts the ante 25
Hero: posts the ante 25
ddff8414: posts the ante 25
87d6fc20: posts the ante 25
faa10865: posts the ante 25
e495a1ab: posts the ante 25
ddff8414: posts small blind 100
Hero: posts big blind 200
*** HOLE CARDS ***
Dealt to Hero [6c Ac]
Dealt to faa10865 
Dealt to 41583310 
Dealt to 87d6fc20 
Dealt to e495a1ab 
Dealt to 5a6ec92f 
Dealt to 63ea0549 
Dealt to ddff8414 
faa10865: raises 200 to 400
41583310: calls 400
87d6fc20: calls 400
e495a1ab: calls 400
5a6ec92f: raises 122 to 522 and is all-in
63ea0549: calls 522
ddff8414: folds
Hero: raises 8,155 to 8,677 and is all-in
faa10865: folds
41583310: calls 6,152 and is all-in
87d6fc20: folds
e495a1ab: calls 5,324 and is all-in
63ea0549: folds
Uncalled bet (2,125) returned to Hero
Hero: shows [6c Ac]
41583310: shows [Qh Qc]
e495a1ab: shows [4c 4d]
5a6ec92f: shows [3s 7c]
*** FLOP *** [Kh 5h As]
*** TURN *** [Kh 5h As] [Qs]
*** RIVER *** [Kh 5h As Qs] [7h]
faa10865: shows [Tc Js] (a straight, Ace to Ten)
*** SHOWDOWN ***
41583310 collected 3,710 from pot
41583310 collected 15,606 from pot
41583310 collected 1,656 from pot
*** SUMMARY ***
Total pot 20,972 | Rake 0 | Jackpot 0 | Bingo 0 | Fortune 0 | Tax 0
Board [Kh 5h As Qs 7h]
Seat 1: Hero (big blind) showed [6c Ac] and lost with a pair of Aces
Seat 2: faa10865 folded before Flop
Seat 3: 41583310 showed [Qh Qc] and won (20,972) with three of a kind, Queens
Seat 4: 87d6fc20 folded before Flop
Seat 5: e495a1ab showed [4c 4d] and lost with a pair of Fours
Seat 6: 5a6ec92f showed [3s 7c] and lost with a pair of Sevens
Seat 7: 63ea0549 (button) folded before Flop
Seat 8: ddff8414 (small blind) folded before Flop


Poker Hand #TM5582065883: Tournament #262415018, APL Series: ¥110 Zodiac Bounty + Rat Hold'em No Limit - Level5(100/200(25)) - 2026/02/13 16:22:17
Table '15' 8-max Seat #6 is the button
Seat 1: Hero (8,727 in chips)
Seat 2: faa10865 (12,807 in chips)
Seat 3: 41583310 (6,602 in chips)
Seat 4: 87d6fc20 (23,899 in chips)
Seat 5: e495a1ab (5,774 in chips)
Seat 6: 5a6ec92f (13,354 in chips)
Seat 7: 63ea0549 (22,873 in chips)
Seat 8: ddff8414 (6,751 in chips)
5a6ec92f: posts the ante 25
63ea0549: posts the ante 25
41583310: posts the ante 25
Hero: posts the ante 25
ddff8414: posts the ante 25
87d6fc20: posts the ante 25
faa10865: posts the ante 25
e495a1ab: posts the ante 25
63ea0549: posts small blind 100
ddff8414: posts big blind 200
*** HOLE CARDS ***
Dealt to Hero [Qs 7d]
Dealt to faa10865 
Dealt to 41583310 
Dealt to 87d6fc20 
Dealt to e495a1ab 
Dealt to 5a6ec92f 
Dealt to 63ea0549 
Dealt to ddff8414 
Hero: folds
faa10865: raises 220 to 420
41583310: folds
87d6fc20: folds
e495a1ab: folds
5a6ec92f: raises 980 to 1,400
63ea0549: folds
ddff8414: folds
faa10865: raises 2,800 to 4,200
5a6ec92f: raises 9,129 to 13,329 and is all-in
faa10865: calls 8,582 and is all-in
Uncalled bet (547) returned to 5a6ec92f
5a6ec92f: shows [Qh Qc]
faa10865: shows [Kc Kh]
*** FLOP *** [3d 9h As]
*** TURN *** [3d 9h As] [9c]
*** RIVER *** [3d 9h As 9c] [Th]
*** SHOWDOWN ***
faa10865 collected 26,064 from pot
*** SUMMARY ***
Total pot 26,064 | Rake 0 | Jackpot 0 | Bingo 0 | Fortune 0 | Tax 0
Board [3d 9h As 9c Th]
Seat 1: Hero folded before Flop
Seat 2: faa10865 showed [Kc Kh] and won (26,064) with two pair, Kings and Nines
Seat 3: 41583310 folded before Flop
Seat 4: 87d6fc20 folded before Flop
Seat 5: e495a1ab folded before Flop
Seat 6: 5a6ec92f (button) showed [Qh Qc] and lost with two pair, Queens and Nines
Seat 7: 63ea0549 (small blind) folded before Flop
Seat 8: ddff8414 (big blind) folded before Flop


Poker Hand #TM5582065875: Tournament #262415018, APL Series: ¥110 Zodiac Bounty + Rat Hold'em No Limit - Level5(100/200(25)) - 2026/02/13 16:21:01
Table '15' 8-max Seat #5 is the button
Seat 1: Hero (8,752 in chips)
Seat 2: faa10865 (10,527 in chips)
Seat 3: 41583310 (6,627 in chips)
Seat 4: 87d6fc20 (25,729 in chips)
Seat 5: e495a1ab (5,799 in chips)
Seat 6: 5a6ec92f (13,479 in chips)
Seat 7: 63ea0549 (23,098 in chips)
Seat 8: ddff8414 (6,776 in chips)
5a6ec92f: posts the ante 25
63ea0549: posts the ante 25
41583310: posts the ante 25
Hero: posts the ante 25
ddff8414: posts the ante 25
87d6fc20: posts the ante 25
faa10865: posts the ante 25
e495a1ab: posts the ante 25
5a6ec92f: posts small blind 100
63ea0549: posts big blind 200
*** HOLE CARDS ***
Dealt to Hero [7s Jh]
Dealt to faa10865 
Dealt to 41583310 
Dealt to 87d6fc20 
Dealt to e495a1ab 
Dealt to 5a6ec92f 
Dealt to 63ea0549 
Dealt to ddff8414 
ddff8414: folds
Hero: folds
faa10865: raises 220 to 420
41583310: folds
87d6fc20: calls 420
e495a1ab: folds
5a6ec92f: folds
63ea0549: folds
*** FLOP *** [As 7c 5c]
faa10865: bets 335
87d6fc20: calls 335
*** TURN *** [As 7c 5c] [9d]
faa10865: bets 1,050
87d6fc20: calls 1,050
*** RIVER *** [As 7c 5c 9d] [Jd]
faa10865: checks
87d6fc20: checks
faa10865: shows [5h 4h] (a pair of Fives)
87d6fc20: shows [Kc 8c] (Ace high)
*** SHOWDOWN ***
faa10865 collected 4,110 from pot
*** SUMMARY ***
Total pot 4,110 | Rake 0 | Jackpot 0 | Bingo 0 | Fortune 0 | Tax 0
Board [As 7c 5c 9d Jd]
Seat 1: Hero folded before Flop
Seat 2: faa10865 showed [5h 4h] and won (4,110) with a pair of Fives
Seat 3: 41583310 folded before Flop
Seat 4: 87d6fc20 showed [Kc 8c] and lost with Ace high
Seat 5: e495a1ab (button) folded before Flop
Seat 6: 5a6ec92f (small blind) folded before Flop
Seat 7: 63ea0549 (big blind) folded before Flop
Seat 8: ddff8414 folded before Flop


Poker Hand #TM5582065866: Tournament #262415018, APL Series: ¥110 Zodiac Bounty + Rat Hold'em No Limit - Level5(100/200(25)) - 2026/02/13 16:19:33
Table '15' 8-max Seat #4 is the button
Seat 1: Hero (8,777 in chips)
Seat 2: faa10865 (10,552 in chips)
Seat 3: 41583310 (6,652 in chips)
Seat 4: 87d6fc20 (26,154 in chips)
Seat 5: e495a1ab (6,818 in chips)
Seat 6: 5a6ec92f (10,916 in chips)
Seat 7: 63ea0549 (24,117 in chips)
Seat 8: ddff8414 (6,801 in chips)
5a6ec92f: posts the ante 25
63ea0549: posts the ante 25
41583310: posts the ante 25
Hero: posts the ante 25
ddff8414: posts the ante 25
87d6fc20: posts the ante 25
faa10865: posts the ante 25
e495a1ab: posts the ante 25
e495a1ab: posts small blind 100
5a6ec92f: posts big blind 200
*** HOLE CARDS ***
Dealt to Hero [Kh 4c]
Dealt to faa10865 
Dealt to 41583310 
Dealt to 87d6fc20 
Dealt to e495a1ab 
Dealt to 5a6ec92f 
Dealt to 63ea0549 
Dealt to ddff8414 
63ea0549: raises 200 to 400
ddff8414: folds
Hero: folds
faa10865: folds
41583310: folds
87d6fc20: calls 400
e495a1ab: calls 300
5a6ec92f: calls 200
*** FLOP *** [3h Qc 4h]
e495a1ab: checks
5a6ec92f: checks
63ea0549: bets 594
87d6fc20: folds
e495a1ab: calls 594
5a6ec92f: raises 2,186 to 2,780
63ea0549: folds
e495a1ab: folds
Uncalled bet (2,186) returned to 5a6ec92f
*** SHOWDOWN ***
5a6ec92f collected 3,582 from pot
*** SUMMARY ***
Total pot 3,582 | Rake 0 | Jackpot 0 | Bingo 0 | Fortune 0 | Tax 0
Board [3h Qc 4h]
Seat 1: Hero folded before Flop
Seat 2: faa10865 folded before Flop
Seat 3: 41583310 folded before Flop
Seat 4: 87d6fc20 (button) folded on the Flop
Seat 5: e495a1ab (small blind) folded on the Flop
Seat 6: 5a6ec92f (big blind) won (3,582)
Seat 7: 63ea0549 folded on the Flop
Seat 8: ddff8414 folded before Flop


Poker Hand #TM5582065861: Tournament #262415018, APL Series: ¥110 Zodiac Bounty + Rat Hold'em No Limit - Level5(100/200(25)) - 2026/02/13 16:18:53
Table '15' 8-max Seat #3 is the button
Seat 1: Hero (8,802 in chips)
Seat 2: faa10865 (9,537 in chips)
Seat 3: 41583310 (6,677 in chips)
Seat 4: 87d6fc20 (26,599 in chips)
Seat 5: e495a1ab (7,263 in chips)
Seat 6: 5a6ec92f (10,941 in chips)
Seat 7: 63ea0549 (24,142 in chips)
Seat 8: ddff8414 (6,826 in chips)
5a6ec92f: posts the ante 25
63ea0549: posts the ante 25
41583310: posts the ante 25
Hero: posts the ante 25
ddff8414: posts the ante 25
87d6fc20: posts the ante 25
faa10865: posts the ante 25
e495a1ab: posts the ante 25
87d6fc20: posts small blind 100
e495a1ab: posts big blind 200
*** HOLE CARDS ***
Dealt to Hero [4s 6h]
Dealt to faa10865 
Dealt to 41583310 
Dealt to 87d6fc20 
Dealt to e495a1ab 
Dealt to 5a6ec92f 
Dealt to 63ea0549 
Dealt to ddff8414 
5a6ec92f: folds
63ea0549: folds
ddff8414: folds
Hero: folds
faa10865: raises 220 to 420
41583310: folds
87d6fc20: calls 320
e495a1ab: calls 220
*** FLOP *** [Jc 2s As]
87d6fc20: checks
e495a1ab: checks
faa10865: bets 400
87d6fc20: folds
e495a1ab: folds
Uncalled bet (400) returned to faa10865
*** SHOWDOWN ***
faa10865 collected 1,460 from pot
*** SUMMARY ***
Total pot 1,460 | Rake 0 | Jackpot 0 | Bingo 0 | Fortune 0 | Tax 0
Board [Jc 2s As]
Seat 1: Hero folded before Flop
Seat 2: faa10865 won (1,460)
Seat 3: 41583310 (button) folded before Flop
Seat 4: 87d6fc20 (small blind) folded on the Flop
Seat 5: e495a1ab (big blind) folded on the Flop
Seat 6: 5a6ec92f folded before Flop
Seat 7: 63ea0549 folded before Flop
Seat 8: ddff8414 folded before Flop


Poker Hand #TM5582065846: Tournament #262415018, APL Series: ¥110 Zodiac Bounty + Rat Hold'em No Limit - Level5(100/200(25)) - 2026/02/13 16:16:46
Table '15' 8-max Seat #2 is the button
Seat 1: Hero (11,762 in chips)
Seat 2: faa10865 (9,562 in chips)
Seat 3: 41583310 (6,802 in chips)
Seat 4: 87d6fc20 (20,454 in chips)
Seat 5: e495a1ab (7,288 in chips)
Seat 6: 5a6ec92f (10,966 in chips)
Seat 7: 63ea0549 (27,102 in chips)
Seat 8: ddff8414 (6,851 in chips)
5a6ec92f: posts the ante 25
63ea0549: posts the ante 25
41583310: posts the ante 25
Hero: posts the ante 25
ddff8414: posts the ante 25
87d6fc20: posts the ante 25
faa10865: posts the ante 25
e495a1ab: posts the ante 25
41583310: posts small blind 100
87d6fc20: posts big blind 200
*** HOLE CARDS ***
Dealt to Hero [Ks Qc]
Dealt to faa10865 
Dealt to 41583310 
Dealt to 87d6fc20 
Dealt to e495a1ab 
Dealt to 5a6ec92f 
Dealt to 63ea0549 
Dealt to ddff8414 
e495a1ab: folds
5a6ec92f: folds
63ea0549: raises 220 to 420
ddff8414: folds
Hero: raises 1,005 to 1,425
faa10865: folds
41583310: folds
87d6fc20: calls 1,225
63ea0549: calls 1,005
*** FLOP *** [Th 3s 2c]
87d6fc20: checks
63ea0549: checks
Hero: bets 1,510
87d6fc20: calls 1,510
63ea0549: calls 1,510
*** TURN *** [Th 3s 2c] [Ts]
87d6fc20: checks
63ea0549: checks
Hero: checks
*** RIVER *** [Th 3s 2c Ts] [8s]
87d6fc20: checks
63ea0549: checks
Hero: checks
87d6fc20: shows [Td Jd] (three of a kind, Tens)
63ea0549: shows [5h Ah] (a pair of Tens)
Hero: shows [Ks Qc] (a pair of Tens)
*** SHOWDOWN ***
87d6fc20 collected 9,105 from pot
*** SUMMARY ***
Total pot 9,105 | Rake 0 | Jackpot 0 | Bingo 0 | Fortune 0 | Tax 0
Board [Th 3s 2c Ts 8s]
Seat 1: Hero showed [Ks Qc] and lost with a pair of Tens
Seat 2: faa10865 (button) folded before Flop
Seat 3: 41583310 (small blind) folded before Flop
Seat 4: 87d6fc20 (big blind) showed [Td Jd] and won (9,105) with three of a kind, Tens
Seat 5: e495a1ab folded before Flop
Seat 6: 5a6ec92f folded before Flop
Seat 7: 63ea0549 showed [5h Ah] and lost with a pair of Tens
Seat 8: ddff8414 folded before Flop


Poker Hand #TM5582065837: Tournament #262415018, APL Series: ¥110 Zodiac Bounty + Rat Hold'em No Limit - Level4(75/150(18)) - 2026/02/13 16:15:31
Table '15' 8-max Seat #1 is the button
Seat 1: Hero (15,820 in chips)
Seat 2: faa10865 (9,655 in chips)
Seat 3: 41583310 (6,970 in chips)
Seat 4: 87d6fc20 (20,472 in chips)
Seat 5: e495a1ab (7,306 in chips)
Seat 6: 5a6ec92f (10,984 in chips)
Seat 7: 63ea0549 (22,711 in chips)
Seat 8: ddff8414 (6,869 in chips)
5a6ec92f: posts the ante 18
63ea0549: posts the ante 18
41583310: posts the ante 18
Hero: posts the ante 18
ddff8414: posts the ante 18
87d6fc20: posts the ante 18
faa10865: posts the ante 18
e495a1ab: posts the ante 18
faa10865: posts small blind 75
41583310: posts big blind 150
*** HOLE CARDS ***
Dealt to Hero [7c 6c]
Dealt to faa10865 
Dealt to 41583310 
Dealt to 87d6fc20 
Dealt to e495a1ab 
Dealt to 5a6ec92f 
Dealt to 63ea0549 
Dealt to ddff8414 
87d6fc20: folds
e495a1ab: folds
5a6ec92f: folds
63ea0549: raises 165 to 315
ddff8414: folds
Hero: calls 315
faa10865: folds
41583310: folds
*** FLOP *** [9h Ks 2c]
63ea0549: bets 345
Hero: calls 345
*** TURN *** [9h Ks 2c] [Kd]
63ea0549: checks
Hero: bets 845
63ea0549: calls 845
*** RIVER *** [9h Ks 2c Kd] [7s]
63ea0549: checks
Hero: bets 2,535
63ea0549: calls 2,535
Hero: shows [7c 6c] (two pair, Kings and Sevens)
63ea0549: shows [Ac As] (two pair, Aces and Kings)
*** SHOWDOWN ***
63ea0549 collected 8,449 from pot
*** SUMMARY ***
Total pot 8,449 | Rake 0 | Jackpot 0 | Bingo 0 | Fortune 0 | Tax 0
Board [9h Ks 2c Kd 7s]
Seat 1: Hero (button) showed [7c 6c] and lost with two pair, Kings and Sevens
Seat 2: faa10865 (small blind) folded before Flop
Seat 3: 41583310 (big blind) folded before Flop
Seat 4: 87d6fc20 folded before Flop
Seat 5: e495a1ab folded before Flop
Seat 6: 5a6ec92f folded before Flop
Seat 7: 63ea0549 showed [Ac As] and won (8,449) with two pair, Aces and Kings
Seat 8: ddff8414 folded before Flop


Poker Hand #TM5582065830: Tournament #262415018, APL Series: ¥110 Zodiac Bounty + Rat Hold'em No Limit - Level4(75/150(18)) - 2026/02/13 16:14:30
Table '15' 8-max Seat #8 is the button
Seat 1: Hero (16,138 in chips)
Seat 2: faa10865 (9,823 in chips)
Seat 3: 41583310 (6,988 in chips)
Seat 4: 87d6fc20 (19,596 in chips)
Seat 5: e495a1ab (7,324 in chips)
Seat 6: 5a6ec92f (11,002 in chips)
Seat 7: 63ea0549 (23,029 in chips)
Seat 8: ddff8414 (6,887 in chips)
5a6ec92f: posts the ante 18
63ea0549: posts the ante 18
41583310: posts the ante 18
Hero: posts the ante 18
ddff8414: posts the ante 18
87d6fc20: posts the ante 18
faa10865: posts the ante 18
e495a1ab: posts the ante 18
Hero: posts small blind 75
faa10865: posts big blind 150
*** HOLE CARDS ***
Dealt to Hero [Kc 3c]
Dealt to faa10865 
Dealt to 41583310 
Dealt to 87d6fc20 
Dealt to e495a1ab 
Dealt to 5a6ec92f 
Dealt to 63ea0549 
Dealt to ddff8414 
41583310: folds
87d6fc20: raises 150 to 300
e495a1ab: folds
5a6ec92f: folds
63ea0549: calls 300
ddff8414: folds
Hero: calls 225
faa10865: folds
*** FLOP *** [6h 5h Ts]
Hero: checks
87d6fc20: bets 597
63ea0549: folds
Hero: folds
Uncalled bet (597) returned to 87d6fc20
*** SHOWDOWN ***
87d6fc20 collected 1,194 from pot
*** SUMMARY ***
Total pot 1,194 | Rake 0 | Jackpot 0 | Bingo 0 | Fortune 0 | Tax 0
Board [6h 5h Ts]
Seat 1: Hero (small blind) folded on the Flop
Seat 2: faa10865 (big blind) folded before Flop
Seat 3: 41583310 folded before Flop
Seat 4: 87d6fc20 won (1,194)
Seat 5: e495a1ab folded before Flop
Seat 6: 5a6ec92f folded before Flop
Seat 7: 63ea0549 folded on the Flop
Seat 8: ddff8414 (button) folded before Flop


Poker Hand #TM5582065824: Tournament #262415018, APL Series: ¥110 Zodiac Bounty + Rat Hold'em No Limit - Level4(75/150(18)) - 2026/02/13 16:13:46
Table '15' 8-max Seat #7 is the button
Seat 1: Hero (16,306 in chips)
Seat 2: faa10865 (9,841 in chips)
Seat 3: 41583310 (7,006 in chips)
Seat 4: 87d6fc20 (18,720 in chips)
Seat 5: e495a1ab (7,342 in chips)
Seat 6: 5a6ec92f (11,020 in chips)
Seat 7: 63ea0549 (23,347 in chips)
Seat 8: ddff8414 (7,205 in chips)
5a6ec92f: posts the ante 18
63ea0549: posts the ante 18
41583310: posts the ante 18
Hero: posts the ante 18
ddff8414: posts the ante 18
87d6fc20: posts the ante 18
faa10865: posts the ante 18
e495a1ab: posts the ante 18
ddff8414: posts small blind 75
Hero: posts big blind 150
*** HOLE CARDS ***
Dealt to Hero [3s 2d]
Dealt to faa10865 
Dealt to 41583310 
Dealt to 87d6fc20 
Dealt to e495a1ab 
Dealt to 5a6ec92f 
Dealt to 63ea0549 
Dealt to ddff8414 
faa10865: folds
41583310: folds
87d6fc20: raises 150 to 300
e495a1ab: folds
5a6ec92f: folds
63ea0549: calls 300
ddff8414: calls 225
Hero: folds
*** FLOP *** [Jh Qh 9s]
ddff8414: checks
87d6fc20: checks
63ea0549: checks
*** TURN *** [Jh Qh 9s] [2h]
ddff8414: checks
87d6fc20: bets 896
63ea0549: folds
ddff8414: folds
Uncalled bet (896) returned to 87d6fc20
*** SHOWDOWN ***
87d6fc20 collected 1,194 from pot
*** SUMMARY ***
Total pot 1,194 | Rake 0 | Jackpot 0 | Bingo 0 | Fortune 0 | Tax 0
Board [Jh Qh 9s 2h]
Seat 1: Hero (big blind) folded before Flop
Seat 2: faa10865 folded before Flop
Seat 3: 41583310 folded before Flop
Seat 4: 87d6fc20 won (1,194)
Seat 5: e495a1ab folded before Flop
Seat 6: 5a6ec92f folded before Flop
Seat 7: 63ea0549 (button) folded on the Turn
Seat 8: ddff8414 (small blind) folded on the Turn


Poker Hand #TM5582065817: Tournament #262415018, APL Series: ¥110 Zodiac Bounty + Rat Hold'em No Limit - Level4(75/150(18)) - 2026/02/13 16:12:26
Table '15' 8-max Seat #6 is the button
Seat 1: Hero (16,324 in chips)
Seat 2: faa10865 (9,028 in chips)
Seat 4: 87d6fc20 (18,738 in chips)
Seat 5: e495a1ab (7,675 in chips)
Seat 6: 5a6ec92f (11,038 in chips)
Seat 7: 63ea0549 (23,440 in chips)
Seat 8: ddff8414 (7,538 in chips)
5a6ec92f: posts the ante 18
63ea0549: posts the ante 18
Hero: posts the ante 18
ddff8414: posts the ante 18
87d6fc20: posts the ante 18
faa10865: posts the ante 18
e495a1ab: posts the ante 18
63ea0549: posts small blind 75
ddff8414: posts big blind 150
*** HOLE CARDS ***
Dealt to Hero [6s 2h]
Dealt to faa10865 
Dealt to 87d6fc20 
Dealt to e495a1ab 
Dealt to 5a6ec92f 
Dealt to 63ea0549 
Dealt to ddff8414 
Hero: folds
faa10865: raises 165 to 315
87d6fc20: folds
e495a1ab: calls 315
5a6ec92f: folds
63ea0549: folds
ddff8414: calls 165
*** FLOP *** [Qs 3s 7s]
ddff8414: checks
faa10865: checks
e495a1ab: checks
*** TURN *** [Qs 3s 7s] [8c]
ddff8414: checks
faa10865: bets 459
e495a1ab: folds
ddff8414: folds
Uncalled bet (459) returned to faa10865
*** SHOWDOWN ***
faa10865 collected 1,146 from pot
*** SUMMARY ***
Total pot 1,146 | Rake 0 | Jackpot 0 | Bingo 0 | Fortune 0 | Tax 0
Board [Qs 3s 7s 8c]
Seat 1: Hero folded before Flop
Seat 2: faa10865 won (1,146)
Seat 4: 87d6fc20 folded before Flop
Seat 5: e495a1ab folded on the Turn
Seat 6: 5a6ec92f (button) folded before Flop
Seat 7: 63ea0549 (small blind) folded before Flop
Seat 8: ddff8414 (big blind) folded on the Turn


Poker Hand #TM5582065811: Tournament #262415018, APL Series: ¥110 Zodiac Bounty + Rat Hold'em No Limit - Level4(75/150(18)) - 2026/02/13 16:11:24
Table '15' 8-max Seat #5 is the button
Seat 1: Hero (15,038 in chips)
Seat 2: faa10865 (9,046 in chips)
Seat 3: fc76fac5 (5,726 in chips)
Seat 4: 87d6fc20 (18,756 in chips)
Seat 5: e495a1ab (7,693 in chips)
Seat 6: 5a6ec92f (11,131 in chips)
Seat 7: 63ea0549 (23,608 in chips)
Seat 8: ddff8414 (8,491 in chips)
5a6ec92f: posts the ante 18
63ea0549: posts the ante 18
Hero: posts the ante 18
fc76fac5: posts the ante 18
ddff8414: posts the ante 18
87d6fc20: posts the ante 18
faa10865: posts the ante 18
e495a1ab: posts the ante 18
5a6ec92f: posts small blind 75
63ea0549: posts big blind 150
*** HOLE CARDS ***
Dealt to Hero [Ks 9s]
Dealt to faa10865 
Dealt to fc76fac5 
Dealt to 87d6fc20 
Dealt to e495a1ab 
Dealt to 5a6ec92f 
Dealt to 63ea0549 
Dealt to ddff8414 
ddff8414: raises 150 to 300
Hero: raises 635 to 935
faa10865: folds
fc76fac5: folds
87d6fc20: folds
e495a1ab: folds
5a6ec92f: folds
63ea0549: folds
ddff8414: calls 635
*** FLOP *** [8c 3s Kh]
ddff8414: checks
Hero: bets 739
ddff8414: folds
Uncalled bet (739) returned to Hero
*** SHOWDOWN ***
Hero collected 2,239 from pot
*** SUMMARY ***
Total pot 2,239 | Rake 0 | Jackpot 0 | Bingo 0 | Fortune 0 | Tax 0
Board [8c 3s Kh]
Seat 1: Hero won (2,239)
Seat 2: faa10865 folded before Flop
Seat 3: fc76fac5 folded before Flop
Seat 4: 87d6fc20 folded before Flop
Seat 5: e495a1ab (button) folded before Flop
Seat 6: 5a6ec92f (small blind) folded before Flop
Seat 7: 63ea0549 (big blind) folded before Flop
Seat 8: ddff8414 folded on the Flop


Poker Hand #TM5582065805: Tournament #262415018, APL Series: ¥110 Zodiac Bounty + Rat Hold'em No Limit - Level4(75/150(18)) - 2026/02/13 16:10:12
Table '15' 8-max Seat #4 is the button
Seat 1: Hero (15,056 in chips)
Seat 2: faa10865 (9,064 in chips)
Seat 3: fc76fac5 (17,206 in chips)
Seat 4: 87d6fc20 (19,089 in chips)
Seat 5: e495a1ab (7,786 in chips)
Seat 6: 5a6ec92f (11,299 in chips)
Seat 7: 63ea0549 (11,480 in chips)
Seat 8: ddff8414 (8,509 in chips)
5a6ec92f: posts the ante 18
63ea0549: posts the ante 18
Hero: posts the ante 18
fc76fac5: posts the ante 18
ddff8414: posts the ante 18
87d6fc20: posts the ante 18
faa10865: posts the ante 18
e495a1ab: posts the ante 18
e495a1ab: posts small blind 75
5a6ec92f: posts big blind 150
*** HOLE CARDS ***
Dealt to Hero [4h Qs]
Dealt to faa10865 
Dealt to fc76fac5 
Dealt to 87d6fc20 
Dealt to e495a1ab 
Dealt to 5a6ec92f 
Dealt to 63ea0549 
Dealt to ddff8414 
63ea0549: raises 165 to 315
ddff8414: folds
Hero: folds
faa10865: folds
fc76fac5: calls 315
87d6fc20: calls 315
e495a1ab: folds
5a6ec92f: folds
*** FLOP *** [Tc 5d Jd]
63ea0549: checks
fc76fac5: bets 526
87d6fc20: folds
63ea0549: raises 1,469 to 1,995
fc76fac5: raises 14,878 to 16,873 and is all-in
63ea0549: calls 9,152 and is all-in
Uncalled bet (5,726) returned to fc76fac5
fc76fac5: shows [3d 7d] (Jack high)
63ea0549: shows [Ad Ac] (a pair of Aces)
*** TURN *** [Tc 5d Jd] [As]
*** RIVER *** [Tc 5d Jd As] [4s]
*** SHOWDOWN ***
63ea0549 collected 23,608 from pot
*** SUMMARY ***
Total pot 23,608 | Rake 0 | Jackpot 0 | Bingo 0 | Fortune 0 | Tax 0
Board [Tc 5d Jd As 4s]
Seat 1: Hero folded before Flop
Seat 2: faa10865 folded before Flop
Seat 3: fc76fac5 showed [3d 7d] and lost with Ace high
Seat 4: 87d6fc20 (button) folded on the Flop
Seat 5: e495a1ab (small blind) folded before Flop
Seat 6: 5a6ec92f (big blind) folded before Flop
Seat 7: 63ea0549 showed [Ad Ac] and won (23,608) with three of a kind, Aces
Seat 8: ddff8414 folded before Flop


Poker Hand #TM5582065798: Tournament #262415018, APL Series: ¥110 Zodiac Bounty + Rat Hold'em No Limit - Level4(75/150(18)) - 2026/02/13 16:09:19
Table '15' 8-max Seat #3 is the button
Seat 1: Hero (15,074 in chips)
Seat 2: faa10865 (9,397 in chips)
Seat 3: fc76fac5 (26,464 in chips)
Seat 4: 87d6fc20 (9,258 in chips)
Seat 5: e495a1ab (7,954 in chips)
Seat 6: 5a6ec92f (11,317 in chips)
Seat 7: 63ea0549 (11,498 in chips)
Seat 8: ddff8414 (8,527 in chips)
5a6ec92f: posts the ante 18
63ea0549: posts the ante 18
Hero: posts the ante 18
fc76fac5: posts the ante 18
ddff8414: posts the ante 18
87d6fc20: posts the ante 18
faa10865: posts the ante 18
e495a1ab: posts the ante 18
87d6fc20: posts small blind 75
e495a1ab: posts big blind 150
*** HOLE CARDS ***
Dealt to Hero [6h Jc]
Dealt to faa10865 
Dealt to fc76fac5 
Dealt to 87d6fc20 
Dealt to e495a1ab 
Dealt to 5a6ec92f 
Dealt to 63ea0549 
Dealt to ddff8414 
5a6ec92f: folds
63ea0549: folds
ddff8414: folds
Hero: folds
faa10865: raises 165 to 315
fc76fac5: calls 315
87d6fc20: raises 2,535 to 2,850
e495a1ab: folds
faa10865: folds
fc76fac5: raises 23,596 to 26,446 and is all-in
87d6fc20: calls 6,390 and is all-in
Uncalled bet (17,206) returned to fc76fac5
fc76fac5: shows [Js Ah]
87d6fc20: shows [Qs Qc]
*** FLOP *** [7d 9s 8d]
*** TURN *** [7d 9s 8d] [9h]
*** RIVER *** [7d 9s 8d 9h] [Ks]
*** SHOWDOWN ***
87d6fc20 collected 19,089 from pot
*** SUMMARY ***
Total pot 19,089 | Rake 0 | Jackpot 0 | Bingo 0 | Fortune 0 | Tax 0
Board [7d 9s 8d 9h Ks]
Seat 1: Hero folded before Flop
Seat 2: faa10865 folded before Flop
Seat 3: fc76fac5 (button) showed [Js Ah] and lost with a pair of Nines
Seat 4: 87d6fc20 (small blind) showed [Qs Qc] and won (19,089) with two pair, Queens and Nines
Seat 5: e495a1ab (big blind) folded before Flop
Seat 6: 5a6ec92f folded before Flop
Seat 7: 63ea0549 folded before Flop
Seat 8: ddff8414 folded before Flop


Poker Hand #TM5582065791: Tournament #262415018, APL Series: ¥110 Zodiac Bounty + Rat Hold'em No Limit - Level4(75/150(18)) - 2026/02/13 16:08:17
Table '15' 8-max Seat #2 is the button
Seat 1: Hero (18,130 in chips)
Seat 2: faa10865 (9,415 in chips)
Seat 3: fc76fac5 (29,520 in chips)
Seat 4: 87d6fc20 (3,056 in chips)
Seat 5: e495a1ab (7,972 in chips)
Seat 6: 5a6ec92f (11,335 in chips)
Seat 7: 63ea0549 (11,516 in chips)
Seat 8: ddff8414 (8,545 in chips)
5a6ec92f: posts the ante 18
63ea0549: posts the ante 18
Hero: posts the ante 18
ddff8414: posts the ante 18
fc76fac5: posts the ante 18
87d6fc20: posts the ante 18
faa10865: posts the ante 18
e495a1ab: posts the ante 18
fc76fac5: posts small blind 75
87d6fc20: posts big blind 150
*** HOLE CARDS ***
Dealt to Hero [Jc Kc]
Dealt to faa10865 
Dealt to fc76fac5 
Dealt to 87d6fc20 
Dealt to e495a1ab 
Dealt to 5a6ec92f 
Dealt to 63ea0549 
Dealt to ddff8414 
e495a1ab: folds
5a6ec92f: folds
63ea0549: folds
ddff8414: folds
Hero: raises 150 to 300
faa10865: folds
fc76fac5: raises 358 to 658
87d6fc20: raises 2,380 to 3,038 and is all-in
Hero: calls 2,738
fc76fac5: raises 26,464 to 29,502 and is all-in
Hero: folds
Uncalled bet (26,464) returned to fc76fac5
fc76fac5: shows [9s 9c]
87d6fc20: shows [Ts Kd]
*** FLOP *** [6c 5h 5d]
*** TURN *** [6c 5h 5d] [7c]
*** RIVER *** [6c 5h 5d 7c] [Kh]
Hero: shows [Kc] (two pair, Kings and Fives)
*** SHOWDOWN ***
87d6fc20 collected 9,258 from pot
*** SUMMARY ***
Total pot 9,258 | Rake 0 | Jackpot 0 | Bingo 0 | Fortune 0 | Tax 0
Board [6c 5h 5d 7c Kh]
Seat 1: Hero folded before Flop
Seat 2: faa10865 (button) folded before Flop
Seat 3: fc76fac5 (small blind) showed [9s 9c] and lost with two pair, Nines and Fives
Seat 4: 87d6fc20 (big blind) showed [Ts Kd] and won (9,258) with two pair, Kings and Fives
Seat 5: e495a1ab folded before Flop
Seat 6: 5a6ec92f folded before Flop
Seat 7: 63ea0549 folded before Flop
Seat 8: ddff8414 folded before Flop


Poker Hand #TM5582065787: Tournament #262415018, APL Series: ¥110 Zodiac Bounty + Rat Hold'em No Limit - Level4(75/150(18)) - 2026/02/13 16:07:34
Table '15' 8-max Seat #1 is the button
Seat 1: Hero (17,479 in chips)
Seat 2: faa10865 (9,508 in chips)
Seat 3: fc76fac5 (29,688 in chips)
Seat 4: 87d6fc20 (3,074 in chips)
Seat 5: e495a1ab (8,290 in chips)
Seat 6: 5a6ec92f (11,353 in chips)
Seat 7: 63ea0549 (11,534 in chips)
Seat 8: ddff8414 (8,563 in chips)
5a6ec92f: posts the ante 18
63ea0549: posts the ante 18
Hero: posts the ante 18
ddff8414: posts the ante 18
fc76fac5: posts the ante 18
87d6fc20: posts the ante 18
faa10865: posts the ante 18
e495a1ab: posts the ante 18
faa10865: posts small blind 75
fc76fac5: posts big blind 150
*** HOLE CARDS ***
Dealt to Hero [Ah Jh]
Dealt to faa10865 
Dealt to fc76fac5 
Dealt to 87d6fc20 
Dealt to e495a1ab 
Dealt to 5a6ec92f 
Dealt to 63ea0549 
Dealt to ddff8414 
87d6fc20: folds
e495a1ab: raises 150 to 300
5a6ec92f: folds
63ea0549: folds
ddff8414: folds
Hero: raises 727 to 1,027
faa10865: folds
fc76fac5: folds
e495a1ab: folds
Uncalled bet (727) returned to Hero
*** SHOWDOWN ***
Hero collected 969 from pot
*** SUMMARY ***
Total pot 969 | Rake 0 | Jackpot 0 | Bingo 0 | Fortune 0 | Tax 0
Seat 1: Hero (button) collected (969)
Seat 2: faa10865 (small blind) folded before Flop
Seat 3: fc76fac5 (big blind) folded before Flop
Seat 4: 87d6fc20 folded before Flop
Seat 5: e495a1ab folded before Flop
Seat 6: 5a6ec92f folded before Flop
Seat 7: 63ea0549 folded before Flop
Seat 8: ddff8414 folded before Flop


Poker Hand #TM5582065775: Tournament #262415018, APL Series: ¥110 Zodiac Bounty + Rat Hold'em No Limit - Level3(50/100(12)) - 2026/02/13 16:05:51
Table '15' 8-max Seat #8 is the button
Seat 1: Hero (15,667 in chips)
Seat 2: faa10865 (9,730 in chips)
Seat 3: fc76fac5 (29,910 in chips)
Seat 4: 87d6fc20 (3,974 in chips)
Seat 5: e495a1ab (8,302 in chips)
Seat 6: 5a6ec92f (11,365 in chips)
Seat 7: 63ea0549 (11,756 in chips)
Seat 8: ddff8414 (8,785 in chips)
5a6ec92f: posts the ante 12
63ea0549: posts the ante 12
Hero: posts the ante 12
ddff8414: posts the ante 12
fc76fac5: posts the ante 12
87d6fc20: posts the ante 12
faa10865: posts the ante 12
e495a1ab: posts the ante 12
Hero: posts small blind 50
faa10865: posts big blind 100
*** HOLE CARDS ***
Dealt to Hero [8s Jd]
Dealt to faa10865 
Dealt to fc76fac5 
Dealt to 87d6fc20 
Dealt to e495a1ab 
Dealt to 5a6ec92f 
Dealt to 63ea0549 
Dealt to ddff8414 
fc76fac5: raises 110 to 210
87d6fc20: calls 210
e495a1ab: folds
5a6ec92f: folds
63ea0549: calls 210
ddff8414: calls 210
Hero: calls 160
faa10865: calls 110
*** FLOP *** [Th 7s 9s]
Hero: checks
faa10865: checks
fc76fac5: checks
87d6fc20: checks
63ea0549: checks
ddff8414: checks
*** TURN *** [Th 7s 9s] [8d]
Hero: checks
faa10865: checks
fc76fac5: checks
87d6fc20: bets 678
63ea0549: folds
ddff8414: folds
Hero: calls 678
faa10865: folds
fc76fac5: folds
*** RIVER *** [Th 7s 9s 8d] [8c]
Hero: checks
87d6fc20: checks
Hero: shows [8s Jd] (a straight, Jack to Seven)
87d6fc20: shows [6s 3s] (a straight, Ten to Six)
*** SHOWDOWN ***
Hero collected 2,712 from pot
*** SUMMARY ***
Total pot 2,712 | Rake 0 | Jackpot 0 | Bingo 0 | Fortune 0 | Tax 0
Board [Th 7s 9s 8d 8c]
Seat 1: Hero (small blind) showed [8s Jd] and won (2,712) with a straight, Jack to Seven
Seat 2: faa10865 (big blind) folded on the Turn
Seat 3: fc76fac5 folded on the Turn
Seat 4: 87d6fc20 showed [6s 3s] and lost with a straight, Ten to Six
Seat 5: e495a1ab folded before Flop
Seat 6: 5a6ec92f folded before Flop
Seat 7: 63ea0549 folded on the Turn
Seat 8: ddff8414 (button) folded on the Turn


Poker Hand #TM5582065762: Tournament #262415018, APL Series: ¥110 Zodiac Bounty + Rat Hold'em No Limit - Level3(50/100(12)) - 2026/02/13 16:04:24
Table '15' 8-max Seat #7 is the button
Seat 1: Hero (9,976 in chips)
Seat 2: faa10865 (9,742 in chips)
Seat 3: fc76fac5 (29,922 in chips)
Seat 4: 87d6fc20 (9,119 in chips)
Seat 5: e495a1ab (8,738 in chips)
Seat 6: 5a6ec92f (11,377 in chips)
Seat 7: 63ea0549 (11,768 in chips)
Seat 8: ddff8414 (8,847 in chips)
5a6ec92f: posts the ante 12
63ea0549: posts the ante 12
Hero: posts the ante 12
fc76fac5: posts the ante 12
ddff8414: posts the ante 12
87d6fc20: posts the ante 12
faa10865: posts the ante 12
e495a1ab: posts the ante 12
ddff8414: posts small blind 50
Hero: posts big blind 100
*** HOLE CARDS ***
Dealt to Hero [8h Qc]
Dealt to faa10865 
Dealt to fc76fac5 
Dealt to 87d6fc20 
Dealt to e495a1ab 
Dealt to 5a6ec92f 
Dealt to 63ea0549 
Dealt to ddff8414 
faa10865: folds
fc76fac5: folds
87d6fc20: raises 100 to 200
e495a1ab: calls 200
5a6ec92f: folds
63ea0549: folds
ddff8414: folds
Hero: calls 100
*** FLOP *** [7s 8d 4s]
Hero: checks
87d6fc20: checks
e495a1ab: bets 224
Hero: calls 224
87d6fc20: calls 224
*** TURN *** [7s 8d 4s] [8s]
Hero: checks
87d6fc20: bets 709
e495a1ab: folds
Hero: calls 709
*** RIVER *** [7s 8d 4s 8s] [3h]
Hero: checks
87d6fc20: bets 4,000
Hero: calls 4,000
87d6fc20: shows [Td As] (a pair of Eights)
Hero: shows [8h Qc] (three of a kind, Eights)
*** SHOWDOWN ***
Hero collected 10,836 from pot
*** SUMMARY ***
Total pot 10,836 | Rake 0 | Jackpot 0 | Bingo 0 | Fortune 0 | Tax 0
Board [7s 8d 4s 8s 3h]
Seat 1: Hero (big blind) showed [8h Qc] and won (10,836) with three of a kind, Eights
Seat 2: faa10865 folded before Flop
Seat 3: fc76fac5 folded before Flop
Seat 4: 87d6fc20 showed [Td As] and lost with a pair of Eights
Seat 5: e495a1ab folded on the Turn
Seat 6: 5a6ec92f folded before Flop
Seat 7: 63ea0549 (button) folded before Flop
Seat 8: ddff8414 (small blind) folded before Flop


Poker Hand #TM5582065758: Tournament #262415018, APL Series: ¥110 Zodiac Bounty + Rat Hold'em No Limit - Level3(50/100(12)) - 2026/02/13 16:03:40
Table '15' 8-max Seat #6 is the button
Seat 1: Hero (9,988 in chips)
Seat 2: faa10865 (9,754 in chips)
Seat 3: fc76fac5 (29,934 in chips)
Seat 4: 87d6fc20 (9,131 in chips)
Seat 5: e495a1ab (8,750 in chips)
Seat 6: 5a6ec92f (11,389 in chips)
Seat 7: 63ea0549 (11,584 in chips)
Seat 8: ddff8414 (8,959 in chips)
5a6ec92f: posts the ante 12
63ea0549: posts the ante 12
Hero: posts the ante 12
fc76fac5: posts the ante 12
ddff8414: posts the ante 12
87d6fc20: posts the ante 12
faa10865: posts the ante 12
e495a1ab: posts the ante 12
63ea0549: posts small blind 50
ddff8414: posts big blind 100
*** HOLE CARDS ***
Dealt to Hero [2s 4c]
Dealt to faa10865 
Dealt to fc76fac5 
Dealt to 87d6fc20 
Dealt to e495a1ab 
Dealt to 5a6ec92f 
Dealt to 63ea0549 
Dealt to ddff8414 
Hero: folds
faa10865: folds
fc76fac5: folds
87d6fc20: folds
e495a1ab: folds
5a6ec92f: folds
63ea0549: raises 120 to 220
ddff8414: folds
Uncalled bet (120) returned to 63ea0549
*** SHOWDOWN ***
63ea0549 collected 296 from pot
*** SUMMARY ***
Total pot 296 | Rake 0 | Jackpot 0 | Bingo 0 | Fortune 0 | Tax 0
Seat 1: Hero folded before Flop
Seat 2: faa10865 folded before Flop
Seat 3: fc76fac5 folded before Flop
Seat 4: 87d6fc20 folded before Flop
Seat 5: e495a1ab folded before Flop
Seat 6: 5a6ec92f (button) folded before Flop
Seat 7: 63ea0549 (small blind) collected (296)
Seat 8: ddff8414 (big blind) folded before Flop


Poker Hand #TM5582065744: Tournament #262415018, APL Series: ¥110 Zodiac Bounty + Rat Hold'em No Limit - Level3(50/100(12)) - 2026/02/13 16:01:34
Table '15' 8-max Seat #5 is the button
Seat 1: Hero (10,000 in chips)
Seat 2: faa10865 (9,766 in chips)
Seat 3: fc76fac5 (29,946 in chips)
Seat 4: 87d6fc20 (9,343 in chips)
Seat 5: e495a1ab (8,762 in chips)
Seat 6: 5a6ec92f (11,451 in chips)
Seat 7: 63ea0549 (11,050 in chips)
Seat 8: ddff8414 (9,171 in chips)
5a6ec92f: posts the ante 12
63ea0549: posts the ante 12
Hero: posts the ante 12
fc76fac5: posts the ante 12
ddff8414: posts the ante 12
87d6fc20: posts the ante 12
faa10865: posts the ante 12
e495a1ab: posts the ante 12
5a6ec92f: posts small blind 50
63ea0549: posts big blind 100
*** HOLE CARDS ***
Dealt to Hero [3d 7h]
Dealt to faa10865 
Dealt to fc76fac5 
Dealt to 87d6fc20 
Dealt to e495a1ab 
Dealt to 5a6ec92f 
Dealt to 63ea0549 
Dealt to ddff8414 
ddff8414: raises 100 to 200
Hero: folds
faa10865: folds
fc76fac5: folds
87d6fc20: calls 200
e495a1ab: folds
5a6ec92f: folds
63ea0549: calls 100
*** FLOP *** [8c 2d 9s]
63ea0549: checks
ddff8414: checks
87d6fc20: checks
*** TURN *** [8c 2d 9s] [5s]
63ea0549: bets 300
ddff8414: folds
87d6fc20: folds
Uncalled bet (300) returned to 63ea0549
*** SHOWDOWN ***
63ea0549 collected 746 from pot
*** SUMMARY ***
Total pot 746 | Rake 0 | Jackpot 0 | Bingo 0 | Fortune 0 | Tax 0
Board [8c 2d 9s 5s]
Seat 1: Hero folded before Flop
Seat 2: faa10865 folded before Flop
Seat 3: fc76fac5 folded before Flop
Seat 4: 87d6fc20 folded on the Turn
Seat 5: e495a1ab (button) folded before Flop
Seat 6: 5a6ec92f (small blind) folded before Flop
Seat 7: 63ea0549 (big blind) won (746)
Seat 8: ddff8414 folded on the Turn


