Poker Hand #TM5613887424: Tournament #264779532, APL Series: ¥110 Zodiac Bounty + Rat Hold'em No Limit - Level6(125/250(30)) - 2026/02/21 16:36:49
Table '22' 8-max Seat #1 is the button
Seat 1: 1d8f3146 (16,392 in chips)
Seat 2: 8c6c43c6 (23,335 in chips)
Seat 3: Hero (5,599 in chips)
Seat 4: c8bf03a0 (12,375 in chips)
Seat 5: a858f200 (11,379 in chips)
Seat 6: d6215737 (15,090 in chips)
Seat 7: 42027f33 (13,060 in chips)
Seat 8: 85b732dc (8,602 in chips)
8c6c43c6: posts the ante 30
Hero: posts the ante 30
a858f200: posts the ante 30
1d8f3146: posts the ante 30
42027f33: posts the ante 30
c8bf03a0: posts the ante 30
d6215737: posts the ante 30
85b732dc: posts the ante 30
8c6c43c6: posts small blind 125
Hero: posts big blind 250
*** HOLE CARDS ***
Dealt to 1d8f3146 
Dealt to 8c6c43c6 
Dealt to Hero [As 7s]
Dealt to c8bf03a0 
Dealt to a858f200 
Dealt to d6215737 
Dealt to 42027f33 
Dealt to 85b732dc 
c8bf03a0: folds
a858f200: folds
d6215737: folds
42027f33: folds
85b732dc: raises 250 to 500
1d8f3146: calls 500
8c6c43c6: raises 1,750 to 2,250
Hero: raises 3,319 to 5,569 and is all-in
85b732dc: raises 3,003 to 8,572 and is all-in
1d8f3146: folds
8c6c43c6: folds
Uncalled bet (3,003) returned to 85b732dc
85b732dc: shows [9s Ad]
Hero: shows [As 7s]
*** FLOP *** [9c 7c Kd]
*** TURN *** [9c 7c Kd] [8c]
*** RIVER *** [9c 7c Kd 8c] [9d]
*** SHOWDOWN ***
85b732dc collected 14,128 from pot
*** SUMMARY ***
Total pot 14,128 | Rake 0 | Jackpot 0 | Bingo 0 | Fortune 0 | Tax 0
Board [9c 7c Kd 8c 9d]
Seat 1: 1d8f3146 (button) folded before Flop
Seat 2: 8c6c43c6 (small blind) folded before Flop
Seat 3: Hero (big blind) showed [As 7s] and lost with two pair, Nines and Sevens
Seat 4: c8bf03a0 folded before Flop
Seat 5: a858f200 folded before Flop
Seat 6: d6215737 folded before Flop
Seat 7: 42027f33 folded before Flop
Seat 8: 85b732dc showed [9s Ad] and won (14,128) with three of a kind, Nines


Poker Hand #TM5613887415: Tournament #264779532, APL Series: ¥110 Zodiac Bounty + Rat Hold'em No Limit - Level6(125/250(30)) - 2026/02/21 16:35:44
Table '22' 8-max Seat #8 is the button
Seat 1: 1d8f3146 (16,547 in chips)
Seat 2: 8c6c43c6 (22,049 in chips)
Seat 3: Hero (5,629 in chips)
Seat 4: c8bf03a0 (12,405 in chips)
Seat 5: a858f200 (11,409 in chips)
Seat 6: d6215737 (16,071 in chips)
Seat 7: 42027f33 (13,090 in chips)
Seat 8: 85b732dc (8,632 in chips)
8c6c43c6: posts the ante 30
Hero: posts the ante 30
a858f200: posts the ante 30
1d8f3146: posts the ante 30
42027f33: posts the ante 30
c8bf03a0: posts the ante 30
d6215737: posts the ante 30
85b732dc: posts the ante 30
1d8f3146: posts small blind 125
8c6c43c6: posts big blind 250
*** HOLE CARDS ***
Dealt to 1d8f3146 
Dealt to 8c6c43c6 
Dealt to Hero [Qh 2h]
Dealt to c8bf03a0 
Dealt to a858f200 
Dealt to d6215737 
Dealt to 42027f33 
Dealt to 85b732dc 
Hero: folds
c8bf03a0: folds
a858f200: folds
d6215737: raises 250 to 500
42027f33: folds
85b732dc: folds
1d8f3146: folds
8c6c43c6: calls 250
*** FLOP *** [8s Jd 4d]
8c6c43c6: checks
d6215737: bets 451
8c6c43c6: raises 1,299 to 1,750
d6215737: folds
Uncalled bet (1,299) returned to 8c6c43c6
*** SHOWDOWN ***
8c6c43c6 collected 2,267 from pot
*** SUMMARY ***
Total pot 2,267 | Rake 0 | Jackpot 0 | Bingo 0 | Fortune 0 | Tax 0
Board [8s Jd 4d]
Seat 1: 1d8f3146 (small blind) folded before Flop
Seat 2: 8c6c43c6 (big blind) won (2,267)
Seat 3: Hero folded before Flop
Seat 4: c8bf03a0 folded before Flop
Seat 5: a858f200 folded before Flop
Seat 6: d6215737 folded on the Flop
Seat 7: 42027f33 folded before Flop
Seat 8: 85b732dc (button) folded before Flop


Poker Hand #TM5613887398: Tournament #264779532, APL Series: ¥110 Zodiac Bounty + Rat Hold'em No Limit - Level6(125/250(30)) - 2026/02/21 16:34:28
Table '22' 8-max Seat #7 is the button
Seat 1: 1d8f3146 (16,827 in chips)
Seat 2: 8c6c43c6 (22,079 in chips)
Seat 3: Hero (5,659 in chips)
Seat 4: c8bf03a0 (16,506 in chips)
Seat 5: a858f200 (11,439 in chips)
Seat 6: d6215737 (16,101 in chips)
Seat 7: 42027f33 (13,120 in chips)
Seat 8: 85b732dc (4,101 in chips)
8c6c43c6: posts the ante 30
Hero: posts the ante 30
a858f200: posts the ante 30
1d8f3146: posts the ante 30
42027f33: posts the ante 30
c8bf03a0: posts the ante 30
d6215737: posts the ante 30
85b732dc: posts the ante 30
85b732dc: posts small blind 125
1d8f3146: posts big blind 250
*** HOLE CARDS ***
Dealt to 1d8f3146 
Dealt to 8c6c43c6 
Dealt to Hero [7d 5s]
Dealt to c8bf03a0 
Dealt to a858f200 
Dealt to d6215737 
Dealt to 42027f33 
Dealt to 85b732dc 
8c6c43c6: folds
Hero: folds
c8bf03a0: raises 250 to 500
a858f200: folds
d6215737: folds
42027f33: folds
85b732dc: raises 3,571 to 4,071 and is all-in
1d8f3146: folds
c8bf03a0: calls 3,571
85b732dc: shows [Js Ac]
c8bf03a0: shows [Ah Tc]
*** FLOP *** [Qh Ks Ts]
*** TURN *** [Qh Ks Ts] [Kd]
*** RIVER *** [Qh Ks Ts Kd] [5d]
*** SHOWDOWN ***
85b732dc collected 8,632 from pot
*** SUMMARY ***
Total pot 8,632 | Rake 0 | Jackpot 0 | Bingo 0 | Fortune 0 | Tax 0
Board [Qh Ks Ts Kd 5d]
Seat 1: 1d8f3146 (big blind) folded before Flop
Seat 2: 8c6c43c6 folded before Flop
Seat 3: Hero folded before Flop
Seat 4: c8bf03a0 showed [Ah Tc] and lost with two pair, Kings and Tens
Seat 5: a858f200 folded before Flop
Seat 6: d6215737 folded before Flop
Seat 7: 42027f33 (button) folded before Flop
Seat 8: 85b732dc (small blind) showed [Js Ac] and won (8,632) with a straight, Ace to Ten


Poker Hand #TM5613887389: Tournament #264779532, APL Series: ¥110 Zodiac Bounty + Rat Hold'em No Limit - Level6(125/250(30)) - 2026/02/21 16:33:36
Table '22' 8-max Seat #6 is the button
Seat 1: 1d8f3146 (16,857 in chips)
Seat 2: 8c6c43c6 (22,109 in chips)
Seat 3: Hero (5,689 in chips)
Seat 4: c8bf03a0 (16,536 in chips)
Seat 5: a858f200 (11,469 in chips)
Seat 6: d6215737 (16,131 in chips)
Seat 7: 42027f33 (12,660 in chips)
Seat 8: 85b732dc (4,381 in chips)
8c6c43c6: posts the ante 30
Hero: posts the ante 30
a858f200: posts the ante 30
1d8f3146: posts the ante 30
c8bf03a0: posts the ante 30
42027f33: posts the ante 30
d6215737: posts the ante 30
85b732dc: posts the ante 30
42027f33: posts small blind 125
85b732dc: posts big blind 250
*** HOLE CARDS ***
Dealt to 1d8f3146 
Dealt to 8c6c43c6 
Dealt to Hero [7d Th]
Dealt to c8bf03a0 
Dealt to a858f200 
Dealt to d6215737 
Dealt to 42027f33 
Dealt to 85b732dc 
1d8f3146: folds
8c6c43c6: folds
Hero: folds
c8bf03a0: folds
a858f200: folds
d6215737: folds
42027f33: raises 500 to 750
85b732dc: folds
Uncalled bet (500) returned to 42027f33
*** SHOWDOWN ***
42027f33 collected 740 from pot
*** SUMMARY ***
Total pot 740 | Rake 0 | Jackpot 0 | Bingo 0 | Fortune 0 | Tax 0
Seat 1: 1d8f3146 folded before Flop
Seat 2: 8c6c43c6 folded before Flop
Seat 3: Hero folded before Flop
Seat 4: c8bf03a0 folded before Flop
Seat 5: a858f200 folded before Flop
Seat 6: d6215737 (button) folded before Flop
Seat 7: 42027f33 (small blind) collected (740)
Seat 8: 85b732dc (big blind) folded before Flop


Poker Hand #TM5613887375: Tournament #264779532, APL Series: ¥110 Zodiac Bounty + Rat Hold'em No Limit - Level6(125/250(30)) - 2026/02/21 16:32:29
Table '22' 8-max Seat #5 is the button
Seat 1: 1d8f3146 (16,887 in chips)
Seat 2: 8c6c43c6 (22,139 in chips)
Seat 3: Hero (5,719 in chips)
Seat 4: c8bf03a0 (16,566 in chips)
Seat 5: a858f200 (12,739 in chips)
Seat 6: d6215737 (16,286 in chips)
Seat 7: 42027f33 (11,085 in chips)
Seat 8: 85b732dc (4,411 in chips)
8c6c43c6: posts the ante 30
Hero: posts the ante 30
a858f200: posts the ante 30
1d8f3146: posts the ante 30
c8bf03a0: posts the ante 30
42027f33: posts the ante 30
d6215737: posts the ante 30
85b732dc: posts the ante 30
d6215737: posts small blind 125
42027f33: posts big blind 250
*** HOLE CARDS ***
Dealt to 1d8f3146 
Dealt to 8c6c43c6 
Dealt to Hero [4s 7h]
Dealt to c8bf03a0 
Dealt to a858f200 
Dealt to d6215737 
Dealt to 42027f33 
Dealt to 85b732dc 
85b732dc: folds
1d8f3146: folds
8c6c43c6: folds
Hero: folds
c8bf03a0: folds
a858f200: raises 250 to 500
d6215737: folds
42027f33: calls 250
*** FLOP *** [6d 6s 5s]
42027f33: checks
a858f200: checks
*** TURN *** [6d 6s 5s] [Ad]
42027f33: checks
a858f200: bets 740
42027f33: calls 740
*** RIVER *** [6d 6s 5s Ad] [3h]
42027f33: checks
a858f200: checks
42027f33: shows [8h 8d] (two pair, Eights and Sixes)
a858f200: shows [Tc 9s] (a pair of Sixes)
*** SHOWDOWN ***
42027f33 collected 2,845 from pot
*** SUMMARY ***
Total pot 2,845 | Rake 0 | Jackpot 0 | Bingo 0 | Fortune 0 | Tax 0
Board [6d 6s 5s Ad 3h]
Seat 1: 1d8f3146 folded before Flop
Seat 2: 8c6c43c6 folded before Flop
Seat 3: Hero folded before Flop
Seat 4: c8bf03a0 folded before Flop
Seat 5: a858f200 (button) showed [Tc 9s] and lost with a pair of Sixes
Seat 6: d6215737 (small blind) folded before Flop
Seat 7: 42027f33 (big blind) showed [8h 8d] and won (2,845) with two pair, Eights and Sixes
Seat 8: 85b732dc folded before Flop


Poker Hand #TM5613887366: Tournament #264779532, APL Series: ¥110 Zodiac Bounty + Rat Hold'em No Limit - Level6(125/250(30)) - 2026/02/21 16:31:45
Table '22' 8-max Seat #4 is the button
Seat 1: 1d8f3146 (16,917 in chips)
Seat 2: 8c6c43c6 (22,169 in chips)
Seat 3: Hero (6,249 in chips)
Seat 4: c8bf03a0 (16,596 in chips)
Seat 5: a858f200 (11,779 in chips)
Seat 6: d6215737 (16,566 in chips)
Seat 7: 42027f33 (11,115 in chips)
Seat 8: 85b732dc (4,441 in chips)
8c6c43c6: posts the ante 30
Hero: posts the ante 30
a858f200: posts the ante 30
1d8f3146: posts the ante 30
c8bf03a0: posts the ante 30
42027f33: posts the ante 30
d6215737: posts the ante 30
85b732dc: posts the ante 30
a858f200: posts small blind 125
d6215737: posts big blind 250
*** HOLE CARDS ***
Dealt to 1d8f3146 
Dealt to 8c6c43c6 
Dealt to Hero [Ah 4h]
Dealt to c8bf03a0 
Dealt to a858f200 
Dealt to d6215737 
Dealt to 42027f33 
Dealt to 85b732dc 
42027f33: folds
85b732dc: folds
1d8f3146: folds
8c6c43c6: folds
Hero: raises 250 to 500
c8bf03a0: folds
a858f200: raises 11,249 to 11,749 and is all-in
d6215737: folds
Hero: folds
Uncalled bet (11,249) returned to a858f200
*** SHOWDOWN ***
a858f200 collected 1,490 from pot
*** SUMMARY ***
Total pot 1,490 | Rake 0 | Jackpot 0 | Bingo 0 | Fortune 0 | Tax 0
Seat 1: 1d8f3146 folded before Flop
Seat 2: 8c6c43c6 folded before Flop
Seat 3: Hero folded before Flop
Seat 4: c8bf03a0 (button) folded before Flop
Seat 5: a858f200 (small blind) collected (1,490)
Seat 6: d6215737 (big blind) folded before Flop
Seat 7: 42027f33 folded before Flop
Seat 8: 85b732dc folded before Flop


Poker Hand #TM5613887359: Tournament #264779532, APL Series: ¥110 Zodiac Bounty + Rat Hold'em No Limit - Level6(125/250(30)) - 2026/02/21 16:31:14
Table '22' 8-max Seat #3 is the button
Seat 1: 1d8f3146 (17,447 in chips)
Seat 2: 8c6c43c6 (22,199 in chips)
Seat 3: Hero (6,279 in chips)
Seat 4: c8bf03a0 (16,751 in chips)
Seat 5: a858f200 (10,944 in chips)
Seat 6: d6215737 (16,596 in chips)
Seat 7: 42027f33 (11,145 in chips)
Seat 8: 85b732dc (4,471 in chips)
8c6c43c6: posts the ante 30
Hero: posts the ante 30
a858f200: posts the ante 30
1d8f3146: posts the ante 30
42027f33: posts the ante 30
c8bf03a0: posts the ante 30
d6215737: posts the ante 30
85b732dc: posts the ante 30
c8bf03a0: posts small blind 125
a858f200: posts big blind 250
*** HOLE CARDS ***
Dealt to 1d8f3146 
Dealt to 8c6c43c6 
Dealt to Hero [9h Ac]
Dealt to c8bf03a0 
Dealt to a858f200 
Dealt to d6215737 
Dealt to 42027f33 
Dealt to 85b732dc 
d6215737: folds
42027f33: folds
85b732dc: folds
1d8f3146: raises 250 to 500
8c6c43c6: folds
Hero: folds
c8bf03a0: folds
a858f200: raises 10,414 to 10,914 and is all-in
1d8f3146: folds
Uncalled bet (10,414) returned to a858f200
*** SHOWDOWN ***
a858f200 collected 1,365 from pot
*** SUMMARY ***
Total pot 1,365 | Rake 0 | Jackpot 0 | Bingo 0 | Fortune 0 | Tax 0
Seat 1: 1d8f3146 folded before Flop
Seat 2: 8c6c43c6 folded before Flop
Seat 3: Hero (button) folded before Flop
Seat 4: c8bf03a0 (small blind) folded before Flop
Seat 5: a858f200 (big blind) collected (1,365)
Seat 6: d6215737 folded before Flop
Seat 7: 42027f33 folded before Flop
Seat 8: 85b732dc folded before Flop


Poker Hand #TM5613887355: Tournament #264779532, APL Series: ¥110 Zodiac Bounty + Rat Hold'em No Limit - Level6(125/250(30)) - 2026/02/21 16:30:14
Table '22' 8-max Seat #2 is the button
Seat 1: 1d8f3146 (8,196 in chips)
Seat 2: 8c6c43c6 (22,229 in chips)
Seat 3: Hero (6,434 in chips)
Seat 4: c8bf03a0 (17,031 in chips)
Seat 5: a858f200 (10,974 in chips)
Seat 6: d6215737 (16,626 in chips)
Seat 7: 42027f33 (11,675 in chips)
Seat 8: 85b732dc (12,667 in chips)
8c6c43c6: posts the ante 30
Hero: posts the ante 30
a858f200: posts the ante 30
1d8f3146: posts the ante 30
42027f33: posts the ante 30
c8bf03a0: posts the ante 30
d6215737: posts the ante 30
85b732dc: posts the ante 30
Hero: posts small blind 125
c8bf03a0: posts big blind 250
*** HOLE CARDS ***
Dealt to 1d8f3146 
Dealt to 8c6c43c6 
Dealt to Hero [7c 4d]
Dealt to c8bf03a0 
Dealt to a858f200 
Dealt to d6215737 
Dealt to 42027f33 
Dealt to 85b732dc 
a858f200: folds
d6215737: folds
42027f33: raises 250 to 500
85b732dc: raises 962 to 1,462
1d8f3146: raises 6,704 to 8,166 and is all-in
8c6c43c6: folds
Hero: folds
c8bf03a0: folds
42027f33: folds
85b732dc: calls 6,704
1d8f3146: shows [Jd Js]
85b732dc: shows [Kd Qs]
*** FLOP *** [8d 6d 6c]
*** TURN *** [8d 6d 6c] [Ac]
*** RIVER *** [8d 6d 6c Ac] [6s]
*** SHOWDOWN ***
1d8f3146 collected 17,447 from pot
*** SUMMARY ***
Total pot 17,447 | Rake 0 | Jackpot 0 | Bingo 0 | Fortune 0 | Tax 0
Board [8d 6d 6c Ac 6s]
Seat 1: 1d8f3146 showed [Jd Js] and won (17,447) with a full house, Sixes full of Jacks
Seat 2: 8c6c43c6 (button) folded before Flop
Seat 3: Hero (small blind) folded before Flop
Seat 4: c8bf03a0 (big blind) folded before Flop
Seat 5: a858f200 folded before Flop
Seat 6: d6215737 folded before Flop
Seat 7: 42027f33 folded before Flop
Seat 8: 85b732dc showed [Kd Qs] and lost with three of a kind, Sixes


Poker Hand #TM5613887349: Tournament #264779532, APL Series: ¥110 Zodiac Bounty + Rat Hold'em No Limit - Level6(125/250(30)) - 2026/02/21 16:29:46
Table '22' 8-max Seat #1 is the button
Seat 1: 1d8f3146 (8,226 in chips)
Seat 2: 8c6c43c6 (21,269 in chips)
Seat 3: Hero (6,714 in chips)
Seat 4: c8bf03a0 (17,061 in chips)
Seat 5: a858f200 (11,004 in chips)
Seat 6: d6215737 (17,156 in chips)
Seat 7: 42027f33 (11,705 in chips)
Seat 8: 85b732dc (12,697 in chips)
8c6c43c6: posts the ante 30
Hero: posts the ante 30
a858f200: posts the ante 30
1d8f3146: posts the ante 30
42027f33: posts the ante 30
c8bf03a0: posts the ante 30
d6215737: posts the ante 30
85b732dc: posts the ante 30
8c6c43c6: posts small blind 125
Hero: posts big blind 250
*** HOLE CARDS ***
Dealt to 1d8f3146 
Dealt to 8c6c43c6 
Dealt to Hero [Ah 4c]
Dealt to c8bf03a0 
Dealt to a858f200 
Dealt to d6215737 
Dealt to 42027f33 
Dealt to 85b732dc 
c8bf03a0: folds
a858f200: folds
d6215737: raises 250 to 500
42027f33: folds
85b732dc: folds
1d8f3146: folds
8c6c43c6: raises 1,500 to 2,000
Hero: folds
d6215737: folds
Uncalled bet (1,500) returned to 8c6c43c6
*** SHOWDOWN ***
8c6c43c6 collected 1,490 from pot
*** SUMMARY ***
Total pot 1,490 | Rake 0 | Jackpot 0 | Bingo 0 | Fortune 0 | Tax 0
Seat 1: 1d8f3146 (button) folded before Flop
Seat 2: 8c6c43c6 (small blind) collected (1,490)
Seat 3: Hero (big blind) folded before Flop
Seat 4: c8bf03a0 folded before Flop
Seat 5: a858f200 folded before Flop
Seat 6: d6215737 folded before Flop
Seat 7: 42027f33 folded before Flop
Seat 8: 85b732dc folded before Flop


Poker Hand #TM5613887332: Tournament #264779532, APL Series: ¥110 Zodiac Bounty + Rat Hold'em No Limit - Level6(125/250(30)) - 2026/02/21 16:28:03
Table '22' 8-max Seat #8 is the button
Seat 1: 1d8f3146 (8,381 in chips)
Seat 2: 8c6c43c6 (22,247 in chips)
Seat 3: Hero (6,744 in chips)
Seat 4: c8bf03a0 (17,091 in chips)
Seat 5: a858f200 (11,034 in chips)
Seat 6: d6215737 (17,686 in chips)
Seat 7: 42027f33 (11,735 in chips)
Seat 8: 85b732dc (10,914 in chips)
8c6c43c6: posts the ante 30
Hero: posts the ante 30
a858f200: posts the ante 30
1d8f3146: posts the ante 30
42027f33: posts the ante 30
c8bf03a0: posts the ante 30
d6215737: posts the ante 30
85b732dc: posts the ante 30
1d8f3146: posts small blind 125
8c6c43c6: posts big blind 250
*** HOLE CARDS ***
Dealt to 1d8f3146 
Dealt to 8c6c43c6 
Dealt to Hero [3s 5h]
Dealt to c8bf03a0 
Dealt to a858f200 
Dealt to d6215737 
Dealt to 42027f33 
Dealt to 85b732dc 
Hero: folds
c8bf03a0: folds
a858f200: folds
d6215737: raises 250 to 500
42027f33: folds
85b732dc: calls 500
1d8f3146: folds
8c6c43c6: calls 250
*** FLOP *** [As 2h Ah]
8c6c43c6: checks
d6215737: checks
85b732dc: bets 448
8c6c43c6: calls 448
d6215737: folds
*** TURN *** [As 2h Ah] [Kd]
8c6c43c6: checks
85b732dc: checks
*** RIVER *** [As 2h Ah Kd] [8c]
8c6c43c6: checks
85b732dc: bets 2,071
8c6c43c6: folds
Uncalled bet (2,071) returned to 85b732dc
*** SHOWDOWN ***
85b732dc collected 2,761 from pot
*** SUMMARY ***
Total pot 2,761 | Rake 0 | Jackpot 0 | Bingo 0 | Fortune 0 | Tax 0
Board [As 2h Ah Kd 8c]
Seat 1: 1d8f3146 (small blind) folded before Flop
Seat 2: 8c6c43c6 (big blind) folded on the River
Seat 3: Hero folded before Flop
Seat 4: c8bf03a0 folded before Flop
Seat 5: a858f200 folded before Flop
Seat 6: d6215737 folded on the Flop
Seat 7: 42027f33 folded before Flop
Seat 8: 85b732dc (button) won (2,761)


Poker Hand #TM5613887321: Tournament #264779532, APL Series: ¥110 Zodiac Bounty + Rat Hold'em No Limit - Level6(125/250(30)) - 2026/02/21 16:27:16
Table '22' 8-max Seat #7 is the button
Seat 1: 1d8f3146 (8,661 in chips)
Seat 2: 8c6c43c6 (22,277 in chips)
Seat 3: Hero (6,774 in chips)
Seat 4: c8bf03a0 (17,121 in chips)
Seat 5: a858f200 (12,564 in chips)
Seat 6: d6215737 (17,716 in chips)
Seat 7: 42027f33 (9,650 in chips)
Seat 8: 85b732dc (11,069 in chips)
8c6c43c6: posts the ante 30
Hero: posts the ante 30
a858f200: posts the ante 30
1d8f3146: posts the ante 30
42027f33: posts the ante 30
c8bf03a0: posts the ante 30
d6215737: posts the ante 30
85b732dc: posts the ante 30
85b732dc: posts small blind 125
1d8f3146: posts big blind 250
*** HOLE CARDS ***
Dealt to 1d8f3146 
Dealt to 8c6c43c6 
Dealt to Hero [8d Ts]
Dealt to c8bf03a0 
Dealt to a858f200 
Dealt to d6215737 
Dealt to 42027f33 
Dealt to 85b732dc 
8c6c43c6: folds
Hero: folds
c8bf03a0: folds
a858f200: raises 250 to 500
d6215737: folds
42027f33: raises 1,000 to 1,500
85b732dc: folds
1d8f3146: folds
a858f200: calls 1,000
*** FLOP *** [Qd Ad 2d]
a858f200: checks
42027f33: bets 1,374
a858f200: folds
Uncalled bet (1,374) returned to 42027f33
*** SHOWDOWN ***
42027f33 collected 3,615 from pot
*** SUMMARY ***
Total pot 3,615 | Rake 0 | Jackpot 0 | Bingo 0 | Fortune 0 | Tax 0
Board [Qd Ad 2d]
Seat 1: 1d8f3146 (big blind) folded before Flop
Seat 2: 8c6c43c6 folded before Flop
Seat 3: Hero folded before Flop
Seat 4: c8bf03a0 folded before Flop
Seat 5: a858f200 folded on the Flop
Seat 6: d6215737 folded before Flop
Seat 7: 42027f33 (button) won (3,615)
Seat 8: 85b732dc (small blind) folded before Flop


Poker Hand #TM5613887310: Tournament #264779532, APL Series: ¥110 Zodiac Bounty + Rat Hold'em No Limit - Level5(100/200(25)) - 2026/02/21 16:26:19
Table '22' 8-max Seat #6 is the button
Seat 1: 1d8f3146 (9,086 in chips)
Seat 2: 8c6c43c6 (22,302 in chips)
Seat 3: Hero (6,799 in chips)
Seat 4: c8bf03a0 (17,146 in chips)
Seat 5: a858f200 (12,589 in chips)
Seat 6: d6215737 (17,741 in chips)
Seat 7: 42027f33 (9,775 in chips)
Seat 8: 85b732dc (10,394 in chips)
8c6c43c6: posts the ante 25
Hero: posts the ante 25
a858f200: posts the ante 25
1d8f3146: posts the ante 25
c8bf03a0: posts the ante 25
42027f33: posts the ante 25
d6215737: posts the ante 25
85b732dc: posts the ante 25
42027f33: posts small blind 100
85b732dc: posts big blind 200
*** HOLE CARDS ***
Dealt to 1d8f3146 
Dealt to 8c6c43c6 
Dealt to Hero [Kh 4c]
Dealt to c8bf03a0 
Dealt to a858f200 
Dealt to d6215737 
Dealt to 42027f33 
Dealt to 85b732dc 
1d8f3146: raises 200 to 400
8c6c43c6: folds
Hero: folds
c8bf03a0: folds
a858f200: folds
d6215737: folds
42027f33: folds
85b732dc: calls 200
*** FLOP *** [Td Ks Kd]
85b732dc: checks
1d8f3146: checks
*** TURN *** [Td Ks Kd] [5d]
85b732dc: bets 1,320
1d8f3146: folds
Uncalled bet (1,320) returned to 85b732dc
*** SHOWDOWN ***
85b732dc collected 1,100 from pot
*** SUMMARY ***
Total pot 1,100 | Rake 0 | Jackpot 0 | Bingo 0 | Fortune 0 | Tax 0
Board [Td Ks Kd 5d]
Seat 1: 1d8f3146 folded on the Turn
Seat 2: 8c6c43c6 folded before Flop
Seat 3: Hero folded before Flop
Seat 4: c8bf03a0 folded before Flop
Seat 5: a858f200 folded before Flop
Seat 6: d6215737 (button) folded before Flop
Seat 7: 42027f33 (small blind) folded before Flop
Seat 8: 85b732dc (big blind) won (1,100)


Poker Hand #TM5613887302: Tournament #264779532, APL Series: ¥110 Zodiac Bounty + Rat Hold'em No Limit - Level5(100/200(25)) - 2026/02/21 16:25:46
Table '22' 8-max Seat #5 is the button
Seat 1: 1d8f3146 (9,111 in chips)
Seat 2: 8c6c43c6 (21,427 in chips)
Seat 3: Hero (6,824 in chips)
Seat 4: c8bf03a0 (17,171 in chips)
Seat 5: a858f200 (12,614 in chips)
Seat 6: d6215737 (17,866 in chips)
Seat 7: 42027f33 (10,000 in chips)
Seat 8: 85b732dc (10,819 in chips)
8c6c43c6: posts the ante 25
Hero: posts the ante 25
a858f200: posts the ante 25
1d8f3146: posts the ante 25
c8bf03a0: posts the ante 25
42027f33: posts the ante 25
d6215737: posts the ante 25
85b732dc: posts the ante 25
d6215737: posts small blind 100
42027f33: posts big blind 200
*** HOLE CARDS ***
Dealt to 1d8f3146 
Dealt to 8c6c43c6 
Dealt to Hero [8h 5s]
Dealt to c8bf03a0 
Dealt to a858f200 
Dealt to d6215737 
Dealt to 42027f33 
Dealt to 85b732dc 
85b732dc: raises 200 to 400
1d8f3146: folds
8c6c43c6: raises 800 to 1,200
Hero: folds
c8bf03a0: folds
a858f200: folds
d6215737: folds
42027f33: folds
85b732dc: folds
Uncalled bet (800) returned to 8c6c43c6
*** SHOWDOWN ***
8c6c43c6 collected 1,300 from pot
*** SUMMARY ***
Total pot 1,300 | Rake 0 | Jackpot 0 | Bingo 0 | Fortune 0 | Tax 0
Seat 1: 1d8f3146 folded before Flop
Seat 2: 8c6c43c6 collected (1,300)
Seat 3: Hero folded before Flop
Seat 4: c8bf03a0 folded before Flop
Seat 5: a858f200 (button) folded before Flop
Seat 6: d6215737 (small blind) folded before Flop
Seat 7: 42027f33 (big blind) folded before Flop
Seat 8: 85b732dc folded before Flop


Poker Hand #TM5613887294: Tournament #264779532, APL Series: ¥110 Zodiac Bounty + Rat Hold'em No Limit - Level5(100/200(25)) - 2026/02/21 16:25:10
Table '22' 8-max Seat #4 is the button
Seat 1: 1d8f3146 (9,136 in chips)
Seat 2: 8c6c43c6 (20,422 in chips)
Seat 3: Hero (6,849 in chips)
Seat 4: c8bf03a0 (17,196 in chips)
Seat 5: a858f200 (12,739 in chips)
Seat 6: d6215737 (18,646 in chips)
Seat 8: 85b732dc (10,844 in chips)
8c6c43c6: posts the ante 25
Hero: posts the ante 25
a858f200: posts the ante 25
1d8f3146: posts the ante 25
c8bf03a0: posts the ante 25
d6215737: posts the ante 25
85b732dc: posts the ante 25
a858f200: posts small blind 100
d6215737: posts big blind 200
*** HOLE CARDS ***
Dealt to 1d8f3146 
Dealt to 8c6c43c6 
Dealt to Hero [As 9c]
Dealt to c8bf03a0 
Dealt to a858f200 
Dealt to d6215737 
Dealt to 85b732dc 
85b732dc: folds
1d8f3146: folds
8c6c43c6: raises 200 to 400
Hero: folds
c8bf03a0: folds
a858f200: folds
d6215737: calls 200
*** FLOP *** [7h Jc Jh]
d6215737: checks
8c6c43c6: bets 355
d6215737: calls 355
*** TURN *** [7h Jc Jh] [8h]
d6215737: checks
8c6c43c6: bets 911
d6215737: folds
Uncalled bet (911) returned to 8c6c43c6
*** SHOWDOWN ***
8c6c43c6 collected 1,785 from pot
*** SUMMARY ***
Total pot 1,785 | Rake 0 | Jackpot 0 | Bingo 0 | Fortune 0 | Tax 0
Board [7h Jc Jh 8h]
Seat 1: 1d8f3146 folded before Flop
Seat 2: 8c6c43c6 won (1,785)
Seat 3: Hero folded before Flop
Seat 4: c8bf03a0 (button) folded before Flop
Seat 5: a858f200 (small blind) folded before Flop
Seat 6: d6215737 (big blind) folded on the Turn
Seat 8: 85b732dc folded before Flop


Poker Hand #TM5613887277: Tournament #264779532, APL Series: ¥110 Zodiac Bounty + Rat Hold'em No Limit - Level5(100/200(25)) - 2026/02/21 16:23:34
Table '22' 8-max Seat #3 is the button
Seat 1: 1d8f3146 (9,161 in chips)
Seat 2: 8c6c43c6 (21,309 in chips)
Seat 3: Hero (6,874 in chips)
Seat 4: c8bf03a0 (18,083 in chips)
Seat 5: a858f200 (10,840 in chips)
Seat 6: d6215737 (18,671 in chips)
Seat 7: bd162ca0 (10,787 in chips)
Seat 8: 85b732dc (10,869 in chips)
8c6c43c6: posts the ante 25
Hero: posts the ante 25
a858f200: posts the ante 25
1d8f3146: posts the ante 25
bd162ca0: posts the ante 25
c8bf03a0: posts the ante 25
d6215737: posts the ante 25
85b732dc: posts the ante 25
c8bf03a0: posts small blind 100
a858f200: posts big blind 200
*** HOLE CARDS ***
Dealt to 1d8f3146 
Dealt to 8c6c43c6 
Dealt to Hero [9h 7s]
Dealt to c8bf03a0 
Dealt to a858f200 
Dealt to d6215737 
Dealt to bd162ca0 
Dealt to 85b732dc 
d6215737: folds
bd162ca0: folds
85b732dc: folds
1d8f3146: folds
8c6c43c6: raises 200 to 400
Hero: folds
c8bf03a0: calls 300
a858f200: calls 200
*** FLOP *** [2d Qc 5c]
c8bf03a0: checks
a858f200: checks
8c6c43c6: bets 462
c8bf03a0: calls 462
a858f200: calls 462
*** TURN *** [2d Qc 5c] [2s]
c8bf03a0: checks
a858f200: checks
8c6c43c6: checks
*** RIVER *** [2d Qc 5c 2s] [4h]
c8bf03a0: checks
a858f200: bets 2,190
8c6c43c6: folds
c8bf03a0: folds
Uncalled bet (2,190) returned to a858f200
*** SHOWDOWN ***
a858f200 collected 2,786 from pot
*** SUMMARY ***
Total pot 2,786 | Rake 0 | Jackpot 0 | Bingo 0 | Fortune 0 | Tax 0
Board [2d Qc 5c 2s 4h]
Seat 1: 1d8f3146 folded before Flop
Seat 2: 8c6c43c6 folded on the River
Seat 3: Hero (button) folded before Flop
Seat 4: c8bf03a0 (small blind) folded on the River
Seat 5: a858f200 (big blind) won (2,786)
Seat 6: d6215737 folded before Flop
Seat 7: bd162ca0 folded before Flop
Seat 8: 85b732dc folded before Flop


Poker Hand #TM5613887267: Tournament #264779532, APL Series: ¥110 Zodiac Bounty + Rat Hold'em No Limit - Level5(100/200(25)) - 2026/02/21 16:23:06
Table '22' 8-max Seat #2 is the button
Seat 1: 1d8f3146 (9,186 in chips)
Seat 2: 8c6c43c6 (21,334 in chips)
Seat 3: Hero (6,999 in chips)
Seat 4: c8bf03a0 (18,308 in chips)
Seat 5: a858f200 (10,865 in chips)
Seat 6: d6215737 (18,196 in chips)
Seat 7: bd162ca0 (10,812 in chips)
Seat 8: 85b732dc (10,894 in chips)
8c6c43c6: posts the ante 25
Hero: posts the ante 25
a858f200: posts the ante 25
1d8f3146: posts the ante 25
bd162ca0: posts the ante 25
c8bf03a0: posts the ante 25
d6215737: posts the ante 25
85b732dc: posts the ante 25
Hero: posts small blind 100
c8bf03a0: posts big blind 200
*** HOLE CARDS ***
Dealt to 1d8f3146 
Dealt to 8c6c43c6 
Dealt to Hero [7s Tc]
Dealt to c8bf03a0 
Dealt to a858f200 
Dealt to d6215737 
Dealt to bd162ca0 
Dealt to 85b732dc 
a858f200: folds
d6215737: raises 200 to 400
bd162ca0: folds
85b732dc: folds
1d8f3146: folds
8c6c43c6: folds
Hero: folds
c8bf03a0: folds
Uncalled bet (200) returned to d6215737
*** SHOWDOWN ***
d6215737 collected 700 from pot
*** SUMMARY ***
Total pot 700 | Rake 0 | Jackpot 0 | Bingo 0 | Fortune 0 | Tax 0
Seat 1: 1d8f3146 folded before Flop
Seat 2: 8c6c43c6 (button) folded before Flop
Seat 3: Hero (small blind) folded before Flop
Seat 4: c8bf03a0 (big blind) folded before Flop
Seat 5: a858f200 folded before Flop
Seat 6: d6215737 collected (700)
Seat 7: bd162ca0 folded before Flop
Seat 8: 85b732dc folded before Flop


Poker Hand #TM5613887251: Tournament #264779532, APL Series: ¥110 Zodiac Bounty + Rat Hold'em No Limit - Level5(100/200(25)) - 2026/02/21 16:21:46
Table '22' 8-max Seat #1 is the button
Seat 1: 1d8f3146 (9,211 in chips)
Seat 2: 8c6c43c6 (10,592 in chips)
Seat 3: Hero (17,591 in chips)
Seat 4: c8bf03a0 (18,333 in chips)
Seat 5: a858f200 (10,890 in chips)
Seat 6: d6215737 (18,221 in chips)
Seat 7: bd162ca0 (10,837 in chips)
Seat 8: 85b732dc (10,919 in chips)
8c6c43c6: posts the ante 25
Hero: posts the ante 25
a858f200: posts the ante 25
1d8f3146: posts the ante 25
bd162ca0: posts the ante 25
c8bf03a0: posts the ante 25
d6215737: posts the ante 25
85b732dc: posts the ante 25
8c6c43c6: posts small blind 100
Hero: posts big blind 200
*** HOLE CARDS ***
Dealt to 1d8f3146 
Dealt to 8c6c43c6 
Dealt to Hero [9c Ks]
Dealt to c8bf03a0 
Dealt to a858f200 
Dealt to d6215737 
Dealt to bd162ca0 
Dealt to 85b732dc 
c8bf03a0: folds
a858f200: folds
d6215737: folds
bd162ca0: folds
85b732dc: folds
1d8f3146: folds
8c6c43c6: raises 500 to 700
Hero: calls 500
*** FLOP *** [Ts 5s 9h]
8c6c43c6: bets 528
Hero: calls 528
*** TURN *** [Ts 5s 9h] [4h]
8c6c43c6: bets 2,100
Hero: calls 2,100
*** RIVER *** [Ts 5s 9h 4h] [5d]
8c6c43c6: bets 7,239 and is all-in
Hero: calls 7,239
8c6c43c6: shows [Ah Ad] (two pair, Aces and Fives)
Hero: shows [9c Ks] (two pair, Nines and Fives)
*** SHOWDOWN ***
8c6c43c6 collected 21,334 from pot
*** SUMMARY ***
Total pot 21,334 | Rake 0 | Jackpot 0 | Bingo 0 | Fortune 0 | Tax 0
Board [Ts 5s 9h 4h 5d]
Seat 1: 1d8f3146 (button) folded before Flop
Seat 2: 8c6c43c6 (small blind) showed [Ah Ad] and won (21,334) with two pair, Aces and Fives
Seat 3: Hero (big blind) showed [9c Ks] and lost with two pair, Nines and Fives
Seat 4: c8bf03a0 folded before Flop
Seat 5: a858f200 folded before Flop
Seat 6: d6215737 folded before Flop
Seat 7: bd162ca0 folded before Flop
Seat 8: 85b732dc folded before Flop


Poker Hand #TM5613887242: Tournament #264779532, APL Series: ¥110 Zodiac Bounty + Rat Hold'em No Limit - Level5(100/200(25)) - 2026/02/21 16:20:59
Table '22' 8-max Seat #8 is the button
Seat 1: 1d8f3146 (9,336 in chips)
Seat 2: 8c6c43c6 (10,817 in chips)
Seat 3: Hero (17,616 in chips)
Seat 4: c8bf03a0 (18,358 in chips)
Seat 5: a858f200 (10,915 in chips)
Seat 6: d6215737 (18,646 in chips)
Seat 7: bd162ca0 (10,862 in chips)
Seat 8: 85b732dc (10,044 in chips)
8c6c43c6: posts the ante 25
Hero: posts the ante 25
a858f200: posts the ante 25
1d8f3146: posts the ante 25
bd162ca0: posts the ante 25
c8bf03a0: posts the ante 25
d6215737: posts the ante 25
85b732dc: posts the ante 25
1d8f3146: posts small blind 100
8c6c43c6: posts big blind 200
*** HOLE CARDS ***
Dealt to 1d8f3146 
Dealt to 8c6c43c6 
Dealt to Hero [2s Ac]
Dealt to c8bf03a0 
Dealt to a858f200 
Dealt to d6215737 
Dealt to bd162ca0 
Dealt to 85b732dc 
Hero: folds
c8bf03a0: folds
a858f200: folds
d6215737: raises 200 to 400
bd162ca0: folds
85b732dc: raises 829 to 1,229
1d8f3146: folds
8c6c43c6: folds
d6215737: folds
Uncalled bet (829) returned to 85b732dc
*** SHOWDOWN ***
85b732dc collected 1,300 from pot
*** SUMMARY ***
Total pot 1,300 | Rake 0 | Jackpot 0 | Bingo 0 | Fortune 0 | Tax 0
Seat 1: 1d8f3146 (small blind) folded before Flop
Seat 2: 8c6c43c6 (big blind) folded before Flop
Seat 3: Hero folded before Flop
Seat 4: c8bf03a0 folded before Flop
Seat 5: a858f200 folded before Flop
Seat 6: d6215737 folded before Flop
Seat 7: bd162ca0 folded before Flop
Seat 8: 85b732dc (button) collected (1,300)


Poker Hand #TM5613887235: Tournament #264779532, APL Series: ¥110 Zodiac Bounty + Rat Hold'em No Limit - Level5(100/200(25)) - 2026/02/21 16:20:16
Table '22' 8-max Seat #7 is the button
Seat 1: 1d8f3146 (8,352 in chips)
Seat 2: 8c6c43c6 (10,842 in chips)
Seat 3: Hero (17,641 in chips)
Seat 4: c8bf03a0 (18,383 in chips)
Seat 5: a858f200 (11,649 in chips)
Seat 6: d6215737 (18,671 in chips)
Seat 7: bd162ca0 (10,887 in chips)
Seat 8: 85b732dc (10,169 in chips)
8c6c43c6: posts the ante 25
Hero: posts the ante 25
a858f200: posts the ante 25
1d8f3146: posts the ante 25
bd162ca0: posts the ante 25
c8bf03a0: posts the ante 25
d6215737: posts the ante 25
85b732dc: posts the ante 25
85b732dc: posts small blind 100
1d8f3146: posts big blind 200
*** HOLE CARDS ***
Dealt to 1d8f3146 
Dealt to 8c6c43c6 
Dealt to Hero [4h 7s]
Dealt to c8bf03a0 
Dealt to a858f200 
Dealt to d6215737 
Dealt to bd162ca0 
Dealt to 85b732dc 
8c6c43c6: folds
Hero: folds
c8bf03a0: folds
a858f200: raises 200 to 400
d6215737: folds
bd162ca0: folds
85b732dc: folds
1d8f3146: calls 200
*** FLOP *** [5s Kd 8h]
1d8f3146: checks
a858f200: bets 309
1d8f3146: raises 567 to 876
a858f200: folds
Uncalled bet (567) returned to 1d8f3146
*** SHOWDOWN ***
1d8f3146 collected 1,718 from pot
*** SUMMARY ***
Total pot 1,718 | Rake 0 | Jackpot 0 | Bingo 0 | Fortune 0 | Tax 0
Board [5s Kd 8h]
Seat 1: 1d8f3146 (big blind) won (1,718)
Seat 2: 8c6c43c6 folded before Flop
Seat 3: Hero folded before Flop
Seat 4: c8bf03a0 folded before Flop
Seat 5: a858f200 folded on the Flop
Seat 6: d6215737 folded before Flop
Seat 7: bd162ca0 (button) folded before Flop
Seat 8: 85b732dc (small blind) folded before Flop


Poker Hand #TM5613887227: Tournament #264779532, APL Series: ¥110 Zodiac Bounty + Rat Hold'em No Limit - Level5(100/200(25)) - 2026/02/21 16:19:32
Table '22' 8-max Seat #6 is the button
Seat 1: 1d8f3146 (8,377 in chips)
Seat 2: 8c6c43c6 (11,267 in chips)
Seat 3: Hero (17,666 in chips)
Seat 4: c8bf03a0 (18,408 in chips)
Seat 5: a858f200 (11,674 in chips)
Seat 6: d6215737 (18,696 in chips)
Seat 7: bd162ca0 (10,112 in chips)
Seat 8: 85b732dc (10,394 in chips)
8c6c43c6: posts the ante 25
Hero: posts the ante 25
a858f200: posts the ante 25
1d8f3146: posts the ante 25
bd162ca0: posts the ante 25
c8bf03a0: posts the ante 25
d6215737: posts the ante 25
85b732dc: posts the ante 25
bd162ca0: posts small blind 100
85b732dc: posts big blind 200
*** HOLE CARDS ***
Dealt to 1d8f3146 
Dealt to 8c6c43c6 
Dealt to Hero [8d 5c]
Dealt to c8bf03a0 
Dealt to a858f200 
Dealt to d6215737 
Dealt to bd162ca0 
Dealt to 85b732dc 
1d8f3146: folds
8c6c43c6: raises 200 to 400
Hero: folds
c8bf03a0: folds
a858f200: folds
d6215737: folds
bd162ca0: raises 1,200 to 1,600
85b732dc: folds
8c6c43c6: folds
Uncalled bet (1,200) returned to bd162ca0
*** SHOWDOWN ***
bd162ca0 collected 1,200 from pot
*** SUMMARY ***
Total pot 1,200 | Rake 0 | Jackpot 0 | Bingo 0 | Fortune 0 | Tax 0
Seat 1: 1d8f3146 folded before Flop
Seat 2: 8c6c43c6 folded before Flop
Seat 3: Hero folded before Flop
Seat 4: c8bf03a0 folded before Flop
Seat 5: a858f200 folded before Flop
Seat 6: d6215737 (button) folded before Flop
Seat 7: bd162ca0 (small blind) collected (1,200)
Seat 8: 85b732dc (big blind) folded before Flop


Poker Hand #TM5613887213: Tournament #264779532, APL Series: ¥110 Zodiac Bounty + Rat Hold'em No Limit - Level5(100/200(25)) - 2026/02/21 16:18:41
Table '22' 8-max Seat #5 is the button
Seat 1: 1d8f3146 (9,297 in chips)
Seat 2: 8c6c43c6 (11,292 in chips)
Seat 3: Hero (17,691 in chips)
Seat 4: c8bf03a0 (18,433 in chips)
Seat 5: a858f200 (11,699 in chips)
Seat 6: d6215737 (18,821 in chips)
Seat 7: bd162ca0 (8,942 in chips)
Seat 8: 85b732dc (10,419 in chips)
8c6c43c6: posts the ante 25
Hero: posts the ante 25
a858f200: posts the ante 25
1d8f3146: posts the ante 25
bd162ca0: posts the ante 25
c8bf03a0: posts the ante 25
d6215737: posts the ante 25
85b732dc: posts the ante 25
d6215737: posts small blind 100
bd162ca0: posts big blind 200
*** HOLE CARDS ***
Dealt to 1d8f3146 
Dealt to 8c6c43c6 
Dealt to Hero [9c Ks]
Dealt to c8bf03a0 
Dealt to a858f200 
Dealt to d6215737 
Dealt to bd162ca0 
Dealt to 85b732dc 
85b732dc: folds
1d8f3146: raises 200 to 400
8c6c43c6: folds
Hero: folds
c8bf03a0: folds
a858f200: folds
d6215737: folds
bd162ca0: calls 200
*** FLOP *** [4c 2d As]
bd162ca0: checks
1d8f3146: bets 495
bd162ca0: raises 1,005 to 1,500
1d8f3146: folds
Uncalled bet (1,005) returned to bd162ca0
*** SHOWDOWN ***
bd162ca0 collected 2,090 from pot
*** SUMMARY ***
Total pot 2,090 | Rake 0 | Jackpot 0 | Bingo 0 | Fortune 0 | Tax 0
Board [4c 2d As]
Seat 1: 1d8f3146 folded on the Flop
Seat 2: 8c6c43c6 folded before Flop
Seat 3: Hero folded before Flop
Seat 4: c8bf03a0 folded before Flop
Seat 5: a858f200 (button) folded before Flop
Seat 6: d6215737 (small blind) folded before Flop
Seat 7: bd162ca0 (big blind) won (2,090)
Seat 8: 85b732dc folded before Flop


Poker Hand #TM5613887199: Tournament #264779532, APL Series: ¥110 Zodiac Bounty + Rat Hold'em No Limit - Level5(100/200(25)) - 2026/02/21 16:17:21
Table '22' 8-max Seat #4 is the button
Seat 1: 1d8f3146 (9,322 in chips)
Seat 2: 8c6c43c6 (11,317 in chips)
Seat 3: Hero (21,820 in chips)
Seat 4: c8bf03a0 (18,458 in chips)
Seat 5: a858f200 (12,124 in chips)
Seat 6: d6215737 (14,142 in chips)
Seat 7: bd162ca0 (8,967 in chips)
Seat 8: 85b732dc (10,444 in chips)
8c6c43c6: posts the ante 25
Hero: posts the ante 25
a858f200: posts the ante 25
1d8f3146: posts the ante 25
bd162ca0: posts the ante 25
c8bf03a0: posts the ante 25
d6215737: posts the ante 25
85b732dc: posts the ante 25
a858f200: posts small blind 100
d6215737: posts big blind 200
*** HOLE CARDS ***
Dealt to 1d8f3146 
Dealt to 8c6c43c6 
Dealt to Hero [5d Ah]
Dealt to c8bf03a0 
Dealt to a858f200 
Dealt to d6215737 
Dealt to bd162ca0 
Dealt to 85b732dc 
bd162ca0: folds
85b732dc: folds
1d8f3146: folds
8c6c43c6: folds
Hero: raises 200 to 400
c8bf03a0: folds
a858f200: calls 300
d6215737: calls 200
*** FLOP *** [Ks 2d 3d]
a858f200: checks
d6215737: checks
Hero: bets 462
a858f200: folds
d6215737: raises 1,162 to 1,624
Hero: calls 1,162
*** TURN *** [Ks 2d 3d] [2h]
d6215737: bets 2,080
Hero: calls 2,080
*** RIVER *** [Ks 2d 3d 2h] [Tc]
d6215737: checks
Hero: checks
d6215737: shows [Kd 7d] (two pair, Kings and Twos)
Hero: shows [5d Ah] (a pair of Twos)
*** SHOWDOWN ***
d6215737 collected 8,808 from pot
*** SUMMARY ***
Total pot 8,808 | Rake 0 | Jackpot 0 | Bingo 0 | Fortune 0 | Tax 0
Board [Ks 2d 3d 2h Tc]
Seat 1: 1d8f3146 folded before Flop
Seat 2: 8c6c43c6 folded before Flop
Seat 3: Hero showed [5d Ah] and lost with a pair of Twos
Seat 4: c8bf03a0 (button) folded before Flop
Seat 5: a858f200 (small blind) folded on the Flop
Seat 6: d6215737 (big blind) showed [Kd 7d] and won (8,808) with two pair, Kings and Twos
Seat 7: bd162ca0 folded before Flop
Seat 8: 85b732dc folded before Flop


Poker Hand #TM5613887194: Tournament #264779532, APL Series: ¥110 Zodiac Bounty + Rat Hold'em No Limit - Level4(75/150(18)) - 2026/02/21 16:16:58
Table '22' 8-max Seat #3 is the button
Seat 1: 1d8f3146 (9,340 in chips)
Seat 2: 8c6c43c6 (10,966 in chips)
Seat 3: Hero (21,838 in chips)
Seat 4: c8bf03a0 (18,551 in chips)
Seat 5: a858f200 (12,292 in chips)
Seat 6: d6215737 (14,160 in chips)
Seat 7: bd162ca0 (8,985 in chips)
Seat 8: 85b732dc (10,462 in chips)
8c6c43c6: posts the ante 18
Hero: posts the ante 18
a858f200: posts the ante 18
1d8f3146: posts the ante 18
bd162ca0: posts the ante 18
c8bf03a0: posts the ante 18
d6215737: posts the ante 18
85b732dc: posts the ante 18
c8bf03a0: posts small blind 75
a858f200: posts big blind 150
*** HOLE CARDS ***
Dealt to 1d8f3146 
Dealt to 8c6c43c6 
Dealt to Hero [3d 7c]
Dealt to c8bf03a0 
Dealt to a858f200 
Dealt to d6215737 
Dealt to bd162ca0 
Dealt to 85b732dc 
d6215737: folds
bd162ca0: folds
85b732dc: folds
1d8f3146: folds
8c6c43c6: raises 150 to 300
Hero: folds
c8bf03a0: folds
a858f200: folds
Uncalled bet (150) returned to 8c6c43c6
*** SHOWDOWN ***
8c6c43c6 collected 519 from pot
*** SUMMARY ***
Total pot 519 | Rake 0 | Jackpot 0 | Bingo 0 | Fortune 0 | Tax 0
Seat 1: 1d8f3146 folded before Flop
Seat 2: 8c6c43c6 collected (519)
Seat 3: Hero (button) folded before Flop
Seat 4: c8bf03a0 (small blind) folded before Flop
Seat 5: a858f200 (big blind) folded before Flop
Seat 6: d6215737 folded before Flop
Seat 7: bd162ca0 folded before Flop
Seat 8: 85b732dc folded before Flop


Poker Hand #TM5613887183: Tournament #264779532, APL Series: ¥110 Zodiac Bounty + Rat Hold'em No Limit - Level4(75/150(18)) - 2026/02/21 16:15:53
Table '22' 8-max Seat #2 is the button
Seat 1: 1d8f3146 (9,358 in chips)
Seat 2: 8c6c43c6 (10,465 in chips)
Seat 3: Hero (21,931 in chips)
Seat 4: c8bf03a0 (18,869 in chips)
Seat 5: a858f200 (12,310 in chips)
Seat 6: d6215737 (14,178 in chips)
Seat 7: bd162ca0 (9,003 in chips)
Seat 8: 85b732dc (10,480 in chips)
8c6c43c6: posts the ante 18
Hero: posts the ante 18
a858f200: posts the ante 18
1d8f3146: posts the ante 18
bd162ca0: posts the ante 18
c8bf03a0: posts the ante 18
d6215737: posts the ante 18
85b732dc: posts the ante 18
Hero: posts small blind 75
c8bf03a0: posts big blind 150
*** HOLE CARDS ***
Dealt to 1d8f3146 
Dealt to 8c6c43c6 
Dealt to Hero [Jd 3h]
Dealt to c8bf03a0 
Dealt to a858f200 
Dealt to d6215737 
Dealt to bd162ca0 
Dealt to 85b732dc 
a858f200: folds
d6215737: folds
bd162ca0: folds
85b732dc: folds
1d8f3146: folds
8c6c43c6: raises 150 to 300
Hero: folds
c8bf03a0: calls 150
*** FLOP *** [7s Ac Ts]
c8bf03a0: checks
8c6c43c6: bets 418
c8bf03a0: folds
Uncalled bet (418) returned to 8c6c43c6
*** SHOWDOWN ***
8c6c43c6 collected 819 from pot
*** SUMMARY ***
Total pot 819 | Rake 0 | Jackpot 0 | Bingo 0 | Fortune 0 | Tax 0
Board [7s Ac Ts]
Seat 1: 1d8f3146 folded before Flop
Seat 2: 8c6c43c6 (button) won (819)
Seat 3: Hero (small blind) folded before Flop
Seat 4: c8bf03a0 (big blind) folded on the Flop
Seat 5: a858f200 folded before Flop
Seat 6: d6215737 folded before Flop
Seat 7: bd162ca0 folded before Flop
Seat 8: 85b732dc folded before Flop


Poker Hand #TM5613887174: Tournament #264779532, APL Series: ¥110 Zodiac Bounty + Rat Hold'em No Limit - Level4(75/150(18)) - 2026/02/21 16:15:01
Table '22' 8-max Seat #1 is the button
Seat 1: 1d8f3146 (9,376 in chips)
Seat 2: 8c6c43c6 (10,558 in chips)
Seat 3: Hero (21,130 in chips)
Seat 4: c8bf03a0 (18,887 in chips)
Seat 5: a858f200 (12,328 in chips)
Seat 6: d6215737 (14,496 in chips)
Seat 7: bd162ca0 (9,021 in chips)
Seat 8: 85b732dc (10,798 in chips)
8c6c43c6: posts the ante 18
Hero: posts the ante 18
a858f200: posts the ante 18
1d8f3146: posts the ante 18
bd162ca0: posts the ante 18
c8bf03a0: posts the ante 18
d6215737: posts the ante 18
85b732dc: posts the ante 18
8c6c43c6: posts small blind 75
Hero: posts big blind 150
*** HOLE CARDS ***
Dealt to 1d8f3146 
Dealt to 8c6c43c6 
Dealt to Hero [Ah Ks]
Dealt to c8bf03a0 
Dealt to a858f200 
Dealt to d6215737 
Dealt to bd162ca0 
Dealt to 85b732dc 
c8bf03a0: folds
a858f200: folds
d6215737: raises 150 to 300
bd162ca0: folds
85b732dc: calls 300
1d8f3146: folds
8c6c43c6: folds
Hero: raises 1,419 to 1,719
d6215737: folds
85b732dc: folds
Uncalled bet (1,419) returned to Hero
*** SHOWDOWN ***
Hero collected 1,119 from pot
*** SUMMARY ***
Total pot 1,119 | Rake 0 | Jackpot 0 | Bingo 0 | Fortune 0 | Tax 0
Seat 1: 1d8f3146 (button) folded before Flop
Seat 2: 8c6c43c6 (small blind) folded before Flop
Seat 3: Hero (big blind) collected (1,119)
Seat 4: c8bf03a0 folded before Flop
Seat 5: a858f200 folded before Flop
Seat 6: d6215737 folded before Flop
Seat 7: bd162ca0 folded before Flop
Seat 8: 85b732dc folded before Flop


Poker Hand #TM5613887164: Tournament #264779532, APL Series: ¥110 Zodiac Bounty + Rat Hold'em No Limit - Level4(75/150(18)) - 2026/02/21 16:14:25
Table '22' 8-max Seat #8 is the button
Seat 1: 1d8f3146 (9,469 in chips)
Seat 2: 8c6c43c6 (10,357 in chips)
Seat 3: Hero (21,148 in chips)
Seat 4: c8bf03a0 (18,905 in chips)
Seat 5: a858f200 (12,346 in chips)
Seat 6: d6215737 (14,514 in chips)
Seat 7: bd162ca0 (9,039 in chips)
Seat 8: 85b732dc (10,816 in chips)
8c6c43c6: posts the ante 18
Hero: posts the ante 18
a858f200: posts the ante 18
1d8f3146: posts the ante 18
bd162ca0: posts the ante 18
c8bf03a0: posts the ante 18
d6215737: posts the ante 18
85b732dc: posts the ante 18
1d8f3146: posts small blind 75
8c6c43c6: posts big blind 150
*** HOLE CARDS ***
Dealt to 1d8f3146 
Dealt to 8c6c43c6 
Dealt to Hero [Ah 8c]
Dealt to c8bf03a0 
Dealt to a858f200 
Dealt to d6215737 
Dealt to bd162ca0 
Dealt to 85b732dc 
Hero: folds
c8bf03a0: folds
a858f200: folds
d6215737: folds
bd162ca0: folds
85b732dc: folds
1d8f3146: folds
Uncalled bet (75) returned to 8c6c43c6
*** SHOWDOWN ***
8c6c43c6 collected 294 from pot
*** SUMMARY ***
Total pot 294 | Rake 0 | Jackpot 0 | Bingo 0 | Fortune 0 | Tax 0
Seat 1: 1d8f3146 (small blind) folded before Flop
Seat 2: 8c6c43c6 (big blind) collected (294)
Seat 3: Hero folded before Flop
Seat 4: c8bf03a0 folded before Flop
Seat 5: a858f200 folded before Flop
Seat 6: d6215737 folded before Flop
Seat 7: bd162ca0 folded before Flop
Seat 8: 85b732dc (button) folded before Flop


Poker Hand #TM5613887145: Tournament #264779532, APL Series: ¥110 Zodiac Bounty + Rat Hold'em No Limit - Level4(75/150(18)) - 2026/02/21 16:12:43
Table '22' 8-max Seat #7 is the button
Seat 1: 1d8f3146 (9,637 in chips)
Seat 2: 8c6c43c6 (10,375 in chips)
Seat 3: Hero (21,166 in chips)
Seat 4: c8bf03a0 (18,923 in chips)
Seat 5: a858f200 (12,364 in chips)
Seat 6: d6215737 (14,532 in chips)
Seat 7: bd162ca0 (9,804 in chips)
Seat 8: 85b732dc (9,793 in chips)
8c6c43c6: posts the ante 18
Hero: posts the ante 18
a858f200: posts the ante 18
1d8f3146: posts the ante 18
bd162ca0: posts the ante 18
c8bf03a0: posts the ante 18
d6215737: posts the ante 18
85b732dc: posts the ante 18
85b732dc: posts small blind 75
1d8f3146: posts big blind 150
*** HOLE CARDS ***
Dealt to 1d8f3146 
Dealt to 8c6c43c6 
Dealt to Hero [7h Qc]
Dealt to c8bf03a0 
Dealt to a858f200 
Dealt to d6215737 
Dealt to bd162ca0 
Dealt to 85b732dc 
8c6c43c6: folds
Hero: folds
c8bf03a0: folds
a858f200: folds
d6215737: folds
bd162ca0: raises 150 to 300
85b732dc: calls 225
1d8f3146: folds
*** FLOP *** [5h 4h Tc]
85b732dc: checks
bd162ca0: bets 447
85b732dc: calls 447
*** TURN *** [5h 4h Tc] [5c]
85b732dc: checks
bd162ca0: checks
*** RIVER *** [5h 4h Tc 5c] [Jd]
85b732dc: bets 2,146
bd162ca0: folds
Uncalled bet (2,146) returned to 85b732dc
*** SHOWDOWN ***
85b732dc collected 1,788 from pot
*** SUMMARY ***
Total pot 1,788 | Rake 0 | Jackpot 0 | Bingo 0 | Fortune 0 | Tax 0
Board [5h 4h Tc 5c Jd]
Seat 1: 1d8f3146 (big blind) folded before Flop
Seat 2: 8c6c43c6 folded before Flop
Seat 3: Hero folded before Flop
Seat 4: c8bf03a0 folded before Flop
Seat 5: a858f200 folded before Flop
Seat 6: d6215737 folded before Flop
Seat 7: bd162ca0 (button) folded on the River
Seat 8: 85b732dc (small blind) won (1,788)


Poker Hand #TM5613887122: Tournament #264779532, APL Series: ¥110 Zodiac Bounty + Rat Hold'em No Limit - Level4(75/150(18)) - 2026/02/21 16:10:54
Table '22' 8-max Seat #6 is the button
Seat 1: 1d8f3146 (9,655 in chips)
Seat 2: 8c6c43c6 (10,393 in chips)
Seat 3: Hero (21,184 in chips)
Seat 4: c8bf03a0 (18,941 in chips)
Seat 5: a858f200 (12,382 in chips)
Seat 6: d6215737 (14,550 in chips)
Seat 7: bd162ca0 (9,378 in chips)
Seat 8: 85b732dc (10,111 in chips)
8c6c43c6: posts the ante 18
Hero: posts the ante 18
a858f200: posts the ante 18
1d8f3146: posts the ante 18
bd162ca0: posts the ante 18
c8bf03a0: posts the ante 18
d6215737: posts the ante 18
85b732dc: posts the ante 18
bd162ca0: posts small blind 75
85b732dc: posts big blind 150
*** HOLE CARDS ***
Dealt to 1d8f3146 
Dealt to 8c6c43c6 
Dealt to Hero [8d As]
Dealt to c8bf03a0 
Dealt to a858f200 
Dealt to d6215737 
Dealt to bd162ca0 
Dealt to 85b732dc 
1d8f3146: folds
8c6c43c6: folds
Hero: folds
c8bf03a0: folds
a858f200: folds
d6215737: folds
bd162ca0: calls 75
85b732dc: checks
*** FLOP *** [Ks Ah 3s]
bd162ca0: checks
85b732dc: bets 150
bd162ca0: calls 150
*** TURN *** [Ks Ah 3s] [5s]
bd162ca0: checks
85b732dc: checks
*** RIVER *** [Ks Ah 3s 5s] [7c]
bd162ca0: bets 372
85b732dc: folds
Uncalled bet (372) returned to bd162ca0
*** SHOWDOWN ***
bd162ca0 collected 744 from pot
*** SUMMARY ***
Total pot 744 | Rake 0 | Jackpot 0 | Bingo 0 | Fortune 0 | Tax 0
Board [Ks Ah 3s 5s 7c]
Seat 1: 1d8f3146 folded before Flop
Seat 2: 8c6c43c6 folded before Flop
Seat 3: Hero folded before Flop
Seat 4: c8bf03a0 folded before Flop
Seat 5: a858f200 folded before Flop
Seat 6: d6215737 (button) folded before Flop
Seat 7: bd162ca0 (small blind) won (744)
Seat 8: 85b732dc (big blind) folded on the River


Poker Hand #TM5613887098: Tournament #264779532, APL Series: ¥110 Zodiac Bounty + Rat Hold'em No Limit - Level4(75/150(18)) - 2026/02/21 16:09:09
Table '22' 8-max Seat #5 is the button
Seat 1: 1d8f3146 (9,673 in chips)
Seat 2: 8c6c43c6 (10,411 in chips)
Seat 3: Hero (21,202 in chips)
Seat 4: c8bf03a0 (18,959 in chips)
Seat 5: a858f200 (10,075 in chips)
Seat 6: d6215737 (14,643 in chips)
Seat 7: bd162ca0 (9,696 in chips)
Seat 8: 85b732dc (11,935 in chips)
8c6c43c6: posts the ante 18
Hero: posts the ante 18
a858f200: posts the ante 18
1d8f3146: posts the ante 18
bd162ca0: posts the ante 18
c8bf03a0: posts the ante 18
d6215737: posts the ante 18
85b732dc: posts the ante 18
d6215737: posts small blind 75
bd162ca0: posts big blind 150
*** HOLE CARDS ***
Dealt to 1d8f3146 
Dealt to 8c6c43c6 
Dealt to Hero [Ks 7c]
Dealt to c8bf03a0 
Dealt to a858f200 
Dealt to d6215737 
Dealt to bd162ca0 
Dealt to 85b732dc 
85b732dc: raises 150 to 300
1d8f3146: folds
8c6c43c6: folds
Hero: folds
c8bf03a0: folds
a858f200: calls 300
d6215737: folds
bd162ca0: calls 150
*** FLOP *** [2d 7h 9h]
bd162ca0: checks
85b732dc: checks
a858f200: checks
*** TURN *** [2d 7h 9h] [4s]
bd162ca0: checks
85b732dc: checks
a858f200: bets 504
bd162ca0: folds
85b732dc: raises 1,002 to 1,506
a858f200: calls 1,002
*** RIVER *** [2d 7h 9h 4s] [9d]
85b732dc: checks
a858f200: bets 2,925
85b732dc: folds
Uncalled bet (2,925) returned to a858f200
*** SHOWDOWN ***
a858f200 collected 4,131 from pot
*** SUMMARY ***
Total pot 4,131 | Rake 0 | Jackpot 0 | Bingo 0 | Fortune 0 | Tax 0
Board [2d 7h 9h 4s 9d]
Seat 1: 1d8f3146 folded before Flop
Seat 2: 8c6c43c6 folded before Flop
Seat 3: Hero folded before Flop
Seat 4: c8bf03a0 folded before Flop
Seat 5: a858f200 (button) won (4,131)
Seat 6: d6215737 (small blind) folded before Flop
Seat 7: bd162ca0 (big blind) folded on the Turn
Seat 8: 85b732dc folded on the River


Poker Hand #TM5613887089: Tournament #264779532, APL Series: ¥110 Zodiac Bounty + Rat Hold'em No Limit - Level4(75/150(18)) - 2026/02/21 16:08:37
Table '22' 8-max Seat #4 is the button
Seat 1: 1d8f3146 (9,691 in chips)
Seat 2: 8c6c43c6 (10,429 in chips)
Seat 3: Hero (21,220 in chips)
Seat 4: c8bf03a0 (18,977 in chips)
Seat 5: a858f200 (10,168 in chips)
Seat 6: d6215737 (14,442 in chips)
Seat 7: bd162ca0 (9,714 in chips)
Seat 8: 85b732dc (11,953 in chips)
8c6c43c6: posts the ante 18
Hero: posts the ante 18
a858f200: posts the ante 18
1d8f3146: posts the ante 18
bd162ca0: posts the ante 18
c8bf03a0: posts the ante 18
d6215737: posts the ante 18
85b732dc: posts the ante 18
a858f200: posts small blind 75
d6215737: posts big blind 150
*** HOLE CARDS ***
Dealt to 1d8f3146 
Dealt to 8c6c43c6 
Dealt to Hero [Jd 8h]
Dealt to c8bf03a0 
Dealt to a858f200 
Dealt to d6215737 
Dealt to bd162ca0 
Dealt to 85b732dc 
bd162ca0: folds
85b732dc: folds
1d8f3146: folds
8c6c43c6: folds
Hero: folds
c8bf03a0: folds
a858f200: folds
Uncalled bet (75) returned to d6215737
*** SHOWDOWN ***
d6215737 collected 294 from pot
*** SUMMARY ***
Total pot 294 | Rake 0 | Jackpot 0 | Bingo 0 | Fortune 0 | Tax 0
Seat 1: 1d8f3146 folded before Flop
Seat 2: 8c6c43c6 folded before Flop
Seat 3: Hero folded before Flop
Seat 4: c8bf03a0 (button) folded before Flop
Seat 5: a858f200 (small blind) folded before Flop
Seat 6: d6215737 (big blind) collected (294)
Seat 7: bd162ca0 folded before Flop
Seat 8: 85b732dc folded before Flop


Poker Hand #TM5613887082: Tournament #264779532, APL Series: ¥110 Zodiac Bounty + Rat Hold'em No Limit - Level4(75/150(18)) - 2026/02/21 16:07:54
Table '22' 8-max Seat #3 is the button
Seat 1: 1d8f3146 (9,709 in chips)
Seat 2: 8c6c43c6 (9,778 in chips)
Seat 3: Hero (21,238 in chips)
Seat 4: c8bf03a0 (19,070 in chips)
Seat 5: a858f200 (10,336 in chips)
Seat 6: d6215737 (14,460 in chips)
Seat 7: bd162ca0 (9,732 in chips)
Seat 8: 85b732dc (12,271 in chips)
8c6c43c6: posts the ante 18
Hero: posts the ante 18
a858f200: posts the ante 18
1d8f3146: posts the ante 18
bd162ca0: posts the ante 18
c8bf03a0: posts the ante 18
d6215737: posts the ante 18
85b732dc: posts the ante 18
c8bf03a0: posts small blind 75
a858f200: posts big blind 150
*** HOLE CARDS ***
Dealt to 1d8f3146 
Dealt to 8c6c43c6 
Dealt to Hero [6s Th]
Dealt to c8bf03a0 
Dealt to a858f200 
Dealt to d6215737 
Dealt to bd162ca0 
Dealt to 85b732dc 
d6215737: folds
bd162ca0: folds
85b732dc: raises 150 to 300
1d8f3146: folds
8c6c43c6: raises 750 to 1,050
Hero: folds
c8bf03a0: folds
a858f200: folds
85b732dc: folds
Uncalled bet (750) returned to 8c6c43c6
*** SHOWDOWN ***
8c6c43c6 collected 969 from pot
*** SUMMARY ***
Total pot 969 | Rake 0 | Jackpot 0 | Bingo 0 | Fortune 0 | Tax 0
Seat 1: 1d8f3146 folded before Flop
Seat 2: 8c6c43c6 collected (969)
Seat 3: Hero (button) folded before Flop
Seat 4: c8bf03a0 (small blind) folded before Flop
Seat 5: a858f200 (big blind) folded before Flop
Seat 6: d6215737 folded before Flop
Seat 7: bd162ca0 folded before Flop
Seat 8: 85b732dc folded before Flop


Poker Hand #TM5613887058: Tournament #264779532, APL Series: ¥110 Zodiac Bounty + Rat Hold'em No Limit - Level3(50/100(12)) - 2026/02/21 16:05:59
Table '22' 8-max Seat #2 is the button
Seat 1: 1d8f3146 (7,134 in chips)
Seat 2: 8c6c43c6 (9,790 in chips)
Seat 3: Hero (21,300 in chips)
Seat 4: c8bf03a0 (19,282 in chips)
Seat 5: a858f200 (10,348 in chips)
Seat 6: d6215737 (14,472 in chips)
Seat 7: bd162ca0 (9,744 in chips)
Seat 8: 85b732dc (14,524 in chips)
8c6c43c6: posts the ante 12
Hero: posts the ante 12
a858f200: posts the ante 12
1d8f3146: posts the ante 12
bd162ca0: posts the ante 12
c8bf03a0: posts the ante 12
d6215737: posts the ante 12
85b732dc: posts the ante 12
Hero: posts small blind 50
c8bf03a0: posts big blind 100
*** HOLE CARDS ***
Dealt to 1d8f3146 
Dealt to 8c6c43c6 
Dealt to Hero [3c 9c]
Dealt to c8bf03a0 
Dealt to a858f200 
Dealt to d6215737 
Dealt to bd162ca0 
Dealt to 85b732dc 
a858f200: folds
d6215737: folds
bd162ca0: folds
85b732dc: raises 100 to 200
1d8f3146: calls 200
8c6c43c6: folds
Hero: folds
c8bf03a0: calls 100
*** FLOP *** [Qd Ks 8h]
c8bf03a0: checks
85b732dc: checks
1d8f3146: bets 336
c8bf03a0: folds
85b732dc: calls 336
*** TURN *** [Qd Ks 8h] [Jc]
85b732dc: checks
1d8f3146: bets 900
85b732dc: calls 900
*** RIVER *** [Qd Ks 8h Jc] [8c]
85b732dc: checks
1d8f3146: bets 805
85b732dc: calls 805
1d8f3146: shows [8d 8s] (four of a kind, Eights)
85b732dc: shows [Jh Kh] (two pair, Kings and Jacks)
*** SHOWDOWN ***
1d8f3146 collected 4,828 from pot
*** SUMMARY ***
Total pot 4,828 | Rake 0 | Jackpot 0 | Bingo 0 | Fortune 0 | Tax 0
Board [Qd Ks 8h Jc 8c]
Seat 1: 1d8f3146 showed [8d 8s] and won (4,828) with four of a kind, Eights
Seat 2: 8c6c43c6 (button) folded before Flop
Seat 3: Hero (small blind) folded before Flop
Seat 4: c8bf03a0 (big blind) folded on the Flop
Seat 5: a858f200 folded before Flop
Seat 6: d6215737 folded before Flop
Seat 7: bd162ca0 folded before Flop
Seat 8: 85b732dc showed [Jh Kh] and lost with two pair, Kings and Jacks


Poker Hand #TM5613887052: Tournament #264779532, APL Series: ¥110 Zodiac Bounty + Rat Hold'em No Limit - Level3(50/100(12)) - 2026/02/21 16:05:28
Table '22' 8-max Seat #1 is the button
Seat 1: 1d8f3146 (7,146 in chips)
Seat 2: 8c6c43c6 (9,852 in chips)
Seat 3: Hero (21,562 in chips)
Seat 4: c8bf03a0 (19,294 in chips)
Seat 5: a858f200 (9,964 in chips)
Seat 6: d6215737 (14,484 in chips)
Seat 7: bd162ca0 (9,756 in chips)
Seat 8: 85b732dc (14,536 in chips)
8c6c43c6: posts the ante 12
Hero: posts the ante 12
a858f200: posts the ante 12
1d8f3146: posts the ante 12
bd162ca0: posts the ante 12
c8bf03a0: posts the ante 12
d6215737: posts the ante 12
85b732dc: posts the ante 12
8c6c43c6: posts small blind 50
Hero: posts big blind 100
*** HOLE CARDS ***
Dealt to 1d8f3146 
Dealt to 8c6c43c6 
Dealt to Hero [Qh 8h]
Dealt to c8bf03a0 
Dealt to a858f200 
Dealt to d6215737 
Dealt to bd162ca0 
Dealt to 85b732dc 
c8bf03a0: folds
a858f200: raises 150 to 250
d6215737: folds
bd162ca0: folds
85b732dc: folds
1d8f3146: folds
8c6c43c6: folds
Hero: calls 150
*** FLOP *** [7s 6d 6c]
Hero: checks
a858f200: bets 231
Hero: folds
Uncalled bet (231) returned to a858f200
*** SHOWDOWN ***
a858f200 collected 646 from pot
*** SUMMARY ***
Total pot 646 | Rake 0 | Jackpot 0 | Bingo 0 | Fortune 0 | Tax 0
Board [7s 6d 6c]
Seat 1: 1d8f3146 (button) folded before Flop
Seat 2: 8c6c43c6 (small blind) folded before Flop
Seat 3: Hero (big blind) folded on the Flop
Seat 4: c8bf03a0 folded before Flop
Seat 5: a858f200 won (646)
Seat 6: d6215737 folded before Flop
Seat 7: bd162ca0 folded before Flop
Seat 8: 85b732dc folded before Flop


Poker Hand #TM5613887042: Tournament #264779532, APL Series: ¥110 Zodiac Bounty + Rat Hold'em No Limit - Level3(50/100(12)) - 2026/02/21 16:04:38
Table '22' 8-max Seat #8 is the button
Seat 1: 1d8f3146 (7,208 in chips)
Seat 2: 8c6c43c6 (9,964 in chips)
Seat 3: Hero (21,574 in chips)
Seat 4: c8bf03a0 (19,406 in chips)
Seat 5: a858f200 (9,976 in chips)
Seat 6: d6215737 (14,896 in chips)
Seat 7: bd162ca0 (9,022 in chips)
Seat 8: 85b732dc (14,548 in chips)
8c6c43c6: posts the ante 12
Hero: posts the ante 12
a858f200: posts the ante 12
1d8f3146: posts the ante 12
bd162ca0: posts the ante 12
c8bf03a0: posts the ante 12
d6215737: posts the ante 12
85b732dc: posts the ante 12
1d8f3146: posts small blind 50
8c6c43c6: posts big blind 100
*** HOLE CARDS ***
Dealt to 1d8f3146 
Dealt to 8c6c43c6 
Dealt to Hero [6d 7s]
Dealt to c8bf03a0 
Dealt to a858f200 
Dealt to d6215737 
Dealt to bd162ca0 
Dealt to 85b732dc 
Hero: folds
c8bf03a0: calls 100
a858f200: folds
d6215737: raises 300 to 400
bd162ca0: raises 600 to 1,000
85b732dc: folds
1d8f3146: folds
8c6c43c6: folds
c8bf03a0: folds
d6215737: folds
Uncalled bet (600) returned to bd162ca0
*** SHOWDOWN ***
bd162ca0 collected 1,146 from pot
*** SUMMARY ***
Total pot 1,146 | Rake 0 | Jackpot 0 | Bingo 0 | Fortune 0 | Tax 0
Seat 1: 1d8f3146 (small blind) folded before Flop
Seat 2: 8c6c43c6 (big blind) folded before Flop
Seat 3: Hero folded before Flop
Seat 4: c8bf03a0 folded before Flop
Seat 5: a858f200 folded before Flop
Seat 6: d6215737 folded before Flop
Seat 7: bd162ca0 collected (1,146)
Seat 8: 85b732dc (button) folded before Flop


Poker Hand #TM5613887025: Tournament #264779532, APL Series: ¥110 Zodiac Bounty + Rat Hold'em No Limit - Level3(50/100(12)) - 2026/02/21 16:03:14
Table '22' 8-max Seat #7 is the button
Seat 1: 1d8f3146 (7,320 in chips)
Seat 2: 8c6c43c6 (9,976 in chips)
Seat 3: Hero (21,586 in chips)
Seat 4: c8bf03a0 (19,418 in chips)
Seat 5: a858f200 (9,988 in chips)
Seat 6: d6215737 (14,908 in chips)
Seat 7: bd162ca0 (9,431 in chips)
Seat 8: 85b732dc (13,967 in chips)
8c6c43c6: posts the ante 12
Hero: posts the ante 12
a858f200: posts the ante 12
1d8f3146: posts the ante 12
bd162ca0: posts the ante 12
c8bf03a0: posts the ante 12
d6215737: posts the ante 12
85b732dc: posts the ante 12
85b732dc: posts small blind 50
1d8f3146: posts big blind 100
*** HOLE CARDS ***
Dealt to 1d8f3146 
Dealt to 8c6c43c6 
Dealt to Hero [Ah 9d]
Dealt to c8bf03a0 
Dealt to a858f200 
Dealt to d6215737 
Dealt to bd162ca0 
Dealt to 85b732dc 
8c6c43c6: folds
Hero: folds
c8bf03a0: folds
a858f200: folds
d6215737: folds
bd162ca0: raises 100 to 200
85b732dc: calls 150
1d8f3146: folds
*** FLOP *** [4d 7h 3s]
85b732dc: checks
bd162ca0: bets 197
85b732dc: raises 577 to 774
bd162ca0: folds
Uncalled bet (577) returned to 85b732dc
*** SHOWDOWN ***
85b732dc collected 990 from pot
*** SUMMARY ***
Total pot 990 | Rake 0 | Jackpot 0 | Bingo 0 | Fortune 0 | Tax 0
Board [4d 7h 3s]
Seat 1: 1d8f3146 (big blind) folded before Flop
Seat 2: 8c6c43c6 folded before Flop
Seat 3: Hero folded before Flop
Seat 4: c8bf03a0 folded before Flop
Seat 5: a858f200 folded before Flop
Seat 6: d6215737 folded before Flop
Seat 7: bd162ca0 (button) folded on the Flop
Seat 8: 85b732dc (small blind) won (990)


Poker Hand #TM5613887014: Tournament #264779532, APL Series: ¥110 Zodiac Bounty + Rat Hold'em No Limit - Level3(50/100(12)) - 2026/02/21 16:02:11
Table '22' 8-max Seat #6 is the button
Seat 1: 1d8f3146 (7,332 in chips)
Seat 2: 8c6c43c6 (9,988 in chips)
Seat 3: Hero (21,252 in chips)
Seat 4: c8bf03a0 (19,430 in chips)
Seat 5: a858f200 (10,000 in chips)
Seat 6: d6215737 (14,920 in chips)
Seat 7: bd162ca0 (9,493 in chips)
Seat 8: 85b732dc (14,179 in chips)
8c6c43c6: posts the ante 12
Hero: posts the ante 12
a858f200: posts the ante 12
1d8f3146: posts the ante 12
bd162ca0: posts the ante 12
c8bf03a0: posts the ante 12
d6215737: posts the ante 12
85b732dc: posts the ante 12
bd162ca0: posts small blind 50
85b732dc: posts big blind 100
*** HOLE CARDS ***
Dealt to 1d8f3146 
Dealt to 8c6c43c6 
Dealt to Hero [Qc Qs]
Dealt to c8bf03a0 
Dealt to a858f200 
Dealt to d6215737 
Dealt to bd162ca0 
Dealt to 85b732dc 
1d8f3146: folds
8c6c43c6: folds
Hero: raises 100 to 200
c8bf03a0: folds
a858f200: folds
d6215737: folds
bd162ca0: folds
85b732dc: calls 100
*** FLOP *** [2h 5s 9d]
85b732dc: checks
Hero: bets 181
85b732dc: folds
Uncalled bet (181) returned to Hero
*** SHOWDOWN ***
Hero collected 546 from pot
*** SUMMARY ***
Total pot 546 | Rake 0 | Jackpot 0 | Bingo 0 | Fortune 0 | Tax 0
Board [2h 5s 9d]
Seat 1: 1d8f3146 folded before Flop
Seat 2: 8c6c43c6 folded before Flop
Seat 3: Hero won (546)
Seat 4: c8bf03a0 folded before Flop
Seat 5: a858f200 folded before Flop
Seat 6: d6215737 (button) folded before Flop
Seat 7: bd162ca0 (small blind) folded before Flop
Seat 8: 85b732dc (big blind) folded on the Flop


Poker Hand #TM5613886993: Tournament #264779532, APL Series: ¥110 Zodiac Bounty + Rat Hold'em No Limit - Level3(50/100(12)) - 2026/02/21 15:54:35
Table '22' 8-max Seat #5 is the button
Seat 1: 1d8f3146 (7,344 in chips)
Seat 2: 8c6c43c6 (10,000 in chips)
Seat 3: Hero (21,264 in chips)
Seat 4: c8bf03a0 (19,442 in chips)
Seat 5: b121e792 (6,509 in chips)
Seat 6: d6215737 (14,982 in chips)
Seat 7: bd162ca0 (9,159 in chips)
Seat 8: 85b732dc (14,191 in chips)
8c6c43c6: posts the ante 12
Hero: posts the ante 12
1d8f3146: posts the ante 12
bd162ca0: posts the ante 12
b121e792: posts the ante 12
c8bf03a0: posts the ante 12
d6215737: posts the ante 12
85b732dc: posts the ante 12
d6215737: posts small blind 50
bd162ca0: posts big blind 100
*** HOLE CARDS ***
Dealt to 1d8f3146 
Dealt to 8c6c43c6 
Dealt to Hero [8h Ks]
Dealt to c8bf03a0 
Dealt to b121e792 
Dealt to d6215737 
Dealt to bd162ca0 
Dealt to 85b732dc 
85b732dc: folds
1d8f3146: folds
8c6c43c6: folds
Hero: folds
c8bf03a0: folds
b121e792: raises 100 to 200
d6215737: folds
bd162ca0: raises 750 to 950
b121e792: folds
Uncalled bet (750) returned to bd162ca0
*** SHOWDOWN ***
bd162ca0 collected 546 from pot
*** SUMMARY ***
Total pot 546 | Rake 0 | Jackpot 0 | Bingo 0 | Fortune 0 | Tax 0
Seat 1: 1d8f3146 folded before Flop
Seat 2: 8c6c43c6 folded before Flop
Seat 3: Hero folded before Flop
Seat 4: c8bf03a0 folded before Flop
Seat 5: b121e792 (button) folded before Flop
Seat 6: d6215737 (small blind) folded before Flop
Seat 7: bd162ca0 (big blind) collected (546)
Seat 8: 85b732dc folded before Flop


Poker Hand #TM5613886976: Tournament #264779532, APL Series: ¥110 Zodiac Bounty + Rat Hold'em No Limit - Level3(50/100(12)) - 2026/02/21 15:53:22
Table '22' 8-max Seat #4 is the button
Seat 1: 1d8f3146 (7,356 in chips)
Seat 2: 7ddfec71 (9,988 in chips)
Seat 3: Hero (10,331 in chips)
Seat 4: c8bf03a0 (19,454 in chips)
Seat 5: b121e792 (6,571 in chips)
Seat 6: d6215737 (15,094 in chips)
Seat 7: bd162ca0 (9,894 in chips)
Seat 8: 85b732dc (14,203 in chips)
7ddfec71: posts the ante 12
Hero: posts the ante 12
1d8f3146: posts the ante 12
bd162ca0: posts the ante 12
b121e792: posts the ante 12
c8bf03a0: posts the ante 12
d6215737: posts the ante 12
85b732dc: posts the ante 12
b121e792: posts small blind 50
d6215737: posts big blind 100
*** HOLE CARDS ***
Dealt to 1d8f3146 
Dealt to 7ddfec71 
Dealt to Hero [Kh Jd]
Dealt to c8bf03a0 
Dealt to b121e792 
Dealt to d6215737 
Dealt to bd162ca0 
Dealt to 85b732dc 
bd162ca0: raises 100 to 200
85b732dc: folds
1d8f3146: folds
7ddfec71: calls 200
Hero: raises 523 to 723
c8bf03a0: folds
b121e792: folds
d6215737: folds
bd162ca0: calls 523
7ddfec71: raises 9,253 to 9,976 and is all-in
Hero: raises 343 to 10,319 and is all-in
bd162ca0: folds
Uncalled bet (343) returned to Hero
Hero: shows [Kh Jd]
7ddfec71: shows [3d 3s]
*** FLOP *** [6c 4s Kc]
*** TURN *** [6c 4s Kc] [9d]
*** RIVER *** [6c 4s Kc 9d] [6h]
*** SHOWDOWN ***
Hero collected 20,921 from pot
*** SUMMARY ***
Total pot 20,921 | Rake 0 | Jackpot 0 | Bingo 0 | Fortune 0 | Tax 0
Board [6c 4s Kc 9d 6h]
Seat 1: 1d8f3146 folded before Flop
Seat 2: 7ddfec71 showed [3d 3s] and lost with two pair, Sixes and Threes
Seat 3: Hero showed [Kh Jd] and won (20,921) with two pair, Kings and Sixes
Seat 4: c8bf03a0 (button) folded before Flop
Seat 5: b121e792 (small blind) folded before Flop
Seat 6: d6215737 (big blind) folded before Flop
Seat 7: bd162ca0 folded before Flop
Seat 8: 85b732dc folded before Flop


Poker Hand #TM5613886963: Tournament #264779532, APL Series: ¥110 Zodiac Bounty + Rat Hold'em No Limit - Level3(50/100(12)) - 2026/02/21 15:52:36
Table '22' 8-max Seat #3 is the button
Seat 1: 1d8f3146 (7,368 in chips)
Seat 2: 7ddfec71 (10,000 in chips)
Seat 3: Hero (10,343 in chips)
Seat 4: c8bf03a0 (19,516 in chips)
Seat 5: b121e792 (6,964 in chips)
Seat 6: d6215737 (14,579 in chips)
Seat 7: bd162ca0 (9,906 in chips)
Seat 8: 85b732dc (14,215 in chips)
7ddfec71: posts the ante 12
Hero: posts the ante 12
1d8f3146: posts the ante 12
bd162ca0: posts the ante 12
b121e792: posts the ante 12
c8bf03a0: posts the ante 12
d6215737: posts the ante 12
85b732dc: posts the ante 12
c8bf03a0: posts small blind 50
b121e792: posts big blind 100
*** HOLE CARDS ***
Dealt to 1d8f3146 
Dealt to 7ddfec71 
Dealt to Hero [2d 4s]
Dealt to c8bf03a0 
Dealt to b121e792 
Dealt to d6215737 
Dealt to bd162ca0 
Dealt to 85b732dc 
d6215737: raises 100 to 200
bd162ca0: folds
85b732dc: folds
1d8f3146: folds
7ddfec71: folds
Hero: folds
c8bf03a0: folds
b121e792: calls 100
*** FLOP *** [5h 8h Ac]
b121e792: checks
d6215737: bets 181
b121e792: calls 181
*** TURN *** [5h 8h Ac] [Jd]
b121e792: checks
d6215737: bets 680
b121e792: folds
Uncalled bet (680) returned to d6215737
*** SHOWDOWN ***
d6215737 collected 908 from pot
*** SUMMARY ***
Total pot 908 | Rake 0 | Jackpot 0 | Bingo 0 | Fortune 0 | Tax 0
Board [5h 8h Ac Jd]
Seat 1: 1d8f3146 folded before Flop
Seat 2: 7ddfec71 folded before Flop
Seat 3: Hero (button) folded before Flop
Seat 4: c8bf03a0 (small blind) folded before Flop
Seat 5: b121e792 (big blind) folded on the Turn
Seat 6: d6215737 won (908)
Seat 7: bd162ca0 folded before Flop
Seat 8: 85b732dc folded before Flop


Poker Hand #TM5613886949: Tournament #264779532, APL Series: ¥110 Zodiac Bounty + Rat Hold'em No Limit - Level3(50/100(12)) - 2026/02/21 15:51:48
Table '22' 8-max Seat #1 is the button
Seat 1: 1d8f3146 (7,380 in chips)
Seat 3: Hero (10,405 in chips)
Seat 4: c8bf03a0 (19,628 in chips)
Seat 5: b121e792 (6,976 in chips)
Seat 6: d6215737 (15,792 in chips)
Seat 7: bd162ca0 (10,118 in chips)
Seat 8: 85b732dc (12,592 in chips)
Hero: posts the ante 12
1d8f3146: posts the ante 12
bd162ca0: posts the ante 12
b121e792: posts the ante 12
c8bf03a0: posts the ante 12
d6215737: posts the ante 12
85b732dc: posts the ante 12
Hero: posts small blind 50
c8bf03a0: posts big blind 100
*** HOLE CARDS ***
Dealt to 1d8f3146 
Dealt to Hero [4s 5c]
Dealt to c8bf03a0 
Dealt to b121e792 
Dealt to d6215737 
Dealt to bd162ca0 
Dealt to 85b732dc 
b121e792: folds
d6215737: raises 100 to 200
bd162ca0: calls 200
85b732dc: raises 1,001 to 1,201
1d8f3146: folds
Hero: folds
c8bf03a0: folds
d6215737: calls 1,001
bd162ca0: folds
*** FLOP *** [3c 6c 8c]
d6215737: checks
85b732dc: bets 681
d6215737: folds
Uncalled bet (681) returned to 85b732dc
*** SHOWDOWN ***
85b732dc collected 2,836 from pot
*** SUMMARY ***
Total pot 2,836 | Rake 0 | Jackpot 0 | Bingo 0 | Fortune 0 | Tax 0
Board [3c 6c 8c]
Seat 1: 1d8f3146 (button) folded before Flop
Seat 3: Hero (small blind) folded before Flop
Seat 4: c8bf03a0 (big blind) folded before Flop
Seat 5: b121e792 folded before Flop
Seat 6: d6215737 folded on the Flop
Seat 7: bd162ca0 folded before Flop
Seat 8: 85b732dc won (2,836)


Poker Hand #TM5613886936: Tournament #264779532, APL Series: ¥110 Zodiac Bounty + Rat Hold'em No Limit - Level3(50/100(12)) - 2026/02/21 15:50:56
Table '22' 8-max Seat #8 is the button
Seat 1: 1d8f3146 (7,918 in chips)
Seat 3: Hero (9,807 in chips)
Seat 4: c8bf03a0 (19,640 in chips)
Seat 5: b121e792 (6,988 in chips)
Seat 6: d6215737 (15,804 in chips)
Seat 7: bd162ca0 (10,130 in chips)
Seat 8: 85b732dc (12,604 in chips)
Hero: posts the ante 12
1d8f3146: posts the ante 12
bd162ca0: posts the ante 12
b121e792: posts the ante 12
c8bf03a0: posts the ante 12
d6215737: posts the ante 12
85b732dc: posts the ante 12
1d8f3146: posts small blind 50
Hero: posts big blind 100
*** HOLE CARDS ***
Dealt to 1d8f3146 
Dealt to Hero [7c 4c]
Dealt to c8bf03a0 
Dealt to b121e792 
Dealt to d6215737 
Dealt to bd162ca0 
Dealt to 85b732dc 
c8bf03a0: folds
b121e792: folds
d6215737: folds
bd162ca0: folds
85b732dc: folds
1d8f3146: raises 200 to 300
Hero: calls 200
*** FLOP *** [Qh 8d 4d]
1d8f3146: bets 226
Hero: calls 226
*** TURN *** [Qh 8d 4d] [7s]
1d8f3146: checks
Hero: bets 668
1d8f3146: folds
Uncalled bet (668) returned to Hero
*** SHOWDOWN ***
Hero collected 1,136 from pot
*** SUMMARY ***
Total pot 1,136 | Rake 0 | Jackpot 0 | Bingo 0 | Fortune 0 | Tax 0
Board [Qh 8d 4d 7s]
Seat 1: 1d8f3146 (small blind) folded on the Turn
Seat 3: Hero (big blind) won (1,136)
Seat 4: c8bf03a0 folded before Flop
Seat 5: b121e792 folded before Flop
Seat 6: d6215737 folded before Flop
Seat 7: bd162ca0 folded before Flop
Seat 8: 85b732dc (button) folded before Flop


Poker Hand #TM5613886913: Tournament #264779532, APL Series: ¥110 Zodiac Bounty + Rat Hold'em No Limit - Level2(35/70(8)) - 2026/02/21 15:49:29
Table '22' 8-max Seat #7 is the button
Seat 1: 1d8f3146 (8,066 in chips)
Seat 2: 7e0a4d20 (8,084 in chips)
Seat 3: Hero (9,815 in chips)
Seat 4: c8bf03a0 (19,648 in chips)
Seat 5: b121e792 (6,996 in chips)
Seat 6: d6215737 (15,812 in chips)
Seat 7: bd162ca0 (10,138 in chips)
Seat 8: 85b732dc (11,143 in chips)
Hero: posts the ante 8
1d8f3146: posts the ante 8
bd162ca0: posts the ante 8
b121e792: posts the ante 8
c8bf03a0: posts the ante 8
d6215737: posts the ante 8
7e0a4d20: posts the ante 8
85b732dc: posts the ante 8
85b732dc: posts small blind 35
1d8f3146: posts big blind 70
*** HOLE CARDS ***
Dealt to 1d8f3146 
Dealt to 7e0a4d20 
Dealt to Hero [4c 9d]
Dealt to c8bf03a0 
Dealt to b121e792 
Dealt to d6215737 
Dealt to bd162ca0 
Dealt to 85b732dc 
7e0a4d20: raises 70 to 140
Hero: folds
c8bf03a0: folds
b121e792: folds
d6215737: folds
bd162ca0: folds
85b732dc: calls 105
1d8f3146: calls 70
*** FLOP *** [Jc 5c 4s]
85b732dc: checks
1d8f3146: checks
7e0a4d20: bets 160
85b732dc: calls 160
1d8f3146: folds
*** TURN *** [Jc 5c 4s] [3c]
85b732dc: checks
7e0a4d20: checks
*** RIVER *** [Jc 5c 4s 3c] [5h]
85b732dc: bets 965
7e0a4d20: calls 965
85b732dc: shows [Ac Tc] (a flush Ace high)
7e0a4d20: shows [Kd Jd] (two pair, Jacks and Fives)
*** SHOWDOWN ***
85b732dc collected 2,734 from pot
*** SUMMARY ***
Total pot 2,734 | Rake 0 | Jackpot 0 | Bingo 0 | Fortune 0 | Tax 0
Board [Jc 5c 4s 3c 5h]
Seat 1: 1d8f3146 (big blind) folded on the Flop
Seat 2: 7e0a4d20 showed [Kd Jd] and lost with two pair, Jacks and Fives
Seat 3: Hero folded before Flop
Seat 4: c8bf03a0 folded before Flop
Seat 5: b121e792 folded before Flop
Seat 6: d6215737 folded before Flop
Seat 7: bd162ca0 (button) folded before Flop
Seat 8: 85b732dc (small blind) showed [Ac Tc] and won (2,734) with a flush Ace high


Poker Hand #TM5613886891: Tournament #264779532, APL Series: ¥110 Zodiac Bounty + Rat Hold'em No Limit - Level2(35/70(8)) - 2026/02/21 15:48:03
Table '22' 8-max Seat #6 is the button
Seat 1: 1d8f3146 (8,074 in chips)
Seat 2: 7e0a4d20 (8,092 in chips)
Seat 3: Hero (9,823 in chips)
Seat 4: c8bf03a0 (19,936 in chips)
Seat 5: b121e792 (7,004 in chips)
Seat 6: d6215737 (15,820 in chips)
Seat 7: bd162ca0 (9,732 in chips)
Seat 8: 85b732dc (11,221 in chips)
Hero: posts the ante 8
1d8f3146: posts the ante 8
bd162ca0: posts the ante 8
b121e792: posts the ante 8
c8bf03a0: posts the ante 8
d6215737: posts the ante 8
7e0a4d20: posts the ante 8
85b732dc: posts the ante 8
bd162ca0: posts small blind 35
85b732dc: posts big blind 70
*** HOLE CARDS ***
Dealt to 1d8f3146 
Dealt to 7e0a4d20 
Dealt to Hero [Qs 4s]
Dealt to c8bf03a0 
Dealt to b121e792 
Dealt to d6215737 
Dealt to bd162ca0 
Dealt to 85b732dc 
1d8f3146: folds
7e0a4d20: folds
Hero: folds
c8bf03a0: raises 70 to 140
b121e792: folds
d6215737: folds
bd162ca0: calls 105
85b732dc: folds
*** FLOP *** [3s 3h 8h]
bd162ca0: checks
c8bf03a0: bets 140
bd162ca0: calls 140
*** TURN *** [3s 3h 8h] [Kh]
bd162ca0: checks
c8bf03a0: checks
*** RIVER *** [3s 3h 8h Kh] [4d]
bd162ca0: bets 1,041
c8bf03a0: folds
Uncalled bet (1,041) returned to bd162ca0
*** SHOWDOWN ***
bd162ca0 collected 694 from pot
*** SUMMARY ***
Total pot 694 | Rake 0 | Jackpot 0 | Bingo 0 | Fortune 0 | Tax 0
Board [3s 3h 8h Kh 4d]
Seat 1: 1d8f3146 folded before Flop
Seat 2: 7e0a4d20 folded before Flop
Seat 3: Hero folded before Flop
Seat 4: c8bf03a0 folded on the River
Seat 5: b121e792 folded before Flop
Seat 6: d6215737 (button) folded before Flop
Seat 7: bd162ca0 (small blind) won (694)
Seat 8: 85b732dc (big blind) folded before Flop


Poker Hand #TM5613886867: Tournament #264779532, APL Series: ¥110 Zodiac Bounty + Rat Hold'em No Limit - Level2(35/70(8)) - 2026/02/21 15:46:20
Table '22' 8-max Seat #5 is the button
Seat 1: 1d8f3146 (8,222 in chips)
Seat 2: 7e0a4d20 (8,100 in chips)
Seat 3: Hero (9,831 in chips)
Seat 4: c8bf03a0 (19,944 in chips)
Seat 5: b121e792 (11,579 in chips)
Seat 6: d6215737 (10,987 in chips)
Seat 7: bd162ca0 (9,810 in chips)
Seat 8: 85b732dc (11,229 in chips)
Hero: posts the ante 8
1d8f3146: posts the ante 8
bd162ca0: posts the ante 8
b121e792: posts the ante 8
c8bf03a0: posts the ante 8
7e0a4d20: posts the ante 8
d6215737: posts the ante 8
85b732dc: posts the ante 8
d6215737: posts small blind 35
bd162ca0: posts big blind 70
*** HOLE CARDS ***
Dealt to 1d8f3146 
Dealt to 7e0a4d20 
Dealt to Hero [7h 9d]
Dealt to c8bf03a0 
Dealt to b121e792 
Dealt to d6215737 
Dealt to bd162ca0 
Dealt to 85b732dc 
85b732dc: folds
1d8f3146: raises 70 to 140
7e0a4d20: folds
Hero: folds
c8bf03a0: folds
b121e792: calls 140
d6215737: raises 490 to 630
bd162ca0: folds
1d8f3146: folds
b121e792: calls 490
*** FLOP *** [5s 9h Ad]
d6215737: bets 507
b121e792: calls 507
*** TURN *** [5s 9h Ad] [3h]
d6215737: bets 1,330
b121e792: calls 1,330
*** RIVER *** [5s 9h Ad 3h] [9s]
d6215737: bets 2,100
b121e792: calls 2,100
d6215737: shows [Ah Kd] (two pair, Aces and Nines)
b121e792: shows [4c Ac] (two pair, Aces and Nines)
*** SHOWDOWN ***
d6215737 collected 9,408 from pot
*** SUMMARY ***
Total pot 9,408 | Rake 0 | Jackpot 0 | Bingo 0 | Fortune 0 | Tax 0
Board [5s 9h Ad 3h 9s]
Seat 1: 1d8f3146 folded before Flop
Seat 2: 7e0a4d20 folded before Flop
Seat 3: Hero folded before Flop
Seat 4: c8bf03a0 folded before Flop
Seat 5: b121e792 (button) showed [4c Ac] and lost with two pair, Aces and Nines
Seat 6: d6215737 (small blind) showed [Ah Kd] and won (9,408) with two pair, Aces and Nines
Seat 7: bd162ca0 (big blind) folded before Flop
Seat 8: 85b732dc folded before Flop


Poker Hand #TM5613886857: Tournament #264779532, APL Series: ¥110 Zodiac Bounty + Rat Hold'em No Limit - Level2(35/70(8)) - 2026/02/21 15:45:29
Table '22' 8-max Seat #4 is the button
Seat 1: 1d8f3146 (8,230 in chips)
Seat 2: 7e0a4d20 (7,743 in chips)
Seat 3: Hero (9,839 in chips)
Seat 4: c8bf03a0 (19,952 in chips)
Seat 5: b121e792 (11,622 in chips)
Seat 6: d6215737 (11,261 in chips)
Seat 7: bd162ca0 (9,818 in chips)
Seat 8: 85b732dc (11,237 in chips)
Hero: posts the ante 8
1d8f3146: posts the ante 8
bd162ca0: posts the ante 8
b121e792: posts the ante 8
c8bf03a0: posts the ante 8
7e0a4d20: posts the ante 8
d6215737: posts the ante 8
85b732dc: posts the ante 8
b121e792: posts small blind 35
d6215737: posts big blind 70
*** HOLE CARDS ***
Dealt to 1d8f3146 
Dealt to 7e0a4d20 
Dealt to Hero [7s Jh]
Dealt to c8bf03a0 
Dealt to b121e792 
Dealt to d6215737 
Dealt to bd162ca0 
Dealt to 85b732dc 
bd162ca0: folds
85b732dc: folds
1d8f3146: folds
7e0a4d20: raises 70 to 140
Hero: folds
c8bf03a0: folds
b121e792: folds
d6215737: calls 70
*** FLOP *** [Kc 5h 6d]
d6215737: checks
7e0a4d20: checks
*** TURN *** [Kc 5h 6d] [Qc]
d6215737: bets 126
7e0a4d20: calls 126
*** RIVER *** [Kc 5h 6d Qc] [2c]
d6215737: checks
7e0a4d20: checks
d6215737: shows [3h Qh] (a pair of Queens)
7e0a4d20: shows [Th Qd] (a pair of Queens)
*** SHOWDOWN ***
7e0a4d20 collected 631 from pot
*** SUMMARY ***
Total pot 631 | Rake 0 | Jackpot 0 | Bingo 0 | Fortune 0 | Tax 0
Board [Kc 5h 6d Qc 2c]
Seat 1: 1d8f3146 folded before Flop
Seat 2: 7e0a4d20 showed [Th Qd] and won (631) with a pair of Queens
Seat 3: Hero folded before Flop
Seat 4: c8bf03a0 (button) folded before Flop
Seat 5: b121e792 (small blind) folded before Flop
Seat 6: d6215737 (big blind) showed [3h Qh] and lost with a pair of Queens
Seat 7: bd162ca0 folded before Flop
Seat 8: 85b732dc folded before Flop


Poker Hand #TM5613886845: Tournament #264779532, APL Series: ¥110 Zodiac Bounty + Rat Hold'em No Limit - Level2(35/70(8)) - 2026/02/21 15:44:30
Table '22' 8-max Seat #3 is the button
Seat 1: 1d8f3146 (8,238 in chips)
Seat 2: 7e0a4d20 (7,751 in chips)
Seat 3: Hero (9,847 in chips)
Seat 4: c8bf03a0 (20,896 in chips)
Seat 5: b121e792 (11,700 in chips)
Seat 6: d6215737 (10,199 in chips)
Seat 7: bd162ca0 (9,826 in chips)
Seat 8: 85b732dc (11,245 in chips)
Hero: posts the ante 8
1d8f3146: posts the ante 8
bd162ca0: posts the ante 8
b121e792: posts the ante 8
c8bf03a0: posts the ante 8
7e0a4d20: posts the ante 8
d6215737: posts the ante 8
85b732dc: posts the ante 8
c8bf03a0: posts small blind 35
b121e792: posts big blind 70
*** HOLE CARDS ***
Dealt to 1d8f3146 
Dealt to 7e0a4d20 
Dealt to Hero [3c Kh]
Dealt to c8bf03a0 
Dealt to b121e792 
Dealt to d6215737 
Dealt to bd162ca0 
Dealt to 85b732dc 
d6215737: raises 70 to 140
bd162ca0: folds
85b732dc: folds
1d8f3146: folds
7e0a4d20: folds
Hero: folds
c8bf03a0: calls 105
b121e792: folds
*** FLOP *** [9d Jd 8c]
c8bf03a0: checks
d6215737: checks
*** TURN *** [9d Jd 8c] [9h]
c8bf03a0: bets 277
d6215737: calls 277
*** RIVER *** [9d Jd 8c 9h] [Ks]
c8bf03a0: bets 519
d6215737: calls 519
c8bf03a0: shows [6d 7d] (a pair of Nines)
d6215737: shows [8h Ad] (two pair, Nines and Eights)
*** SHOWDOWN ***
d6215737 collected 2,006 from pot
*** SUMMARY ***
Total pot 2,006 | Rake 0 | Jackpot 0 | Bingo 0 | Fortune 0 | Tax 0
Board [9d Jd 8c 9h Ks]
Seat 1: 1d8f3146 folded before Flop
Seat 2: 7e0a4d20 folded before Flop
Seat 3: Hero (button) folded before Flop
Seat 4: c8bf03a0 (small blind) showed [6d 7d] and lost with a pair of Nines
Seat 5: b121e792 (big blind) folded before Flop
Seat 6: d6215737 showed [8h Ad] and won (2,006) with two pair, Nines and Eights
Seat 7: bd162ca0 folded before Flop
Seat 8: 85b732dc folded before Flop


Poker Hand #TM5613886833: Tournament #264779532, APL Series: ¥110 Zodiac Bounty + Rat Hold'em No Limit - Level2(35/70(8)) - 2026/02/21 15:43:50
Table '22' 8-max Seat #2 is the button
Seat 1: 1d8f3146 (8,246 in chips)
Seat 2: 7e0a4d20 (7,759 in chips)
Seat 3: Hero (9,890 in chips)
Seat 4: c8bf03a0 (21,044 in chips)
Seat 5: b121e792 (11,708 in chips)
Seat 6: d6215737 (9,968 in chips)
Seat 7: bd162ca0 (9,834 in chips)
Seat 8: 85b732dc (11,253 in chips)
Hero: posts the ante 8
1d8f3146: posts the ante 8
bd162ca0: posts the ante 8
b121e792: posts the ante 8
c8bf03a0: posts the ante 8
7e0a4d20: posts the ante 8
d6215737: posts the ante 8
85b732dc: posts the ante 8
Hero: posts small blind 35
c8bf03a0: posts big blind 70
*** HOLE CARDS ***
Dealt to 1d8f3146 
Dealt to 7e0a4d20 
Dealt to Hero [8h 6d]
Dealt to c8bf03a0 
Dealt to b121e792 
Dealt to d6215737 
Dealt to bd162ca0 
Dealt to 85b732dc 
b121e792: folds
d6215737: raises 70 to 140
bd162ca0: folds
85b732dc: folds
1d8f3146: folds
7e0a4d20: folds
Hero: folds
c8bf03a0: calls 70
*** FLOP *** [5c 8c 3h]
c8bf03a0: checks
d6215737: bets 126
c8bf03a0: folds
Uncalled bet (126) returned to d6215737
*** SHOWDOWN ***
d6215737 collected 379 from pot
*** SUMMARY ***
Total pot 379 | Rake 0 | Jackpot 0 | Bingo 0 | Fortune 0 | Tax 0
Board [5c 8c 3h]
Seat 1: 1d8f3146 folded before Flop
Seat 2: 7e0a4d20 (button) folded before Flop
Seat 3: Hero (small blind) folded before Flop
Seat 4: c8bf03a0 (big blind) folded on the Flop
Seat 5: b121e792 folded before Flop
Seat 6: d6215737 won (379)
Seat 7: bd162ca0 folded before Flop
Seat 8: 85b732dc folded before Flop


Poker Hand #TM5613886808: Tournament #264779532, APL Series: ¥110 Zodiac Bounty + Rat Hold'em No Limit - Level2(35/70(8)) - 2026/02/21 15:41:58
Table '22' 8-max Seat #1 is the button
Seat 1: 1d8f3146 (9,942 in chips)
Seat 2: 7e0a4d20 (7,802 in chips)
Seat 3: Hero (9,968 in chips)
Seat 4: c8bf03a0 (21,122 in chips)
Seat 5: b121e792 (9,789 in chips)
Seat 6: d6215737 (9,976 in chips)
Seat 7: bd162ca0 (9,842 in chips)
Seat 8: 85b732dc (11,261 in chips)
Hero: posts the ante 8
1d8f3146: posts the ante 8
bd162ca0: posts the ante 8
b121e792: posts the ante 8
c8bf03a0: posts the ante 8
d6215737: posts the ante 8
7e0a4d20: posts the ante 8
85b732dc: posts the ante 8
7e0a4d20: posts small blind 35
Hero: posts big blind 70
*** HOLE CARDS ***
Dealt to 1d8f3146 
Dealt to 7e0a4d20 
Dealt to Hero [Td 4s]
Dealt to c8bf03a0 
Dealt to b121e792 
Dealt to d6215737 
Dealt to bd162ca0 
Dealt to 85b732dc 
c8bf03a0: calls 70
b121e792: raises 350 to 420
d6215737: folds
bd162ca0: folds
85b732dc: folds
1d8f3146: raises 665 to 1,085
7e0a4d20: folds
Hero: folds
c8bf03a0: folds
b121e792: calls 665
*** FLOP *** [7h Qs 4c]
b121e792: checks
1d8f3146: bets 603
b121e792: calls 603
*** TURN *** [7h Qs 4c] [6c]
b121e792: bets 2,386
1d8f3146: folds
Uncalled bet (2,386) returned to b121e792
*** SHOWDOWN ***
b121e792 collected 3,615 from pot
*** SUMMARY ***
Total pot 3,615 | Rake 0 | Jackpot 0 | Bingo 0 | Fortune 0 | Tax 0
Board [7h Qs 4c 6c]
Seat 1: 1d8f3146 (button) folded on the Turn
Seat 2: 7e0a4d20 (small blind) folded before Flop
Seat 3: Hero (big blind) folded before Flop
Seat 4: c8bf03a0 folded before Flop
Seat 5: b121e792 won (3,615)
Seat 6: d6215737 folded before Flop
Seat 7: bd162ca0 folded before Flop
Seat 8: 85b732dc folded before Flop


Poker Hand #TM5613886781: Tournament #264779532, APL Series: ¥110 Zodiac Bounty + Rat Hold'em No Limit - Level2(35/70(8)) - 2026/02/21 15:40:10
Table '22' 8-max Seat #8 is the button
Seat 1: 1d8f3146 (9,883 in chips)
Seat 2: 7e0a4d20 (7,880 in chips)
Seat 3: Hero (9,976 in chips)
Seat 4: c8bf03a0 (21,130 in chips)
Seat 5: b121e792 (9,797 in chips)
Seat 6: d6215737 (9,984 in chips)
Seat 7: bd162ca0 (9,783 in chips)
Seat 8: 85b732dc (11,269 in chips)
Hero: posts the ante 8
1d8f3146: posts the ante 8
bd162ca0: posts the ante 8
b121e792: posts the ante 8
c8bf03a0: posts the ante 8
d6215737: posts the ante 8
7e0a4d20: posts the ante 8
85b732dc: posts the ante 8
1d8f3146: posts small blind 35
7e0a4d20: posts big blind 70
*** HOLE CARDS ***
Dealt to 1d8f3146 
Dealt to 7e0a4d20 
Dealt to Hero [2c 8h]
Dealt to c8bf03a0 
Dealt to b121e792 
Dealt to d6215737 
Dealt to bd162ca0 
Dealt to 85b732dc 
Hero: folds
c8bf03a0: folds
b121e792: folds
d6215737: folds
bd162ca0: raises 70 to 140
85b732dc: folds
1d8f3146: raises 560 to 700
7e0a4d20: folds
bd162ca0: calls 560
*** FLOP *** [4d 9s Ad]
1d8f3146: bets 507
bd162ca0: calls 507
*** TURN *** [4d 9s Ad] [Kc]
1d8f3146: bets 1,682
bd162ca0: calls 1,682
*** RIVER *** [4d 9s Ad Kc] [9h]
1d8f3146: checks
bd162ca0: bets 6,886 and is all-in
1d8f3146: calls 6,886
bd162ca0: shows [Ac Js] (two pair, Aces and Nines)
1d8f3146: shows [Qh Ah] (two pair, Aces and Nines)
*** SHOWDOWN ***
bd162ca0 collected 9,842 from pot
1d8f3146 collected 9,842 from pot
*** SUMMARY ***
Total pot 19,684 | Rake 0 | Jackpot 0 | Bingo 0 | Fortune 0 | Tax 0
Board [4d 9s Ad Kc 9h]
Seat 1: 1d8f3146 (small blind) showed [Qh Ah] and won (9,842) with two pair, Aces and Nines
Seat 2: 7e0a4d20 (big blind) folded before Flop
Seat 3: Hero folded before Flop
Seat 4: c8bf03a0 folded before Flop
Seat 5: b121e792 folded before Flop
Seat 6: d6215737 folded before Flop
Seat 7: bd162ca0 showed [Ac Js] and won (9,842) with two pair, Aces and Nines
Seat 8: 85b732dc (button) folded before Flop


Poker Hand #TM5613886759: Tournament #264779532, APL Series: ¥110 Zodiac Bounty + Rat Hold'em No Limit - Level1(25/50(6)) - 2026/02/21 15:38:51
Table '22' 8-max Seat #7 is the button
Seat 1: 1d8f3146 (9,939 in chips)
Seat 2: 7e0a4d20 (7,886 in chips)
Seat 3: Hero (9,982 in chips)
Seat 4: c8bf03a0 (21,136 in chips)
Seat 5: b121e792 (9,586 in chips)
Seat 7: bd162ca0 (9,889 in chips)
Seat 8: 85b732dc (11,300 in chips)
Hero: posts the ante 6
1d8f3146: posts the ante 6
bd162ca0: posts the ante 6
b121e792: posts the ante 6
c8bf03a0: posts the ante 6
7e0a4d20: posts the ante 6
85b732dc: posts the ante 6
85b732dc: posts small blind 25
1d8f3146: posts big blind 50
*** HOLE CARDS ***
Dealt to 1d8f3146 
Dealt to 7e0a4d20 
Dealt to Hero [Tc Qd]
Dealt to c8bf03a0 
Dealt to b121e792 
Dealt to bd162ca0 
Dealt to 85b732dc 
7e0a4d20: folds
Hero: folds
c8bf03a0: folds
b121e792: raises 50 to 100
bd162ca0: calls 100
85b732dc: folds
1d8f3146: folds
*** FLOP *** [2d Ks Jd]
b121e792: checks
bd162ca0: checks
*** TURN *** [2d Ks Jd] [Js]
b121e792: checks
bd162ca0: checks
*** RIVER *** [2d Ks Jd Js] [8s]
b121e792: bets 210
bd162ca0: folds
Uncalled bet (210) returned to b121e792
*** SHOWDOWN ***
b121e792 collected 317 from pot
*** SUMMARY ***
Total pot 317 | Rake 0 | Jackpot 0 | Bingo 0 | Fortune 0 | Tax 0
Board [2d Ks Jd Js 8s]
Seat 1: 1d8f3146 (big blind) folded before Flop
Seat 2: 7e0a4d20 folded before Flop
Seat 3: Hero folded before Flop
Seat 4: c8bf03a0 folded before Flop
Seat 5: b121e792 won (317)
Seat 7: bd162ca0 (button) folded on the River
Seat 8: 85b732dc (small blind) folded before Flop


Poker Hand #TM5613886734: Tournament #264779532, APL Series: ¥110 Zodiac Bounty + Rat Hold'em No Limit - Level1(25/50(6)) - 2026/02/21 15:37:05
Table '22' 8-max Seat #6 is the button
Seat 1: 1d8f3146 (9,945 in chips)
Seat 2: 7e0a4d20 (7,892 in chips)
Seat 3: Hero (9,988 in chips)
Seat 4: c8bf03a0 (11,095 in chips)
Seat 5: b121e792 (10,012 in chips)
Seat 6: 22d2f7e7 (9,510 in chips)
Seat 7: bd162ca0 (9,920 in chips)
Seat 8: 85b732dc (11,356 in chips)
Hero: posts the ante 6
22d2f7e7: posts the ante 6
1d8f3146: posts the ante 6
bd162ca0: posts the ante 6
b121e792: posts the ante 6
c8bf03a0: posts the ante 6
7e0a4d20: posts the ante 6
85b732dc: posts the ante 6
bd162ca0: posts small blind 25
85b732dc: posts big blind 50
*** HOLE CARDS ***
Dealt to 1d8f3146 
Dealt to 7e0a4d20 
Dealt to Hero [Tc 6c]
Dealt to c8bf03a0 
Dealt to b121e792 
Dealt to 22d2f7e7 
Dealt to bd162ca0 
Dealt to 85b732dc 
1d8f3146: folds
7e0a4d20: folds
Hero: folds
c8bf03a0: raises 50 to 100
b121e792: calls 100
22d2f7e7: raises 320 to 420
bd162ca0: folds
85b732dc: folds
c8bf03a0: calls 320
b121e792: calls 320
*** FLOP *** [4h 5h 8c]
c8bf03a0: checks
b121e792: checks
22d2f7e7: bets 555
c8bf03a0: raises 1,247 to 1,802
b121e792: folds
22d2f7e7: calls 1,247
*** TURN *** [4h 5h 8c] [7c]
c8bf03a0: bets 2,519
22d2f7e7: calls 2,519
*** RIVER *** [4h 5h 8c 7c] [3s]
c8bf03a0: bets 6,348 and is all-in
22d2f7e7: calls 4,763 and is all-in
Uncalled bet (1,585) returned to c8bf03a0
c8bf03a0: shows [5c 5d] (three of a kind, Fives)
22d2f7e7: shows [Qc Ac] (Ace high)
*** SHOWDOWN ***
c8bf03a0 collected 19,551 from pot
*** SUMMARY ***
Total pot 19,551 | Rake 0 | Jackpot 0 | Bingo 0 | Fortune 0 | Tax 0
Board [4h 5h 8c 7c 3s]
Seat 1: 1d8f3146 folded before Flop
Seat 2: 7e0a4d20 folded before Flop
Seat 3: Hero folded before Flop
Seat 4: c8bf03a0 showed [5c 5d] and won (19,551) with three of a kind, Fives
Seat 5: b121e792 folded on the Flop
Seat 6: 22d2f7e7 (button) showed [Qc Ac] and lost with Ace high
Seat 7: bd162ca0 (small blind) folded before Flop
Seat 8: 85b732dc (big blind) folded before Flop


Poker Hand #TM5613886712: Tournament #264779532, APL Series: ¥110 Zodiac Bounty + Rat Hold'em No Limit - Level1(25/50(6)) - 2026/02/21 15:35:58
Table '22' 8-max Seat #5 is the button
Seat 1: 1d8f3146 (9,951 in chips)
Seat 2: 7e0a4d20 (9,161 in chips)
Seat 3: Hero (9,994 in chips)
Seat 4: c8bf03a0 (11,101 in chips)
Seat 5: b121e792 (10,018 in chips)
Seat 6: 22d2f7e7 (9,541 in chips)
Seat 7: bd162ca0 (9,976 in chips)
Seat 8: 85b732dc (9,976 in chips)
Hero: posts the ante 6
1d8f3146: posts the ante 6
22d2f7e7: posts the ante 6
bd162ca0: posts the ante 6
b121e792: posts the ante 6
c8bf03a0: posts the ante 6
7e0a4d20: posts the ante 6
85b732dc: posts the ante 6
22d2f7e7: posts small blind 25
bd162ca0: posts big blind 50
*** HOLE CARDS ***
Dealt to 1d8f3146 
Dealt to 7e0a4d20 
Dealt to Hero [4s Ad]
Dealt to c8bf03a0 
Dealt to b121e792 
Dealt to 22d2f7e7 
Dealt to bd162ca0 
Dealt to 85b732dc 
85b732dc: raises 100 to 150
1d8f3146: folds
7e0a4d20: calls 150
Hero: folds
c8bf03a0: folds
b121e792: folds
22d2f7e7: folds
bd162ca0: folds
*** FLOP *** [8d 9c 2c]
85b732dc: bets 318
7e0a4d20: calls 318
*** TURN *** [8d 9c 2c] [6s]
85b732dc: bets 795
7e0a4d20: calls 795
*** RIVER *** [8d 9c 2c 6s] [Jh]
85b732dc: checks
7e0a4d20: checks
85b732dc: shows [Ts Td] (a pair of Tens)
7e0a4d20: shows [Th 9h] (a pair of Nines)
*** SHOWDOWN ***
85b732dc collected 2,649 from pot
*** SUMMARY ***
Total pot 2,649 | Rake 0 | Jackpot 0 | Bingo 0 | Fortune 0 | Tax 0
Board [8d 9c 2c 6s Jh]
Seat 1: 1d8f3146 folded before Flop
Seat 2: 7e0a4d20 showed [Th 9h] and lost with a pair of Nines
Seat 3: Hero folded before Flop
Seat 4: c8bf03a0 folded before Flop
Seat 5: b121e792 (button) folded before Flop
Seat 6: 22d2f7e7 (small blind) folded before Flop
Seat 7: bd162ca0 (big blind) folded before Flop
Seat 8: 85b732dc showed [Ts Td] and won (2,649) with a pair of Tens


Poker Hand #TM5613886666: Tournament #264779532, APL Series: ¥110 Zodiac Bounty + Rat Hold'em No Limit - Level1(25/50(6)) - 2026/02/21 15:33:06
Table '22' 8-max Seat #4 is the button
Seat 1: 1d8f3146 (9,957 in chips)
Seat 2: 7e0a4d20 (10,079 in chips)
Seat 3: Hero (10,000 in chips)
Seat 4: c8bf03a0 (9,822 in chips)
Seat 5: b121e792 (10,049 in chips)
Seat 6: 22d2f7e7 (9,847 in chips)
Seat 7: bd162ca0 (9,982 in chips)
Seat 8: 85b732dc (9,982 in chips)
Hero: posts the ante 6
1d8f3146: posts the ante 6
22d2f7e7: posts the ante 6
bd162ca0: posts the ante 6
b121e792: posts the ante 6
c8bf03a0: posts the ante 6
7e0a4d20: posts the ante 6
85b732dc: posts the ante 6
b121e792: posts small blind 25
22d2f7e7: posts big blind 50
*** HOLE CARDS ***
Dealt to 1d8f3146 
Dealt to 7e0a4d20 
Dealt to Hero [9d 7s]
Dealt to c8bf03a0 
Dealt to b121e792 
Dealt to 22d2f7e7 
Dealt to bd162ca0 
Dealt to 85b732dc 
bd162ca0: folds
85b732dc: folds
1d8f3146: folds
7e0a4d20: raises 50 to 100
Hero: folds
c8bf03a0: raises 200 to 300
b121e792: folds
22d2f7e7: calls 250
7e0a4d20: calls 200
*** FLOP *** [2d Qd 8c]
22d2f7e7: checks
7e0a4d20: checks
c8bf03a0: bets 612
22d2f7e7: folds
7e0a4d20: calls 612
*** TURN *** [2d Qd 8c] [8d]
7e0a4d20: checks
c8bf03a0: bets 1,199
7e0a4d20: folds
Uncalled bet (1,199) returned to c8bf03a0
*** SHOWDOWN ***
c8bf03a0 collected 2,197 from pot
*** SUMMARY ***
Total pot 2,197 | Rake 0 | Jackpot 0 | Bingo 0 | Fortune 0 | Tax 0
Board [2d Qd 8c 8d]
Seat 1: 1d8f3146 folded before Flop
Seat 2: 7e0a4d20 folded on the Turn
Seat 3: Hero folded before Flop
Seat 4: c8bf03a0 (button) won (2,197)
Seat 5: b121e792 (small blind) folded before Flop
Seat 6: 22d2f7e7 (big blind) folded on the Flop
Seat 7: bd162ca0 folded before Flop
Seat 8: 85b732dc folded before Flop


