Poker Hand #TM5634734491: Tournament #266148999, Bounty Hunters Special $10.80 Hold'em No Limit - Level11(300/600(90)) - 2026/02/26 19:11:06
Table '75' 8-max Seat #4 is the button
Seat 1: Hero (35,585 in chips)
Seat 2: 2494e65e (10,696 in chips)
Seat 3: 9f4da56e (10,000 in chips)
Seat 4: 7d9c48ee (40,484 in chips)
Seat 5: cb662394 (40,922 in chips)
Seat 6: d1a364af (6,635 in chips)
Seat 7: a7b49fd9 (9,785 in chips)
Seat 8: 8988b642 (10,606 in chips)
d1a364af: posts the ante 90
a7b49fd9: posts the ante 90
7d9c48ee: posts the ante 90
Hero: posts the ante 90
8988b642: posts the ante 90
cb662394: posts the ante 90
9f4da56e: posts the ante 90
2494e65e: posts the ante 90
cb662394: posts small blind 300
d1a364af: posts big blind 600
*** HOLE CARDS ***
Dealt to Hero [Jc Jd]
Dealt to 2494e65e 
Dealt to 9f4da56e 
Dealt to 7d9c48ee 
Dealt to cb662394 
Dealt to d1a364af 
Dealt to a7b49fd9 
Dealt to 8988b642 
a7b49fd9: raises 9,095 to 9,695 and is all-in
8988b642: folds
Hero: raises 25,800 to 35,495 and is all-in
2494e65e: folds
9f4da56e: calls 9,910 and is all-in
7d9c48ee: calls 35,495
cb662394: folds
d1a364af: calls 5,945 and is all-in
Hero: shows [Jc Jd]
9f4da56e: shows [Ad Jh]
7d9c48ee: shows [Kd As]
d1a364af: shows [Qd 8d]
a7b49fd9: shows [Td Tc]
*** FLOP *** [2s 4d Ac]
*** TURN *** [2s 4d Ac] [Qh]
*** RIVER *** [2s 4d Ac Qh] [8s]
*** SHOWDOWN ***
d1a364af collected 33,745 from pot
7d9c48ee collected 12,600 from pot
7d9c48ee collected 645 from pot
7d9c48ee collected 51,170 from pot
*** SUMMARY ***
Total pot 98,160 | Rake 0 | Jackpot 0 | Bingo 0 | Fortune 0 | Tax 0
Board [2s 4d Ac Qh 8s]
Seat 1: Hero showed [Jc Jd] and lost with a pair of Jacks
Seat 2: 2494e65e folded before Flop
Seat 3: 9f4da56e showed [Ad Jh] and lost with a pair of Aces
Seat 4: 7d9c48ee (button) showed [Kd As] and won (64,415) with a pair of Aces
Seat 5: cb662394 (small blind) folded before Flop
Seat 6: d1a364af (big blind) showed [Qd 8d] and won (33,745) with two pair, Queens and Eights
Seat 7: a7b49fd9 showed [Td Tc] and lost with a pair of Tens
Seat 8: 8988b642 folded before Flop


Poker Hand #TM5634734485: Tournament #266148999, Bounty Hunters Special $10.80 Hold'em No Limit - Level11(300/600(90)) - 2026/02/26 19:10:42
Table '75' 8-max Seat #2 is the button
Seat 1: Hero (35,675 in chips)
Seat 2: 2494e65e (10,786 in chips)
Seat 4: 7d9c48ee (40,874 in chips)
Seat 5: cb662394 (41,612 in chips)
Seat 6: d1a364af (6,725 in chips)
Seat 7: a7b49fd9 (8,345 in chips)
Seat 8: 8988b642 (10,696 in chips)
d1a364af: posts the ante 90
a7b49fd9: posts the ante 90
7d9c48ee: posts the ante 90
Hero: posts the ante 90
8988b642: posts the ante 90
cb662394: posts the ante 90
2494e65e: posts the ante 90
7d9c48ee: posts small blind 300
cb662394: posts big blind 600
*** HOLE CARDS ***
Dealt to Hero [5c 7c]
Dealt to 2494e65e 
Dealt to 7d9c48ee 
Dealt to cb662394 
Dealt to d1a364af 
Dealt to a7b49fd9 
Dealt to 8988b642 
d1a364af: folds
a7b49fd9: raises 7,655 to 8,255 and is all-in
8988b642: folds
Hero: folds
2494e65e: folds
7d9c48ee: folds
cb662394: folds
Uncalled bet (7,655) returned to a7b49fd9
*** SHOWDOWN ***
a7b49fd9 collected 2,130 from pot
*** SUMMARY ***
Total pot 2,130 | Rake 0 | Jackpot 0 | Bingo 0 | Fortune 0 | Tax 0
Seat 1: Hero folded before Flop
Seat 2: 2494e65e (button) folded before Flop
Seat 4: 7d9c48ee (small blind) folded before Flop
Seat 5: cb662394 (big blind) folded before Flop
Seat 6: d1a364af folded before Flop
Seat 7: a7b49fd9 collected (2,130)
Seat 8: 8988b642 folded before Flop


Poker Hand #TM5634734479: Tournament #266148999, Bounty Hunters Special $10.80 Hold'em No Limit - Level11(300/600(90)) - 2026/02/26 19:10:16
Table '75' 8-max Seat #1 is the button
Seat 1: Hero (35,765 in chips)
Seat 2: 2494e65e (11,176 in chips)
Seat 4: 7d9c48ee (41,564 in chips)
Seat 5: cb662394 (41,702 in chips)
Seat 6: d1a364af (6,815 in chips)
Seat 7: a7b49fd9 (6,905 in chips)
Seat 8: 8988b642 (10,786 in chips)
d1a364af: posts the ante 90
a7b49fd9: posts the ante 90
7d9c48ee: posts the ante 90
Hero: posts the ante 90
8988b642: posts the ante 90
cb662394: posts the ante 90
2494e65e: posts the ante 90
2494e65e: posts small blind 300
7d9c48ee: posts big blind 600
*** HOLE CARDS ***
Dealt to Hero [Qh 4s]
Dealt to 2494e65e 
Dealt to 7d9c48ee 
Dealt to cb662394 
Dealt to d1a364af 
Dealt to a7b49fd9 
Dealt to 8988b642 
cb662394: folds
d1a364af: folds
a7b49fd9: raises 6,215 to 6,815 and is all-in
8988b642: folds
Hero: folds
2494e65e: folds
7d9c48ee: folds
Uncalled bet (6,215) returned to a7b49fd9
*** SHOWDOWN ***
a7b49fd9 collected 2,130 from pot
*** SUMMARY ***
Total pot 2,130 | Rake 0 | Jackpot 0 | Bingo 0 | Fortune 0 | Tax 0
Seat 1: Hero (button) folded before Flop
Seat 2: 2494e65e (small blind) folded before Flop
Seat 4: 7d9c48ee (big blind) folded before Flop
Seat 5: cb662394 folded before Flop
Seat 6: d1a364af folded before Flop
Seat 7: a7b49fd9 collected (2,130)
Seat 8: 8988b642 folded before Flop


Poker Hand #TM5634734455: Tournament #266148999, Bounty Hunters Special $10.80 Hold'em No Limit - Level11(300/600(90)) - 2026/02/26 19:08:34
Table '75' 8-max Seat #8 is the button
Seat 1: Hero (36,155 in chips)
Seat 2: 2494e65e (11,866 in chips)
Seat 3: ce69ef58 (18,128 in chips)
Seat 4: 7d9c48ee (21,996 in chips)
Seat 5: cb662394 (41,792 in chips)
Seat 6: d1a364af (6,905 in chips)
Seat 7: a7b49fd9 (6,995 in chips)
Seat 8: 8988b642 (10,876 in chips)
d1a364af: posts the ante 90
a7b49fd9: posts the ante 90
7d9c48ee: posts the ante 90
8988b642: posts the ante 90
Hero: posts the ante 90
cb662394: posts the ante 90
ce69ef58: posts the ante 90
2494e65e: posts the ante 90
Hero: posts small blind 300
2494e65e: posts big blind 600
*** HOLE CARDS ***
Dealt to Hero [Jh Td]
Dealt to 2494e65e 
Dealt to ce69ef58 
Dealt to 7d9c48ee 
Dealt to cb662394 
Dealt to d1a364af 
Dealt to a7b49fd9 
Dealt to 8988b642 
ce69ef58: raises 600 to 1,200
7d9c48ee: raises 2,400 to 3,600
cb662394: folds
d1a364af: folds
a7b49fd9: folds
8988b642: folds
Hero: folds
2494e65e: folds
ce69ef58: calls 2,400
*** FLOP *** [7c 2d Jc]
ce69ef58: checks
7d9c48ee: bets 3,000
ce69ef58: raises 4,891 to 7,891
7d9c48ee: calls 4,891
*** TURN *** [7c 2d Jc] [5d]
ce69ef58: bets 6,547 and is all-in
7d9c48ee: calls 6,547
ce69ef58: shows [Ac Js] (a pair of Jacks)
7d9c48ee: shows [Ks Kd] (a pair of Kings)
*** RIVER *** [7c 2d Jc 5d] [6s]
*** SHOWDOWN ***
7d9c48ee collected 37,696 from pot
*** SUMMARY ***
Total pot 37,696 | Rake 0 | Jackpot 0 | Bingo 0 | Fortune 0 | Tax 0
Board [7c 2d Jc 5d 6s]
Seat 1: Hero (small blind) folded before Flop
Seat 2: 2494e65e (big blind) folded before Flop
Seat 3: ce69ef58 showed [Ac Js] and lost with a pair of Jacks
Seat 4: 7d9c48ee showed [Ks Kd] and won (37,696) with a pair of Kings
Seat 5: cb662394 folded before Flop
Seat 6: d1a364af folded before Flop
Seat 7: a7b49fd9 folded before Flop
Seat 8: 8988b642 (button) folded before Flop


Poker Hand #TM5634734445: Tournament #266148999, Bounty Hunters Special $10.80 Hold'em No Limit - Level11(300/600(90)) - 2026/02/26 19:08:08
Table '75' 8-max Seat #7 is the button
Seat 1: Hero (35,225 in chips)
Seat 2: 2494e65e (11,956 in chips)
Seat 3: ce69ef58 (18,218 in chips)
Seat 4: 7d9c48ee (22,086 in chips)
Seat 5: cb662394 (41,882 in chips)
Seat 6: d1a364af (6,995 in chips)
Seat 7: a7b49fd9 (7,085 in chips)
Seat 8: 8988b642 (11,266 in chips)
d1a364af: posts the ante 90
a7b49fd9: posts the ante 90
7d9c48ee: posts the ante 90
Hero: posts the ante 90
8988b642: posts the ante 90
cb662394: posts the ante 90
ce69ef58: posts the ante 90
2494e65e: posts the ante 90
8988b642: posts small blind 300
Hero: posts big blind 600
*** HOLE CARDS ***
Dealt to Hero [Qh 3h]
Dealt to 2494e65e 
Dealt to ce69ef58 
Dealt to 7d9c48ee 
Dealt to cb662394 
Dealt to d1a364af 
Dealt to a7b49fd9 
Dealt to 8988b642 
2494e65e: folds
ce69ef58: folds
7d9c48ee: folds
cb662394: folds
d1a364af: folds
a7b49fd9: folds
8988b642: folds
Uncalled bet (300) returned to Hero
*** SHOWDOWN ***
Hero collected 1,320 from pot
*** SUMMARY ***
Total pot 1,320 | Rake 0 | Jackpot 0 | Bingo 0 | Fortune 0 | Tax 0
Seat 1: Hero (big blind) collected (1,320)
Seat 2: 2494e65e folded before Flop
Seat 3: ce69ef58 folded before Flop
Seat 4: 7d9c48ee folded before Flop
Seat 5: cb662394 folded before Flop
Seat 6: d1a364af folded before Flop
Seat 7: a7b49fd9 (button) folded before Flop
Seat 8: 8988b642 (small blind) folded before Flop


Poker Hand #TM5634734431: Tournament #266148999, Bounty Hunters Special $10.80 Hold'em No Limit - Level11(300/600(90)) - 2026/02/26 19:07:34
Table '75' 8-max Seat #6 is the button
Seat 1: Hero (35,315 in chips)
Seat 2: 2494e65e (12,046 in chips)
Seat 3: ce69ef58 (18,308 in chips)
Seat 4: 7d9c48ee (22,176 in chips)
Seat 5: cb662394 (41,972 in chips)
Seat 6: d1a364af (7,085 in chips)
Seat 7: a7b49fd9 (8,375 in chips)
Seat 8: 8988b642 (9,436 in chips)
d1a364af: posts the ante 90
a7b49fd9: posts the ante 90
7d9c48ee: posts the ante 90
Hero: posts the ante 90
8988b642: posts the ante 90
cb662394: posts the ante 90
ce69ef58: posts the ante 90
2494e65e: posts the ante 90
a7b49fd9: posts small blind 300
8988b642: posts big blind 600
*** HOLE CARDS ***
Dealt to Hero [Qh Tc]
Dealt to 2494e65e 
Dealt to ce69ef58 
Dealt to 7d9c48ee 
Dealt to cb662394 
Dealt to d1a364af 
Dealt to a7b49fd9 
Dealt to 8988b642 
Hero: folds
2494e65e: folds
ce69ef58: folds
7d9c48ee: folds
cb662394: folds
d1a364af: folds
a7b49fd9: raises 600 to 1,200
8988b642: raises 8,146 to 9,346 and is all-in
a7b49fd9: folds
Uncalled bet (8,146) returned to 8988b642
*** SHOWDOWN ***
8988b642 collected 3,120 from pot
*** SUMMARY ***
Total pot 3,120 | Rake 0 | Jackpot 0 | Bingo 0 | Fortune 0 | Tax 0
Seat 1: Hero folded before Flop
Seat 2: 2494e65e folded before Flop
Seat 3: ce69ef58 folded before Flop
Seat 4: 7d9c48ee folded before Flop
Seat 5: cb662394 folded before Flop
Seat 6: d1a364af (button) folded before Flop
Seat 7: a7b49fd9 (small blind) folded before Flop
Seat 8: 8988b642 (big blind) collected (3,120)


Poker Hand #TM5634734422: Tournament #266148999, Bounty Hunters Special $10.80 Hold'em No Limit - Level11(300/600(90)) - 2026/02/26 19:07:00
Table '75' 8-max Seat #5 is the button
Seat 1: Hero (35,405 in chips)
Seat 2: 2494e65e (12,136 in chips)
Seat 3: ce69ef58 (18,398 in chips)
Seat 4: 7d9c48ee (20,646 in chips)
Seat 5: cb662394 (42,062 in chips)
Seat 6: d1a364af (7,475 in chips)
Seat 7: a7b49fd9 (9,065 in chips)
Seat 8: 8988b642 (9,526 in chips)
d1a364af: posts the ante 90
a7b49fd9: posts the ante 90
7d9c48ee: posts the ante 90
Hero: posts the ante 90
8988b642: posts the ante 90
cb662394: posts the ante 90
ce69ef58: posts the ante 90
2494e65e: posts the ante 90
d1a364af: posts small blind 300
a7b49fd9: posts big blind 600
*** HOLE CARDS ***
Dealt to Hero [Jh 6s]
Dealt to 2494e65e 
Dealt to ce69ef58 
Dealt to 7d9c48ee 
Dealt to cb662394 
Dealt to d1a364af 
Dealt to a7b49fd9 
Dealt to 8988b642 
8988b642: folds
Hero: folds
2494e65e: folds
ce69ef58: folds
7d9c48ee: raises 660 to 1,260
cb662394: folds
d1a364af: folds
a7b49fd9: folds
Uncalled bet (660) returned to 7d9c48ee
*** SHOWDOWN ***
7d9c48ee collected 2,220 from pot
*** SUMMARY ***
Total pot 2,220 | Rake 0 | Jackpot 0 | Bingo 0 | Fortune 0 | Tax 0
Seat 1: Hero folded before Flop
Seat 2: 2494e65e folded before Flop
Seat 3: ce69ef58 folded before Flop
Seat 4: 7d9c48ee collected (2,220)
Seat 5: cb662394 (button) folded before Flop
Seat 6: d1a364af (small blind) folded before Flop
Seat 7: a7b49fd9 (big blind) folded before Flop
Seat 8: 8988b642 folded before Flop


Poker Hand #TM5634734400: Tournament #266148999, Bounty Hunters Special $10.80 Hold'em No Limit - Level11(300/600(90)) - 2026/02/26 19:05:55
Table '75' 8-max Seat #4 is the button
Seat 1: Hero (35,495 in chips)
Seat 2: 2494e65e (12,226 in chips)
Seat 3: ce69ef58 (18,488 in chips)
Seat 4: 7d9c48ee (17,496 in chips)
Seat 5: cb662394 (43,412 in chips)
Seat 6: d1a364af (8,825 in chips)
Seat 7: a7b49fd9 (9,155 in chips)
Seat 8: 8988b642 (9,616 in chips)
d1a364af: posts the ante 90
a7b49fd9: posts the ante 90
7d9c48ee: posts the ante 90
Hero: posts the ante 90
8988b642: posts the ante 90
cb662394: posts the ante 90
ce69ef58: posts the ante 90
2494e65e: posts the ante 90
cb662394: posts small blind 300
d1a364af: posts big blind 600
*** HOLE CARDS ***
Dealt to Hero [4d 5c]
Dealt to 2494e65e 
Dealt to ce69ef58 
Dealt to 7d9c48ee 
Dealt to cb662394 
Dealt to d1a364af 
Dealt to a7b49fd9 
Dealt to 8988b642 
a7b49fd9: folds
8988b642: folds
Hero: folds
2494e65e: folds
ce69ef58: folds
7d9c48ee: raises 660 to 1,260
cb662394: calls 960
d1a364af: calls 660
*** FLOP *** [4c Ah Qh]
cb662394: checks
d1a364af: checks
7d9c48ee: bets 1,485
cb662394: folds
d1a364af: folds
Uncalled bet (1,485) returned to 7d9c48ee
*** SHOWDOWN ***
7d9c48ee collected 4,500 from pot
*** SUMMARY ***
Total pot 4,500 | Rake 0 | Jackpot 0 | Bingo 0 | Fortune 0 | Tax 0
Board [4c Ah Qh]
Seat 1: Hero folded before Flop
Seat 2: 2494e65e folded before Flop
Seat 3: ce69ef58 folded before Flop
Seat 4: 7d9c48ee (button) won (4,500)
Seat 5: cb662394 (small blind) folded on the Flop
Seat 6: d1a364af (big blind) folded on the Flop
Seat 7: a7b49fd9 folded before Flop
Seat 8: 8988b642 folded before Flop


Poker Hand #TM5634734389: Tournament #266148999, Bounty Hunters Special $10.80 Hold'em No Limit - Level11(300/600(90)) - 2026/02/26 19:05:08
Table '75' 8-max Seat #3 is the button
Seat 1: Hero (35,585 in chips)
Seat 2: 2494e65e (12,316 in chips)
Seat 3: ce69ef58 (18,578 in chips)
Seat 4: 7d9c48ee (16,266 in chips)
Seat 5: cb662394 (44,102 in chips)
Seat 6: d1a364af (8,915 in chips)
Seat 7: a7b49fd9 (9,245 in chips)
Seat 8: 8988b642 (9,706 in chips)
d1a364af: posts the ante 90
a7b49fd9: posts the ante 90
7d9c48ee: posts the ante 90
Hero: posts the ante 90
8988b642: posts the ante 90
cb662394: posts the ante 90
ce69ef58: posts the ante 90
2494e65e: posts the ante 90
7d9c48ee: posts small blind 300
cb662394: posts big blind 600
*** HOLE CARDS ***
Dealt to Hero [Ad 9h]
Dealt to 2494e65e 
Dealt to ce69ef58 
Dealt to 7d9c48ee 
Dealt to cb662394 
Dealt to d1a364af 
Dealt to a7b49fd9 
Dealt to 8988b642 
d1a364af: folds
a7b49fd9: folds
8988b642: folds
Hero: folds
2494e65e: folds
ce69ef58: folds
7d9c48ee: calls 300
cb662394: checks
*** FLOP *** [Jd 4s 9s]
7d9c48ee: bets 600
cb662394: folds
Uncalled bet (600) returned to 7d9c48ee
*** SHOWDOWN ***
7d9c48ee collected 1,920 from pot
*** SUMMARY ***
Total pot 1,920 | Rake 0 | Jackpot 0 | Bingo 0 | Fortune 0 | Tax 0
Board [Jd 4s 9s]
Seat 1: Hero folded before Flop
Seat 2: 2494e65e folded before Flop
Seat 3: ce69ef58 (button) folded before Flop
Seat 4: 7d9c48ee (small blind) won (1,920)
Seat 5: cb662394 (big blind) folded on the Flop
Seat 6: d1a364af folded before Flop
Seat 7: a7b49fd9 folded before Flop
Seat 8: 8988b642 folded before Flop


Poker Hand #TM5634734372: Tournament #266148999, Bounty Hunters Special $10.80 Hold'em No Limit - Level10(250/500(75)) - 2026/02/26 19:04:05
Table '75' 8-max Seat #2 is the button
Seat 1: Hero (35,660 in chips)
Seat 2: 2494e65e (12,391 in chips)
Seat 3: ce69ef58 (20,153 in chips)
Seat 4: 7d9c48ee (14,241 in chips)
Seat 5: cb662394 (44,177 in chips)
Seat 6: d1a364af (8,990 in chips)
Seat 7: a7b49fd9 (9,320 in chips)
Seat 8: 8988b642 (9,781 in chips)
d1a364af: posts the ante 75
a7b49fd9: posts the ante 75
7d9c48ee: posts the ante 75
Hero: posts the ante 75
8988b642: posts the ante 75
cb662394: posts the ante 75
2494e65e: posts the ante 75
ce69ef58: posts the ante 75
ce69ef58: posts small blind 250
7d9c48ee: posts big blind 500
*** HOLE CARDS ***
Dealt to Hero [5h Jd]
Dealt to 2494e65e 
Dealt to ce69ef58 
Dealt to 7d9c48ee 
Dealt to cb662394 
Dealt to d1a364af 
Dealt to a7b49fd9 
Dealt to 8988b642 
cb662394: folds
d1a364af: folds
a7b49fd9: folds
8988b642: folds
Hero: folds
2494e65e: folds
ce69ef58: raises 1,000 to 1,500
7d9c48ee: raises 3,250 to 4,750
ce69ef58: folds
Uncalled bet (3,250) returned to 7d9c48ee
*** SHOWDOWN ***
7d9c48ee collected 3,600 from pot
*** SUMMARY ***
Total pot 3,600 | Rake 0 | Jackpot 0 | Bingo 0 | Fortune 0 | Tax 0
Seat 1: Hero folded before Flop
Seat 2: 2494e65e (button) folded before Flop
Seat 3: ce69ef58 (small blind) folded before Flop
Seat 4: 7d9c48ee (big blind) collected (3,600)
Seat 5: cb662394 folded before Flop
Seat 6: d1a364af folded before Flop
Seat 7: a7b49fd9 folded before Flop
Seat 8: 8988b642 folded before Flop


Poker Hand #TM5634734355: Tournament #266148999, Bounty Hunters Special $10.80 Hold'em No Limit - Level10(250/500(75)) - 2026/02/26 19:03:20
Table '75' 8-max Seat #1 is the button
Seat 1: Hero (35,735 in chips)
Seat 2: 2494e65e (12,716 in chips)
Seat 3: ce69ef58 (20,728 in chips)
Seat 4: 7d9c48ee (12,966 in chips)
Seat 5: cb662394 (44,252 in chips)
Seat 6: d1a364af (9,065 in chips)
Seat 7: a7b49fd9 (9,395 in chips)
Seat 8: 8988b642 (9,856 in chips)
d1a364af: posts the ante 75
a7b49fd9: posts the ante 75
7d9c48ee: posts the ante 75
Hero: posts the ante 75
8988b642: posts the ante 75
cb662394: posts the ante 75
ce69ef58: posts the ante 75
2494e65e: posts the ante 75
2494e65e: posts small blind 250
ce69ef58: posts big blind 500
*** HOLE CARDS ***
Dealt to Hero [9c 2h]
Dealt to 2494e65e 
Dealt to ce69ef58 
Dealt to 7d9c48ee 
Dealt to cb662394 
Dealt to d1a364af 
Dealt to a7b49fd9 
Dealt to 8988b642 
7d9c48ee: raises 550 to 1,050
cb662394: folds
d1a364af: folds
a7b49fd9: folds
8988b642: folds
Hero: folds
2494e65e: folds
ce69ef58: folds
Uncalled bet (550) returned to 7d9c48ee
*** SHOWDOWN ***
7d9c48ee collected 1,850 from pot
*** SUMMARY ***
Total pot 1,850 | Rake 0 | Jackpot 0 | Bingo 0 | Fortune 0 | Tax 0
Seat 1: Hero (button) folded before Flop
Seat 2: 2494e65e (small blind) folded before Flop
Seat 3: ce69ef58 (big blind) folded before Flop
Seat 4: 7d9c48ee collected (1,850)
Seat 5: cb662394 folded before Flop
Seat 6: d1a364af folded before Flop
Seat 7: a7b49fd9 folded before Flop
Seat 8: 8988b642 folded before Flop


Poker Hand #TM5634734333: Tournament #266148999, Bounty Hunters Special $10.80 Hold'em No Limit - Level10(250/500(75)) - 2026/02/26 19:02:09
Table '75' 8-max Seat #8 is the button
Seat 1: Hero (36,060 in chips)
Seat 2: 2494e65e (10,000 in chips)
Seat 3: ce69ef58 (22,744 in chips)
Seat 4: 7d9c48ee (13,041 in chips)
Seat 5: cb662394 (44,327 in chips)
Seat 6: d1a364af (9,140 in chips)
Seat 7: a7b49fd9 (9,470 in chips)
Seat 8: 8988b642 (9,931 in chips)
d1a364af: posts the ante 75
a7b49fd9: posts the ante 75
7d9c48ee: posts the ante 75
8988b642: posts the ante 75
Hero: posts the ante 75
cb662394: posts the ante 75
ce69ef58: posts the ante 75
2494e65e: posts the ante 75
Hero: posts small blind 250
2494e65e: posts big blind 500
*** HOLE CARDS ***
Dealt to Hero [Qh 6d]
Dealt to 2494e65e 
Dealt to ce69ef58 
Dealt to 7d9c48ee 
Dealt to cb662394 
Dealt to d1a364af 
Dealt to a7b49fd9 
Dealt to 8988b642 
ce69ef58: raises 500 to 1,000
7d9c48ee: folds
cb662394: folds
d1a364af: folds
a7b49fd9: folds
8988b642: folds
Hero: folds
2494e65e: calls 500
*** FLOP *** [5d 3s Th]
2494e65e: checks
ce69ef58: bets 941
2494e65e: calls 941
*** TURN *** [5d 3s Th] [9c]
2494e65e: checks
ce69ef58: checks
*** RIVER *** [5d 3s Th 9c] [5h]
2494e65e: bets 3,008
ce69ef58: folds
Uncalled bet (3,008) returned to 2494e65e
*** SHOWDOWN ***
2494e65e collected 4,732 from pot
*** SUMMARY ***
Total pot 4,732 | Rake 0 | Jackpot 0 | Bingo 0 | Fortune 0 | Tax 0
Board [5d 3s Th 9c 5h]
Seat 1: Hero (small blind) folded before Flop
Seat 2: 2494e65e (big blind) won (4,732)
Seat 3: ce69ef58 folded on the River
Seat 4: 7d9c48ee folded before Flop
Seat 5: cb662394 folded before Flop
Seat 6: d1a364af folded before Flop
Seat 7: a7b49fd9 folded before Flop
Seat 8: 8988b642 (button) folded before Flop


Poker Hand #TM5634734308: Tournament #266148999, Bounty Hunters Special $10.80 Hold'em No Limit - Level10(250/500(75)) - 2026/02/26 18:54:43
Table '75' 8-max Seat #7 is the button
Seat 1: Hero (35,360 in chips)
Seat 3: ce69ef58 (22,819 in chips)
Seat 4: 7d9c48ee (13,116 in chips)
Seat 5: cb662394 (44,402 in chips)
Seat 6: d1a364af (9,215 in chips)
Seat 7: a7b49fd9 (9,545 in chips)
Seat 8: 8988b642 (10,256 in chips)
d1a364af: posts the ante 75
a7b49fd9: posts the ante 75
7d9c48ee: posts the ante 75
Hero: posts the ante 75
8988b642: posts the ante 75
cb662394: posts the ante 75
ce69ef58: posts the ante 75
8988b642: posts small blind 250
Hero: posts big blind 500
*** HOLE CARDS ***
Dealt to Hero [4h 9d]
Dealt to ce69ef58 
Dealt to 7d9c48ee 
Dealt to cb662394 
Dealt to d1a364af 
Dealt to a7b49fd9 
Dealt to 8988b642 
ce69ef58: folds
7d9c48ee: folds
cb662394: folds
d1a364af: folds
a7b49fd9: folds
8988b642: folds
Uncalled bet (250) returned to Hero
*** SHOWDOWN ***
Hero collected 1,025 from pot
*** SUMMARY ***
Total pot 1,025 | Rake 0 | Jackpot 0 | Bingo 0 | Fortune 0 | Tax 0
Seat 1: Hero (big blind) showed [4h 9d] and collected (1,025)
Seat 3: ce69ef58 folded before Flop
Seat 4: 7d9c48ee folded before Flop
Seat 5: cb662394 folded before Flop
Seat 6: d1a364af folded before Flop
Seat 7: a7b49fd9 (button) folded before Flop
Seat 8: 8988b642 (small blind) folded before Flop


Poker Hand #TM5634734284: Tournament #266148999, Bounty Hunters Special $10.80 Hold'em No Limit - Level10(250/500(75)) - 2026/02/26 18:53:47
Table '75' 8-max Seat #6 is the button
Seat 1: Hero (36,435 in chips)
Seat 2: 3a0ab2c9 (11,128 in chips)
Seat 3: ce69ef58 (22,894 in chips)
Seat 4: 7d9c48ee (14,191 in chips)
Seat 5: cb662394 (30,074 in chips)
Seat 6: d1a364af (9,290 in chips)
Seat 7: a7b49fd9 (9,870 in chips)
Seat 8: 8988b642 (10,831 in chips)
d1a364af: posts the ante 75
a7b49fd9: posts the ante 75
7d9c48ee: posts the ante 75
Hero: posts the ante 75
8988b642: posts the ante 75
3a0ab2c9: posts the ante 75
cb662394: posts the ante 75
ce69ef58: posts the ante 75
a7b49fd9: posts small blind 250
8988b642: posts big blind 500
*** HOLE CARDS ***
Dealt to Hero [8h Ah]
Dealt to 3a0ab2c9 
Dealt to ce69ef58 
Dealt to 7d9c48ee 
Dealt to cb662394 
Dealt to d1a364af 
Dealt to a7b49fd9 
Dealt to 8988b642 
Hero: raises 500 to 1,000
3a0ab2c9: calls 1,000
ce69ef58: folds
7d9c48ee: calls 1,000
cb662394: raises 4,013 to 5,013
d1a364af: folds
a7b49fd9: folds
8988b642: folds
Hero: folds
3a0ab2c9: raises 6,040 to 11,053 and is all-in
7d9c48ee: folds
cb662394: calls 6,040
3a0ab2c9: shows [Kh Qh]
cb662394: shows [Jc Js]
*** FLOP *** [5h 3c 7s]
*** TURN *** [5h 3c 7s] [Jd]
*** RIVER *** [5h 3c 7s Jd] [2d]
*** SHOWDOWN ***
cb662394 collected 25,456 from pot
*** SUMMARY ***
Total pot 25,456 | Rake 0 | Jackpot 0 | Bingo 0 | Fortune 0 | Tax 0
Board [5h 3c 7s Jd 2d]
Seat 1: Hero folded before Flop
Seat 2: 3a0ab2c9 showed [Kh Qh] and lost with King high
Seat 3: ce69ef58 folded before Flop
Seat 4: 7d9c48ee folded before Flop
Seat 5: cb662394 showed [Jc Js] and won (25,456) with three of a kind, Jacks
Seat 6: d1a364af (button) folded before Flop
Seat 7: a7b49fd9 (small blind) folded before Flop
Seat 8: 8988b642 (big blind) folded before Flop


Poker Hand #TM5634734266: Tournament #266148999, Bounty Hunters Special $10.80 Hold'em No Limit - Level10(250/500(75)) - 2026/02/26 18:52:45
Table '75' 8-max Seat #5 is the button
Seat 1: Hero (36,510 in chips)
Seat 2: 3a0ab2c9 (11,203 in chips)
Seat 3: ce69ef58 (24,910 in chips)
Seat 4: 7d9c48ee (14,266 in chips)
Seat 5: cb662394 (30,149 in chips)
Seat 6: d1a364af (9,615 in chips)
Seat 7: a7b49fd9 (7,154 in chips)
Seat 8: 8988b642 (10,906 in chips)
d1a364af: posts the ante 75
a7b49fd9: posts the ante 75
7d9c48ee: posts the ante 75
Hero: posts the ante 75
8988b642: posts the ante 75
3a0ab2c9: posts the ante 75
cb662394: posts the ante 75
ce69ef58: posts the ante 75
d1a364af: posts small blind 250
a7b49fd9: posts big blind 500
*** HOLE CARDS ***
Dealt to Hero [7d 4c]
Dealt to 3a0ab2c9 
Dealt to ce69ef58 
Dealt to 7d9c48ee 
Dealt to cb662394 
Dealt to d1a364af 
Dealt to a7b49fd9 
Dealt to 8988b642 
8988b642: folds
Hero: folds
3a0ab2c9: folds
ce69ef58: raises 500 to 1,000
7d9c48ee: folds
cb662394: folds
d1a364af: folds
a7b49fd9: calls 500
*** FLOP *** [6h Js 3d]
a7b49fd9: checks
ce69ef58: bets 941
a7b49fd9: calls 941
*** TURN *** [6h Js 3d] [2c]
a7b49fd9: checks
ce69ef58: checks
*** RIVER *** [6h Js 3d 2c] [Qc]
a7b49fd9: checks
ce69ef58: checks
a7b49fd9: shows [Tc 3c] (a pair of Threes)
ce69ef58: shows [5c Ac] (Ace high)
*** SHOWDOWN ***
a7b49fd9 collected 4,732 from pot
*** SUMMARY ***
Total pot 4,732 | Rake 0 | Jackpot 0 | Bingo 0 | Fortune 0 | Tax 0
Board [6h Js 3d 2c Qc]
Seat 1: Hero folded before Flop
Seat 2: 3a0ab2c9 folded before Flop
Seat 3: ce69ef58 showed [5c Ac] and lost with Ace high
Seat 4: 7d9c48ee folded before Flop
Seat 5: cb662394 (button) folded before Flop
Seat 6: d1a364af (small blind) folded before Flop
Seat 7: a7b49fd9 (big blind) showed [Tc 3c] and won (4,732) with a pair of Threes
Seat 8: 8988b642 folded before Flop


Poker Hand #TM5634734250: Tournament #266148999, Bounty Hunters Special $10.80 Hold'em No Limit - Level10(250/500(75)) - 2026/02/26 18:51:56
Table '75' 8-max Seat #4 is the button
Seat 1: Hero (36,585 in chips)
Seat 2: 3a0ab2c9 (11,278 in chips)
Seat 3: ce69ef58 (24,985 in chips)
Seat 4: 7d9c48ee (14,341 in chips)
Seat 5: cb662394 (28,324 in chips)
Seat 6: d1a364af (10,990 in chips)
Seat 7: a7b49fd9 (7,229 in chips)
Seat 8: 8988b642 (10,981 in chips)
d1a364af: posts the ante 75
a7b49fd9: posts the ante 75
7d9c48ee: posts the ante 75
Hero: posts the ante 75
8988b642: posts the ante 75
3a0ab2c9: posts the ante 75
cb662394: posts the ante 75
ce69ef58: posts the ante 75
cb662394: posts small blind 250
d1a364af: posts big blind 500
*** HOLE CARDS ***
Dealt to Hero [Ad 5c]
Dealt to 3a0ab2c9 
Dealt to ce69ef58 
Dealt to 7d9c48ee 
Dealt to cb662394 
Dealt to d1a364af 
Dealt to a7b49fd9 
Dealt to 8988b642 
a7b49fd9: folds
8988b642: folds
Hero: folds
3a0ab2c9: folds
ce69ef58: folds
7d9c48ee: folds
cb662394: calls 250
d1a364af: checks
*** FLOP *** [4c 6h 7c]
cb662394: checks
d1a364af: bets 800
cb662394: calls 800
*** TURN *** [4c 6h 7c] [Js]
cb662394: checks
d1a364af: checks
*** RIVER *** [4c 6h 7c Js] [5s]
cb662394: bets 2,400
d1a364af: folds
Uncalled bet (2,400) returned to cb662394
*** SHOWDOWN ***
cb662394 collected 3,200 from pot
*** SUMMARY ***
Total pot 3,200 | Rake 0 | Jackpot 0 | Bingo 0 | Fortune 0 | Tax 0
Board [4c 6h 7c Js 5s]
Seat 1: Hero folded before Flop
Seat 2: 3a0ab2c9 folded before Flop
Seat 3: ce69ef58 folded before Flop
Seat 4: 7d9c48ee (button) folded before Flop
Seat 5: cb662394 (small blind) won (3,200)
Seat 6: d1a364af (big blind) folded on the River
Seat 7: a7b49fd9 folded before Flop
Seat 8: 8988b642 folded before Flop


Poker Hand #TM5634734240: Tournament #266148999, Bounty Hunters Special $10.80 Hold'em No Limit - Level10(250/500(75)) - 2026/02/26 18:51:21
Table '75' 8-max Seat #3 is the button
Seat 1: Hero (36,660 in chips)
Seat 2: 3a0ab2c9 (11,353 in chips)
Seat 3: ce69ef58 (25,060 in chips)
Seat 4: 7d9c48ee (14,666 in chips)
Seat 5: cb662394 (28,899 in chips)
Seat 6: d1a364af (9,715 in chips)
Seat 7: a7b49fd9 (7,304 in chips)
Seat 8: 8988b642 (11,056 in chips)
d1a364af: posts the ante 75
a7b49fd9: posts the ante 75
7d9c48ee: posts the ante 75
Hero: posts the ante 75
8988b642: posts the ante 75
3a0ab2c9: posts the ante 75
cb662394: posts the ante 75
ce69ef58: posts the ante 75
7d9c48ee: posts small blind 250
cb662394: posts big blind 500
*** HOLE CARDS ***
Dealt to Hero [Qd 3c]
Dealt to 3a0ab2c9 
Dealt to ce69ef58 
Dealt to 7d9c48ee 
Dealt to cb662394 
Dealt to d1a364af 
Dealt to a7b49fd9 
Dealt to 8988b642 
d1a364af: raises 500 to 1,000
a7b49fd9: folds
8988b642: folds
Hero: folds
3a0ab2c9: folds
ce69ef58: folds
7d9c48ee: folds
cb662394: folds
Uncalled bet (500) returned to d1a364af
*** SHOWDOWN ***
d1a364af collected 1,850 from pot
*** SUMMARY ***
Total pot 1,850 | Rake 0 | Jackpot 0 | Bingo 0 | Fortune 0 | Tax 0
Seat 1: Hero folded before Flop
Seat 2: 3a0ab2c9 folded before Flop
Seat 3: ce69ef58 (button) folded before Flop
Seat 4: 7d9c48ee (small blind) folded before Flop
Seat 5: cb662394 (big blind) folded before Flop
Seat 6: d1a364af collected (1,850)
Seat 7: a7b49fd9 folded before Flop
Seat 8: 8988b642 folded before Flop


Poker Hand #TM5634734230: Tournament #266148999, Bounty Hunters Special $10.80 Hold'em No Limit - Level10(250/500(75)) - 2026/02/26 18:50:57
Table '75' 8-max Seat #2 is the button
Seat 1: Hero (36,735 in chips)
Seat 2: 3a0ab2c9 (11,428 in chips)
Seat 3: ce69ef58 (25,385 in chips)
Seat 4: 7d9c48ee (15,241 in chips)
Seat 5: cb662394 (28,974 in chips)
Seat 6: d1a364af (9,790 in chips)
Seat 7: a7b49fd9 (6,029 in chips)
Seat 8: 8988b642 (11,131 in chips)
d1a364af: posts the ante 75
a7b49fd9: posts the ante 75
7d9c48ee: posts the ante 75
Hero: posts the ante 75
8988b642: posts the ante 75
3a0ab2c9: posts the ante 75
cb662394: posts the ante 75
ce69ef58: posts the ante 75
ce69ef58: posts small blind 250
7d9c48ee: posts big blind 500
*** HOLE CARDS ***
Dealt to Hero [3c 7d]
Dealt to 3a0ab2c9 
Dealt to ce69ef58 
Dealt to 7d9c48ee 
Dealt to cb662394 
Dealt to d1a364af 
Dealt to a7b49fd9 
Dealt to 8988b642 
cb662394: folds
d1a364af: folds
a7b49fd9: raises 5,454 to 5,954 and is all-in
8988b642: folds
Hero: folds
3a0ab2c9: folds
ce69ef58: folds
7d9c48ee: folds
Uncalled bet (5,454) returned to a7b49fd9
*** SHOWDOWN ***
a7b49fd9 collected 1,850 from pot
*** SUMMARY ***
Total pot 1,850 | Rake 0 | Jackpot 0 | Bingo 0 | Fortune 0 | Tax 0
Seat 1: Hero folded before Flop
Seat 2: 3a0ab2c9 (button) folded before Flop
Seat 3: ce69ef58 (small blind) folded before Flop
Seat 4: 7d9c48ee (big blind) folded before Flop
Seat 5: cb662394 folded before Flop
Seat 6: d1a364af folded before Flop
Seat 7: a7b49fd9 collected (1,850)
Seat 8: 8988b642 folded before Flop


Poker Hand #TM5634734213: Tournament #266148999, Bounty Hunters Special $10.80 Hold'em No Limit - Level10(250/500(75)) - 2026/02/26 18:50:10
Table '75' 8-max Seat #1 is the button
Seat 1: Hero (36,810 in chips)
Seat 2: 3a0ab2c9 (12,003 in chips)
Seat 3: ce69ef58 (24,360 in chips)
Seat 4: 7d9c48ee (15,316 in chips)
Seat 5: cb662394 (29,049 in chips)
Seat 6: d1a364af (9,865 in chips)
Seat 7: a7b49fd9 (6,104 in chips)
Seat 8: 8988b642 (11,206 in chips)
d1a364af: posts the ante 75
a7b49fd9: posts the ante 75
7d9c48ee: posts the ante 75
Hero: posts the ante 75
8988b642: posts the ante 75
3a0ab2c9: posts the ante 75
cb662394: posts the ante 75
ce69ef58: posts the ante 75
3a0ab2c9: posts small blind 250
ce69ef58: posts big blind 500
*** HOLE CARDS ***
Dealt to Hero [5d 6c]
Dealt to 3a0ab2c9 
Dealt to ce69ef58 
Dealt to 7d9c48ee 
Dealt to cb662394 
Dealt to d1a364af 
Dealt to a7b49fd9 
Dealt to 8988b642 
7d9c48ee: folds
cb662394: folds
d1a364af: folds
a7b49fd9: folds
8988b642: folds
Hero: folds
3a0ab2c9: calls 250
ce69ef58: checks
*** FLOP *** [2d 3c 5h]
3a0ab2c9: checks
ce69ef58: checks
*** TURN *** [2d 3c 5h] [Td]
3a0ab2c9: checks
ce69ef58: checks
*** RIVER *** [2d 3c 5h Td] [6d]
3a0ab2c9: checks
ce69ef58: checks
3a0ab2c9: shows [Jc Ks] (King high)
ce69ef58: shows [8h Ad] (Ace high)
*** SHOWDOWN ***
ce69ef58 collected 1,600 from pot
*** SUMMARY ***
Total pot 1,600 | Rake 0 | Jackpot 0 | Bingo 0 | Fortune 0 | Tax 0
Board [2d 3c 5h Td 6d]
Seat 1: Hero (button) folded before Flop
Seat 2: 3a0ab2c9 (small blind) showed [Jc Ks] and lost with King high
Seat 3: ce69ef58 (big blind) showed [8h Ad] and won (1,600) with Ace high
Seat 4: 7d9c48ee folded before Flop
Seat 5: cb662394 folded before Flop
Seat 6: d1a364af folded before Flop
Seat 7: a7b49fd9 folded before Flop
Seat 8: 8988b642 folded before Flop


Poker Hand #TM5634734198: Tournament #266148999, Bounty Hunters Special $10.80 Hold'em No Limit - Level10(250/500(75)) - 2026/02/26 18:49:27
Table '75' 8-max Seat #8 is the button
Seat 1: Hero (24,740 in chips)
Seat 2: 3a0ab2c9 (12,578 in chips)
Seat 3: ce69ef58 (24,435 in chips)
Seat 4: 7d9c48ee (15,391 in chips)
Seat 5: cb662394 (29,124 in chips)
Seat 6: d1a364af (9,940 in chips)
Seat 7: b46fef4f (11,120 in chips)
Seat 8: 8988b642 (11,281 in chips)
d1a364af: posts the ante 75
7d9c48ee: posts the ante 75
8988b642: posts the ante 75
Hero: posts the ante 75
b46fef4f: posts the ante 75
3a0ab2c9: posts the ante 75
cb662394: posts the ante 75
ce69ef58: posts the ante 75
Hero: posts small blind 250
3a0ab2c9: posts big blind 500
*** HOLE CARDS ***
Dealt to Hero [As Jh]
Dealt to 3a0ab2c9 
Dealt to ce69ef58 
Dealt to 7d9c48ee 
Dealt to cb662394 
Dealt to d1a364af 
Dealt to b46fef4f 
Dealt to 8988b642 
ce69ef58: folds
7d9c48ee: folds
cb662394: folds
d1a364af: folds
b46fef4f: raises 500 to 1,000
8988b642: folds
Hero: raises 20,000 to 21,000
3a0ab2c9: folds
b46fef4f: calls 10,045 and is all-in
Uncalled bet (9,955) returned to Hero
Hero: shows [As Jh]
b46fef4f: shows [6d 6s]
*** FLOP *** [Ac Jc 9d]
*** TURN *** [Ac Jc 9d] [Qh]
*** RIVER *** [Ac Jc 9d Qh] [2h]
*** SHOWDOWN ***
Hero collected 23,190 from pot
*** SUMMARY ***
Total pot 23,190 | Rake 0 | Jackpot 0 | Bingo 0 | Fortune 0 | Tax 0
Board [Ac Jc 9d Qh 2h]
Seat 1: Hero (small blind) showed [As Jh] and won (23,190) with two pair, Aces and Jacks
Seat 2: 3a0ab2c9 (big blind) folded before Flop
Seat 3: ce69ef58 folded before Flop
Seat 4: 7d9c48ee folded before Flop
Seat 5: cb662394 folded before Flop
Seat 6: d1a364af folded before Flop
Seat 7: b46fef4f showed [6d 6s] and lost with a pair of Sixes
Seat 8: 8988b642 (button) folded before Flop


Poker Hand #TM5634734175: Tournament #266148999, Bounty Hunters Special $10.80 Hold'em No Limit - Level9(200/400(60)) - 2026/02/26 18:48:23
Table '75' 8-max Seat #7 is the button
Seat 1: Hero (20,740 in chips)
Seat 2: 3a0ab2c9 (12,638 in chips)
Seat 3: ce69ef58 (24,495 in chips)
Seat 4: 7d9c48ee (18,191 in chips)
Seat 5: cb662394 (29,184 in chips)
Seat 6: d1a364af (10,000 in chips)
Seat 7: b46fef4f (11,180 in chips)
Seat 8: 8988b642 (12,181 in chips)
d1a364af: posts the ante 60
7d9c48ee: posts the ante 60
Hero: posts the ante 60
8988b642: posts the ante 60
b46fef4f: posts the ante 60
3a0ab2c9: posts the ante 60
cb662394: posts the ante 60
ce69ef58: posts the ante 60
8988b642: posts small blind 200
Hero: posts big blind 400
*** HOLE CARDS ***
Dealt to Hero [Th Jh]
Dealt to 3a0ab2c9 
Dealt to ce69ef58 
Dealt to 7d9c48ee 
Dealt to cb662394 
Dealt to d1a364af 
Dealt to b46fef4f 
Dealt to 8988b642 
3a0ab2c9: folds
ce69ef58: folds
7d9c48ee: raises 440 to 840
cb662394: folds
d1a364af: folds
b46fef4f: folds
8988b642: calls 640
Hero: calls 440
*** FLOP *** [9h 6s 3h]
8988b642: checks
Hero: checks
7d9c48ee: checks
*** TURN *** [9h 6s 3h] [5d]
8988b642: checks
Hero: bets 1,900
7d9c48ee: calls 1,900
8988b642: folds
*** RIVER *** [9h 6s 3h 5d] [Td]
Hero: bets 3,800
7d9c48ee: folds
Uncalled bet (3,800) returned to Hero
*** SHOWDOWN ***
Hero collected 6,800 from pot
*** SUMMARY ***
Total pot 6,800 | Rake 0 | Jackpot 0 | Bingo 0 | Fortune 0 | Tax 0
Board [9h 6s 3h 5d Td]
Seat 1: Hero (big blind) won (6,800)
Seat 2: 3a0ab2c9 folded before Flop
Seat 3: ce69ef58 folded before Flop
Seat 4: 7d9c48ee folded on the River
Seat 5: cb662394 folded before Flop
Seat 6: d1a364af folded before Flop
Seat 7: b46fef4f (button) folded before Flop
Seat 8: 8988b642 (small blind) folded on the Turn


Poker Hand #TM5634734166: Tournament #266148999, Bounty Hunters Special $10.80 Hold'em No Limit - Level9(200/400(60)) - 2026/02/26 18:47:47
Table '75' 8-max Seat #5 is the button
Seat 1: Hero (20,800 in chips)
Seat 2: 3a0ab2c9 (12,698 in chips)
Seat 3: ce69ef58 (24,555 in chips)
Seat 4: 7d9c48ee (18,251 in chips)
Seat 5: cb662394 (28,224 in chips)
Seat 7: b46fef4f (11,440 in chips)
Seat 8: 8988b642 (12,641 in chips)
7d9c48ee: posts the ante 60
Hero: posts the ante 60
8988b642: posts the ante 60
b46fef4f: posts the ante 60
3a0ab2c9: posts the ante 60
cb662394: posts the ante 60
ce69ef58: posts the ante 60
b46fef4f: posts small blind 200
8988b642: posts big blind 400
*** HOLE CARDS ***
Dealt to Hero [9d Qs]
Dealt to 3a0ab2c9 
Dealt to ce69ef58 
Dealt to 7d9c48ee 
Dealt to cb662394 
Dealt to b46fef4f 
Dealt to 8988b642 
Hero: folds
3a0ab2c9: folds
ce69ef58: folds
7d9c48ee: folds
cb662394: raises 400 to 800
b46fef4f: folds
8988b642: folds
Uncalled bet (400) returned to cb662394
*** SHOWDOWN ***
cb662394 collected 1,420 from pot
*** SUMMARY ***
Total pot 1,420 | Rake 0 | Jackpot 0 | Bingo 0 | Fortune 0 | Tax 0
Seat 1: Hero folded before Flop
Seat 2: 3a0ab2c9 folded before Flop
Seat 3: ce69ef58 folded before Flop
Seat 4: 7d9c48ee folded before Flop
Seat 5: cb662394 (button) collected (1,420)
Seat 7: b46fef4f (small blind) folded before Flop
Seat 8: 8988b642 (big blind) folded before Flop


Poker Hand #TM5634734147: Tournament #266148999, Bounty Hunters Special $10.80 Hold'em No Limit - Level9(200/400(60)) - 2026/02/26 18:47:00
Table '75' 8-max Seat #4 is the button
Seat 1: Hero (20,860 in chips)
Seat 2: 3a0ab2c9 (12,758 in chips)
Seat 3: ce69ef58 (24,615 in chips)
Seat 4: 7d9c48ee (20,351 in chips)
Seat 5: cb662394 (28,484 in chips)
Seat 7: b46fef4f (8,840 in chips)
Seat 8: 8988b642 (12,701 in chips)
7d9c48ee: posts the ante 60
Hero: posts the ante 60
8988b642: posts the ante 60
b46fef4f: posts the ante 60
3a0ab2c9: posts the ante 60
cb662394: posts the ante 60
ce69ef58: posts the ante 60
cb662394: posts small blind 200
b46fef4f: posts big blind 400
*** HOLE CARDS ***
Dealt to Hero [Ts 2d]
Dealt to 3a0ab2c9 
Dealt to ce69ef58 
Dealt to 7d9c48ee 
Dealt to cb662394 
Dealt to b46fef4f 
Dealt to 8988b642 
8988b642: folds
Hero: folds
3a0ab2c9: folds
ce69ef58: folds
7d9c48ee: raises 440 to 840
cb662394: folds
b46fef4f: calls 440
*** FLOP *** [3h 8s 6d]
b46fef4f: checks
7d9c48ee: checks
*** TURN *** [3h 8s 6d] [6c]
b46fef4f: checks
7d9c48ee: bets 1,200
b46fef4f: raises 6,740 to 7,940 and is all-in
7d9c48ee: folds
Uncalled bet (6,740) returned to b46fef4f
*** SHOWDOWN ***
b46fef4f collected 4,700 from pot
*** SUMMARY ***
Total pot 4,700 | Rake 0 | Jackpot 0 | Bingo 0 | Fortune 0 | Tax 0
Board [3h 8s 6d 6c]
Seat 1: Hero folded before Flop
Seat 2: 3a0ab2c9 folded before Flop
Seat 3: ce69ef58 folded before Flop
Seat 4: 7d9c48ee (button) folded on the Turn
Seat 5: cb662394 (small blind) folded before Flop
Seat 7: b46fef4f (big blind) won (4,700)
Seat 8: 8988b642 folded before Flop


Poker Hand #TM5634734128: Tournament #266148999, Bounty Hunters Special $10.80 Hold'em No Limit - Level9(200/400(60)) - 2026/02/26 18:45:52
Table '75' 8-max Seat #3 is the button
Seat 1: Hero (20,920 in chips)
Seat 2: 3a0ab2c9 (26,320 in chips)
Seat 3: ce69ef58 (24,675 in chips)
Seat 4: 7d9c48ee (20,611 in chips)
Seat 5: cb662394 (13,562 in chips)
Seat 6: 131903dd (15,998 in chips)
Seat 7: b46fef4f (8,900 in chips)
Seat 8: 8988b642 (13,561 in chips)
7d9c48ee: posts the ante 60
Hero: posts the ante 60
8988b642: posts the ante 60
b46fef4f: posts the ante 60
3a0ab2c9: posts the ante 60
cb662394: posts the ante 60
131903dd: posts the ante 60
ce69ef58: posts the ante 60
7d9c48ee: posts small blind 200
cb662394: posts big blind 400
*** HOLE CARDS ***
Dealt to Hero [7c 6s]
Dealt to 3a0ab2c9 
Dealt to ce69ef58 
Dealt to 7d9c48ee 
Dealt to cb662394 
Dealt to 131903dd 
Dealt to b46fef4f 
Dealt to 8988b642 
131903dd: folds
b46fef4f: folds
8988b642: raises 400 to 800
Hero: folds
3a0ab2c9: calls 800
ce69ef58: folds
7d9c48ee: folds
cb662394: raises 3,200 to 4,000
8988b642: folds
3a0ab2c9: calls 3,200
*** FLOP *** [6d 2h 9h]
cb662394: bets 3,129
3a0ab2c9: calls 3,129
*** TURN *** [6d 2h 9h] [Kc]
cb662394: bets 6,373 and is all-in
3a0ab2c9: calls 6,373
cb662394: shows [Kh Kd] (three of a kind, Kings)
3a0ab2c9: shows [8c 8d] (a pair of Eights)
*** RIVER *** [6d 2h 9h Kc] [6c]
*** SHOWDOWN ***
cb662394 collected 28,484 from pot
*** SUMMARY ***
Total pot 28,484 | Rake 0 | Jackpot 0 | Bingo 0 | Fortune 0 | Tax 0
Board [6d 2h 9h Kc 6c]
Seat 1: Hero folded before Flop
Seat 2: 3a0ab2c9 showed [8c 8d] and lost with two pair, Eights and Sixes
Seat 3: ce69ef58 (button) folded before Flop
Seat 4: 7d9c48ee (small blind) folded before Flop
Seat 5: cb662394 (big blind) showed [Kh Kd] and won (28,484) with a full house, Kings full of Sixes
Seat 6: 131903dd folded before Flop
Seat 7: b46fef4f folded before Flop
Seat 8: 8988b642 folded before Flop


Poker Hand #TM5634734113: Tournament #266148999, Bounty Hunters Special $10.80 Hold'em No Limit - Level9(200/400(60)) - 2026/02/26 18:45:19
Table '75' 8-max Seat #2 is the button
Seat 1: Hero (20,980 in chips)
Seat 2: 3a0ab2c9 (26,380 in chips)
Seat 3: ce69ef58 (23,855 in chips)
Seat 4: 7d9c48ee (21,071 in chips)
Seat 5: cb662394 (13,622 in chips)
Seat 6: 131903dd (16,058 in chips)
Seat 7: b46fef4f (8,960 in chips)
Seat 8: 8988b642 (13,621 in chips)
7d9c48ee: posts the ante 60
Hero: posts the ante 60
8988b642: posts the ante 60
b46fef4f: posts the ante 60
3a0ab2c9: posts the ante 60
cb662394: posts the ante 60
131903dd: posts the ante 60
ce69ef58: posts the ante 60
ce69ef58: posts small blind 200
7d9c48ee: posts big blind 400
*** HOLE CARDS ***
Dealt to Hero [2s 9h]
Dealt to 3a0ab2c9 
Dealt to ce69ef58 
Dealt to 7d9c48ee 
Dealt to cb662394 
Dealt to 131903dd 
Dealt to b46fef4f 
Dealt to 8988b642 
cb662394: folds
131903dd: folds
b46fef4f: folds
8988b642: folds
Hero: folds
3a0ab2c9: folds
ce69ef58: raises 800 to 1,200
7d9c48ee: folds
Uncalled bet (800) returned to ce69ef58
*** SHOWDOWN ***
ce69ef58 collected 1,280 from pot
*** SUMMARY ***
Total pot 1,280 | Rake 0 | Jackpot 0 | Bingo 0 | Fortune 0 | Tax 0
Seat 1: Hero folded before Flop
Seat 2: 3a0ab2c9 (button) folded before Flop
Seat 3: ce69ef58 (small blind) collected (1,280)
Seat 4: 7d9c48ee (big blind) folded before Flop
Seat 5: cb662394 folded before Flop
Seat 6: 131903dd folded before Flop
Seat 7: b46fef4f folded before Flop
Seat 8: 8988b642 folded before Flop


Poker Hand #TM5634734099: Tournament #266148999, Bounty Hunters Special $10.80 Hold'em No Limit - Level9(200/400(60)) - 2026/02/26 18:44:38
Table '75' 8-max Seat #1 is the button
Seat 1: Hero (21,040 in chips)
Seat 2: 3a0ab2c9 (20,440 in chips)
Seat 3: ce69ef58 (29,435 in chips)
Seat 4: 7d9c48ee (21,131 in chips)
Seat 5: cb662394 (13,682 in chips)
Seat 6: 131903dd (16,118 in chips)
Seat 7: b46fef4f (9,020 in chips)
Seat 8: 8988b642 (13,681 in chips)
7d9c48ee: posts the ante 60
Hero: posts the ante 60
8988b642: posts the ante 60
b46fef4f: posts the ante 60
3a0ab2c9: posts the ante 60
cb662394: posts the ante 60
131903dd: posts the ante 60
ce69ef58: posts the ante 60
3a0ab2c9: posts small blind 200
ce69ef58: posts big blind 400
*** HOLE CARDS ***
Dealt to Hero [Jh 4d]
Dealt to 3a0ab2c9 
Dealt to ce69ef58 
Dealt to 7d9c48ee 
Dealt to cb662394 
Dealt to 131903dd 
Dealt to b46fef4f 
Dealt to 8988b642 
7d9c48ee: folds
cb662394: folds
131903dd: folds
b46fef4f: folds
8988b642: folds
Hero: folds
3a0ab2c9: raises 800 to 1,200
ce69ef58: calls 800
*** FLOP *** [9c 3h 2s]
3a0ab2c9: checks
ce69ef58: bets 1,440
3a0ab2c9: raises 2,880 to 4,320
ce69ef58: calls 2,880
*** TURN *** [9c 3h 2s] [Th]
3a0ab2c9: bets 14,860 and is all-in
ce69ef58: folds
Uncalled bet (14,860) returned to 3a0ab2c9
*** SHOWDOWN ***
3a0ab2c9 collected 11,520 from pot
*** SUMMARY ***
Total pot 11,520 | Rake 0 | Jackpot 0 | Bingo 0 | Fortune 0 | Tax 0
Board [9c 3h 2s Th]
Seat 1: Hero (button) folded before Flop
Seat 2: 3a0ab2c9 (small blind) won (11,520)
Seat 3: ce69ef58 (big blind) folded on the Turn
Seat 4: 7d9c48ee folded before Flop
Seat 5: cb662394 folded before Flop
Seat 6: 131903dd folded before Flop
Seat 7: b46fef4f folded before Flop
Seat 8: 8988b642 folded before Flop


Poker Hand #TM5634734085: Tournament #266148999, Bounty Hunters Special $10.80 Hold'em No Limit - Level9(200/400(60)) - 2026/02/26 18:43:55
Table '75' 8-max Seat #8 is the button
Seat 1: Hero (20,220 in chips)
Seat 2: 3a0ab2c9 (20,900 in chips)
Seat 3: ce69ef58 (29,495 in chips)
Seat 4: 7d9c48ee (21,191 in chips)
Seat 5: cb662394 (13,742 in chips)
Seat 6: 131903dd (16,178 in chips)
Seat 7: b46fef4f (9,080 in chips)
Seat 8: 8988b642 (13,741 in chips)
7d9c48ee: posts the ante 60
8988b642: posts the ante 60
Hero: posts the ante 60
b46fef4f: posts the ante 60
3a0ab2c9: posts the ante 60
cb662394: posts the ante 60
131903dd: posts the ante 60
ce69ef58: posts the ante 60
Hero: posts small blind 200
3a0ab2c9: posts big blind 400
*** HOLE CARDS ***
Dealt to Hero [8d Tc]
Dealt to 3a0ab2c9 
Dealt to ce69ef58 
Dealt to 7d9c48ee 
Dealt to cb662394 
Dealt to 131903dd 
Dealt to b46fef4f 
Dealt to 8988b642 
ce69ef58: folds
7d9c48ee: folds
cb662394: folds
131903dd: folds
b46fef4f: folds
8988b642: folds
Hero: raises 400 to 800
3a0ab2c9: folds
Uncalled bet (400) returned to Hero
*** SHOWDOWN ***
Hero collected 1,280 from pot
*** SUMMARY ***
Total pot 1,280 | Rake 0 | Jackpot 0 | Bingo 0 | Fortune 0 | Tax 0
Seat 1: Hero (small blind) collected (1,280)
Seat 2: 3a0ab2c9 (big blind) folded before Flop
Seat 3: ce69ef58 folded before Flop
Seat 4: 7d9c48ee folded before Flop
Seat 5: cb662394 folded before Flop
Seat 6: 131903dd folded before Flop
Seat 7: b46fef4f folded before Flop
Seat 8: 8988b642 (button) folded before Flop


Poker Hand #TM5634734065: Tournament #266148999, Bounty Hunters Special $10.80 Hold'em No Limit - Level9(200/400(60)) - 2026/02/26 18:42:55
Table '75' 8-max Seat #7 is the button
Seat 1: Hero (20,680 in chips)
Seat 2: 3a0ab2c9 (18,040 in chips)
Seat 3: ce69ef58 (29,555 in chips)
Seat 4: 7d9c48ee (21,251 in chips)
Seat 5: cb662394 (13,802 in chips)
Seat 6: 131903dd (16,238 in chips)
Seat 7: b46fef4f (9,140 in chips)
Seat 8: 8988b642 (15,841 in chips)
7d9c48ee: posts the ante 60
Hero: posts the ante 60
8988b642: posts the ante 60
b46fef4f: posts the ante 60
3a0ab2c9: posts the ante 60
cb662394: posts the ante 60
131903dd: posts the ante 60
ce69ef58: posts the ante 60
8988b642: posts small blind 200
Hero: posts big blind 400
*** HOLE CARDS ***
Dealt to Hero [2s Ac]
Dealt to 3a0ab2c9 
Dealt to ce69ef58 
Dealt to 7d9c48ee 
Dealt to cb662394 
Dealt to 131903dd 
Dealt to b46fef4f 
Dealt to 8988b642 
3a0ab2c9: raises 400 to 800
ce69ef58: folds
7d9c48ee: folds
cb662394: folds
131903dd: folds
b46fef4f: folds
8988b642: calls 600
Hero: folds
*** FLOP *** [Ah Ad 9s]
8988b642: checks
3a0ab2c9: checks
*** TURN *** [Ah Ad 9s] [As]
8988b642: checks
3a0ab2c9: bets 1,240
8988b642: calls 1,240
*** RIVER *** [Ah Ad 9s As] [Qc]
8988b642: checks
3a0ab2c9: checks
8988b642: shows [8h 8c] (a full house, Aces full of Eights)
3a0ab2c9: shows [Jh 9h] (a full house, Aces full of Nines)
Hero: shows [Ac] (four of a kind, Aces)
8988b642: shows [8h 8c] (a full house, Aces full of Eights)
3a0ab2c9: shows [Jh 9h] (a full house, Aces full of Nines)
*** SHOWDOWN ***
3a0ab2c9 collected 4,960 from pot
*** SUMMARY ***
Total pot 4,960 | Rake 0 | Jackpot 0 | Bingo 0 | Fortune 0 | Tax 0
Board [Ah Ad 9s As Qc]
Seat 1: Hero (big blind) folded before Flop
Seat 2: 3a0ab2c9 showed [Jh 9h] and won (4,960) with a full house, Aces full of Nines
Seat 3: ce69ef58 folded before Flop
Seat 4: 7d9c48ee folded before Flop
Seat 5: cb662394 folded before Flop
Seat 6: 131903dd folded before Flop
Seat 7: b46fef4f (button) folded before Flop
Seat 8: 8988b642 (small blind) showed [8h 8c] and lost with a full house, Aces full of Eights


Poker Hand #TM5634734051: Tournament #266148999, Bounty Hunters Special $10.80 Hold'em No Limit - Level9(200/400(60)) - 2026/02/26 18:42:17
Table '75' 8-max Seat #6 is the button
Seat 1: Hero (20,740 in chips)
Seat 2: 3a0ab2c9 (18,100 in chips)
Seat 3: ce69ef58 (29,615 in chips)
Seat 4: 7d9c48ee (16,751 in chips)
Seat 5: cb662394 (14,702 in chips)
Seat 6: 131903dd (18,938 in chips)
Seat 7: b46fef4f (9,400 in chips)
Seat 8: 8988b642 (16,301 in chips)
7d9c48ee: posts the ante 60
Hero: posts the ante 60
8988b642: posts the ante 60
b46fef4f: posts the ante 60
3a0ab2c9: posts the ante 60
cb662394: posts the ante 60
131903dd: posts the ante 60
ce69ef58: posts the ante 60
b46fef4f: posts small blind 200
8988b642: posts big blind 400
*** HOLE CARDS ***
Dealt to Hero [Qh 8h]
Dealt to 3a0ab2c9 
Dealt to ce69ef58 
Dealt to 7d9c48ee 
Dealt to cb662394 
Dealt to 131903dd 
Dealt to b46fef4f 
Dealt to 8988b642 
Hero: folds
3a0ab2c9: folds
ce69ef58: folds
7d9c48ee: raises 440 to 840
cb662394: calls 840
131903dd: raises 1,800 to 2,640
b46fef4f: folds
8988b642: folds
7d9c48ee: raises 14,051 to 16,691 and is all-in
cb662394: folds
131903dd: folds
Uncalled bet (14,051) returned to 7d9c48ee
*** SHOWDOWN ***
7d9c48ee collected 7,200 from pot
*** SUMMARY ***
Total pot 7,200 | Rake 0 | Jackpot 0 | Bingo 0 | Fortune 0 | Tax 0
Seat 1: Hero folded before Flop
Seat 2: 3a0ab2c9 folded before Flop
Seat 3: ce69ef58 folded before Flop
Seat 4: 7d9c48ee collected (7,200)
Seat 5: cb662394 folded before Flop
Seat 6: 131903dd (button) folded before Flop
Seat 7: b46fef4f (small blind) folded before Flop
Seat 8: 8988b642 (big blind) folded before Flop


Poker Hand #TM5634734029: Tournament #266148999, Bounty Hunters Special $10.80 Hold'em No Limit - Level8(175/350(50)) - 2026/02/26 18:41:09
Table '75' 8-max Seat #5 is the button
Seat 1: Hero (20,790 in chips)
Seat 2: 3a0ab2c9 (18,150 in chips)
Seat 3: ce69ef58 (29,665 in chips)
Seat 4: 7d9c48ee (16,801 in chips)
Seat 5: cb662394 (14,752 in chips)
Seat 6: 131903dd (15,438 in chips)
Seat 7: b46fef4f (9,800 in chips)
Seat 8: 8988b642 (19,151 in chips)
7d9c48ee: posts the ante 50
Hero: posts the ante 50
8988b642: posts the ante 50
b46fef4f: posts the ante 50
3a0ab2c9: posts the ante 50
cb662394: posts the ante 50
131903dd: posts the ante 50
ce69ef58: posts the ante 50
131903dd: posts small blind 175
b46fef4f: posts big blind 350
*** HOLE CARDS ***
Dealt to Hero [Jh 9c]
Dealt to 3a0ab2c9 
Dealt to ce69ef58 
Dealt to 7d9c48ee 
Dealt to cb662394 
Dealt to 131903dd 
Dealt to b46fef4f 
Dealt to 8988b642 
8988b642: raises 350 to 700
Hero: folds
3a0ab2c9: folds
ce69ef58: folds
7d9c48ee: folds
cb662394: folds
131903dd: raises 2,100 to 2,800
b46fef4f: folds
8988b642: calls 2,100
*** FLOP *** [9d 4s Th]
131903dd: bets 5,250
8988b642: folds
Uncalled bet (5,250) returned to 131903dd
*** SHOWDOWN ***
131903dd collected 6,350 from pot
*** SUMMARY ***
Total pot 6,350 | Rake 0 | Jackpot 0 | Bingo 0 | Fortune 0 | Tax 0
Board [9d 4s Th]
Seat 1: Hero folded before Flop
Seat 2: 3a0ab2c9 folded before Flop
Seat 3: ce69ef58 folded before Flop
Seat 4: 7d9c48ee folded before Flop
Seat 5: cb662394 (button) folded before Flop
Seat 6: 131903dd (small blind) won (6,350)
Seat 7: b46fef4f (big blind) folded before Flop
Seat 8: 8988b642 folded on the Flop


Poker Hand #TM5634734020: Tournament #266148999, Bounty Hunters Special $10.80 Hold'em No Limit - Level8(175/350(50)) - 2026/02/26 18:40:50
Table '75' 8-max Seat #4 is the button
Seat 1: Hero (19,915 in chips)
Seat 2: 3a0ab2c9 (18,200 in chips)
Seat 3: ce69ef58 (29,715 in chips)
Seat 4: 7d9c48ee (16,851 in chips)
Seat 5: cb662394 (14,977 in chips)
Seat 6: 131903dd (15,838 in chips)
Seat 7: b46fef4f (9,850 in chips)
Seat 8: 8988b642 (19,201 in chips)
7d9c48ee: posts the ante 50
Hero: posts the ante 50
8988b642: posts the ante 50
b46fef4f: posts the ante 50
3a0ab2c9: posts the ante 50
cb662394: posts the ante 50
131903dd: posts the ante 50
ce69ef58: posts the ante 50
cb662394: posts small blind 175
131903dd: posts big blind 350
*** HOLE CARDS ***
Dealt to Hero [Ac 8c]
Dealt to 3a0ab2c9 
Dealt to ce69ef58 
Dealt to 7d9c48ee 
Dealt to cb662394 
Dealt to 131903dd 
Dealt to b46fef4f 
Dealt to 8988b642 
b46fef4f: folds
8988b642: folds
Hero: raises 350 to 700
3a0ab2c9: folds
ce69ef58: folds
7d9c48ee: folds
cb662394: folds
131903dd: folds
Uncalled bet (350) returned to Hero
*** SHOWDOWN ***
Hero collected 1,275 from pot
*** SUMMARY ***
Total pot 1,275 | Rake 0 | Jackpot 0 | Bingo 0 | Fortune 0 | Tax 0
Seat 1: Hero collected (1,275)
Seat 2: 3a0ab2c9 folded before Flop
Seat 3: ce69ef58 folded before Flop
Seat 4: 7d9c48ee (button) folded before Flop
Seat 5: cb662394 (small blind) folded before Flop
Seat 6: 131903dd (big blind) folded before Flop
Seat 7: b46fef4f folded before Flop
Seat 8: 8988b642 folded before Flop


Poker Hand #TM5634734011: Tournament #266148999, Bounty Hunters Special $10.80 Hold'em No Limit - Level8(175/350(50)) - 2026/02/26 18:40:14
Table '75' 8-max Seat #3 is the button
Seat 1: Hero (19,965 in chips)
Seat 2: 3a0ab2c9 (18,250 in chips)
Seat 3: ce69ef58 (29,765 in chips)
Seat 4: 7d9c48ee (16,151 in chips)
Seat 5: cb662394 (15,377 in chips)
Seat 6: 131903dd (15,888 in chips)
Seat 7: b46fef4f (9,900 in chips)
Seat 8: 8988b642 (19,251 in chips)
7d9c48ee: posts the ante 50
Hero: posts the ante 50
8988b642: posts the ante 50
b46fef4f: posts the ante 50
3a0ab2c9: posts the ante 50
cb662394: posts the ante 50
131903dd: posts the ante 50
ce69ef58: posts the ante 50
7d9c48ee: posts small blind 175
cb662394: posts big blind 350
*** HOLE CARDS ***
Dealt to Hero [8c Qs]
Dealt to 3a0ab2c9 
Dealt to ce69ef58 
Dealt to 7d9c48ee 
Dealt to cb662394 
Dealt to 131903dd 
Dealt to b46fef4f 
Dealt to 8988b642 
131903dd: folds
b46fef4f: folds
8988b642: folds
Hero: folds
3a0ab2c9: folds
ce69ef58: folds
7d9c48ee: calls 175
cb662394: checks
*** FLOP *** [6h Tc Kh]
7d9c48ee: bets 350
cb662394: folds
Uncalled bet (350) returned to 7d9c48ee
*** SHOWDOWN ***
7d9c48ee collected 1,100 from pot
*** SUMMARY ***
Total pot 1,100 | Rake 0 | Jackpot 0 | Bingo 0 | Fortune 0 | Tax 0
Board [6h Tc Kh]
Seat 1: Hero folded before Flop
Seat 2: 3a0ab2c9 folded before Flop
Seat 3: ce69ef58 (button) folded before Flop
Seat 4: 7d9c48ee (small blind) won (1,100)
Seat 5: cb662394 (big blind) folded on the Flop
Seat 6: 131903dd folded before Flop
Seat 7: b46fef4f folded before Flop
Seat 8: 8988b642 folded before Flop


Poker Hand #TM5634733976: Tournament #266148999, Bounty Hunters Special $10.80 Hold'em No Limit - Level8(175/350(50)) - 2026/02/26 18:38:36
Table '75' 8-max Seat #2 is the button
Seat 1: Hero (22,854 in chips)
Seat 2: 3a0ab2c9 (18,300 in chips)
Seat 3: ce69ef58 (29,990 in chips)
Seat 4: 7d9c48ee (16,551 in chips)
Seat 5: cb662394 (15,427 in chips)
Seat 6: 131903dd (6,112 in chips)
Seat 7: b46fef4f (9,950 in chips)
Seat 8: 8988b642 (25,363 in chips)
7d9c48ee: posts the ante 50
Hero: posts the ante 50
8988b642: posts the ante 50
b46fef4f: posts the ante 50
3a0ab2c9: posts the ante 50
cb662394: posts the ante 50
131903dd: posts the ante 50
ce69ef58: posts the ante 50
ce69ef58: posts small blind 175
7d9c48ee: posts big blind 350
*** HOLE CARDS ***
Dealt to Hero [Qc As]
Dealt to 3a0ab2c9 
Dealt to ce69ef58 
Dealt to 7d9c48ee 
Dealt to cb662394 
Dealt to 131903dd 
Dealt to b46fef4f 
Dealt to 8988b642 
cb662394: folds
131903dd: raises 350 to 700
b46fef4f: folds
8988b642: raises 2,139 to 2,839
Hero: calls 2,839
3a0ab2c9: folds
ce69ef58: folds
7d9c48ee: folds
131903dd: calls 2,139
*** FLOP *** [5s 4d 9s]
131903dd: checks
8988b642: bets 3,683
Hero: folds
131903dd: calls 3,223 and is all-in
Uncalled bet (460) returned to 8988b642
8988b642: shows [Kh Kc] (a pair of Kings)
131903dd: shows [4h 4c] (three of a kind, Fours)
*** TURN *** [5s 4d 9s] [5h]
*** RIVER *** [5s 4d 9s 5h] [9d]
*** SHOWDOWN ***
131903dd collected 15,888 from pot
*** SUMMARY ***
Total pot 15,888 | Rake 0 | Jackpot 0 | Bingo 0 | Fortune 0 | Tax 0
Board [5s 4d 9s 5h 9d]
Seat 1: Hero folded on the Flop
Seat 2: 3a0ab2c9 (button) folded before Flop
Seat 3: ce69ef58 (small blind) folded before Flop
Seat 4: 7d9c48ee (big blind) folded before Flop
Seat 5: cb662394 folded before Flop
Seat 6: 131903dd showed [4h 4c] and won (15,888) with a full house, Fours full of Nines
Seat 7: b46fef4f folded before Flop
Seat 8: 8988b642 showed [Kh Kc] and lost with two pair, Kings and Nines


Poker Hand #TM5634733969: Tournament #266148999, Bounty Hunters Special $10.80 Hold'em No Limit - Level8(175/350(50)) - 2026/02/26 18:38:13
Table '75' 8-max Seat #1 is the button
Seat 1: Hero (22,904 in chips)
Seat 2: 3a0ab2c9 (18,525 in chips)
Seat 3: ce69ef58 (29,465 in chips)
Seat 4: 7d9c48ee (16,601 in chips)
Seat 5: cb662394 (15,477 in chips)
Seat 6: 131903dd (6,162 in chips)
Seat 7: b46fef4f (10,000 in chips)
Seat 8: 8988b642 (25,413 in chips)
7d9c48ee: posts the ante 50
Hero: posts the ante 50
8988b642: posts the ante 50
b46fef4f: posts the ante 50
3a0ab2c9: posts the ante 50
cb662394: posts the ante 50
131903dd: posts the ante 50
ce69ef58: posts the ante 50
3a0ab2c9: posts small blind 175
ce69ef58: posts big blind 350
*** HOLE CARDS ***
Dealt to Hero [7d 5s]
Dealt to 3a0ab2c9 
Dealt to ce69ef58 
Dealt to 7d9c48ee 
Dealt to cb662394 
Dealt to 131903dd 
Dealt to b46fef4f 
Dealt to 8988b642 
7d9c48ee: folds
cb662394: folds
131903dd: folds
b46fef4f: folds
8988b642: folds
Hero: folds
3a0ab2c9: folds
Uncalled bet (175) returned to ce69ef58
*** SHOWDOWN ***
ce69ef58 collected 750 from pot
*** SUMMARY ***
Total pot 750 | Rake 0 | Jackpot 0 | Bingo 0 | Fortune 0 | Tax 0
Seat 1: Hero (button) folded before Flop
Seat 2: 3a0ab2c9 (small blind) folded before Flop
Seat 3: ce69ef58 (big blind) collected (750)
Seat 4: 7d9c48ee folded before Flop
Seat 5: cb662394 folded before Flop
Seat 6: 131903dd folded before Flop
Seat 7: b46fef4f folded before Flop
Seat 8: 8988b642 folded before Flop


Poker Hand #TM5634733960: Tournament #266148999, Bounty Hunters Special $10.80 Hold'em No Limit - Level8(175/350(50)) - 2026/02/26 18:37:50
Table '75' 8-max Seat #8 is the button
Seat 1: Hero (22,254 in chips)
Seat 2: 3a0ab2c9 (18,925 in chips)
Seat 3: ce69ef58 (29,515 in chips)
Seat 4: 7d9c48ee (16,651 in chips)
Seat 5: cb662394 (15,527 in chips)
Seat 6: 131903dd (6,212 in chips)
Seat 8: 8988b642 (25,463 in chips)
7d9c48ee: posts the ante 50
8988b642: posts the ante 50
Hero: posts the ante 50
3a0ab2c9: posts the ante 50
cb662394: posts the ante 50
131903dd: posts the ante 50
ce69ef58: posts the ante 50
Hero: posts small blind 175
3a0ab2c9: posts big blind 350
*** HOLE CARDS ***
Dealt to Hero [Td 5d]
Dealt to 3a0ab2c9 
Dealt to ce69ef58 
Dealt to 7d9c48ee 
Dealt to cb662394 
Dealt to 131903dd 
Dealt to 8988b642 
ce69ef58: folds
7d9c48ee: folds
cb662394: folds
131903dd: folds
8988b642: folds
Hero: raises 350 to 700
3a0ab2c9: folds
Uncalled bet (350) returned to Hero
*** SHOWDOWN ***
Hero collected 1,050 from pot
*** SUMMARY ***
Total pot 1,050 | Rake 0 | Jackpot 0 | Bingo 0 | Fortune 0 | Tax 0
Seat 1: Hero (small blind) collected (1,050)
Seat 2: 3a0ab2c9 (big blind) folded before Flop
Seat 3: ce69ef58 folded before Flop
Seat 4: 7d9c48ee folded before Flop
Seat 5: cb662394 folded before Flop
Seat 6: 131903dd folded before Flop
Seat 8: 8988b642 (button) folded before Flop


Poker Hand #TM5634733949: Tournament #266148999, Bounty Hunters Special $10.80 Hold'em No Limit - Level8(175/350(50)) - 2026/02/26 18:37:12
Table '75' 8-max Seat #6 is the button
Seat 1: Hero (23,039 in chips)
Seat 2: 3a0ab2c9 (18,975 in chips)
Seat 3: ce69ef58 (29,565 in chips)
Seat 4: 7d9c48ee (15,441 in chips)
Seat 5: cb662394 (15,577 in chips)
Seat 6: 131903dd (6,262 in chips)
Seat 8: 8988b642 (25,688 in chips)
7d9c48ee: posts the ante 50
Hero: posts the ante 50
8988b642: posts the ante 50
3a0ab2c9: posts the ante 50
cb662394: posts the ante 50
131903dd: posts the ante 50
ce69ef58: posts the ante 50
8988b642: posts small blind 175
Hero: posts big blind 350
*** HOLE CARDS ***
Dealt to Hero [Jh 4s]
Dealt to 3a0ab2c9 
Dealt to ce69ef58 
Dealt to 7d9c48ee 
Dealt to cb662394 
Dealt to 131903dd 
Dealt to 8988b642 
3a0ab2c9: folds
ce69ef58: folds
7d9c48ee: raises 385 to 735
cb662394: folds
131903dd: folds
8988b642: folds
Hero: calls 385
*** FLOP *** [2h 5s Th]
Hero: checks
7d9c48ee: bets 659
Hero: folds
Uncalled bet (659) returned to 7d9c48ee
*** SHOWDOWN ***
7d9c48ee collected 1,995 from pot
*** SUMMARY ***
Total pot 1,995 | Rake 0 | Jackpot 0 | Bingo 0 | Fortune 0 | Tax 0
Board [2h 5s Th]
Seat 1: Hero (big blind) folded on the Flop
Seat 2: 3a0ab2c9 folded before Flop
Seat 3: ce69ef58 folded before Flop
Seat 4: 7d9c48ee won (1,995)
Seat 5: cb662394 folded before Flop
Seat 6: 131903dd (button) folded before Flop
Seat 8: 8988b642 (small blind) folded before Flop


Poker Hand #TM5634733934: Tournament #266148999, Bounty Hunters Special $10.80 Hold'em No Limit - Level8(175/350(50)) - 2026/02/26 18:36:22
Table '75' 8-max Seat #5 is the button
Seat 1: Hero (23,089 in chips)
Seat 2: 3a0ab2c9 (19,025 in chips)
Seat 3: ce69ef58 (30,315 in chips)
Seat 4: 7d9c48ee (7,023 in chips)
Seat 5: cb662394 (15,627 in chips)
Seat 6: 131903dd (13,285 in chips)
Seat 7: adb3f837 (445 in chips)
Seat 8: 8988b642 (25,738 in chips)
7d9c48ee: posts the ante 50
Hero: posts the ante 50
8988b642: posts the ante 50
adb3f837: posts the ante 50
3a0ab2c9: posts the ante 50
cb662394: posts the ante 50
131903dd: posts the ante 50
ce69ef58: posts the ante 50
131903dd: posts small blind 175
adb3f837: posts big blind 350
*** HOLE CARDS ***
Dealt to Hero [2d 9s]
Dealt to 3a0ab2c9 
Dealt to ce69ef58 
Dealt to 7d9c48ee 
Dealt to cb662394 
Dealt to 131903dd 
Dealt to adb3f837 
Dealt to 8988b642 
8988b642: folds
Hero: folds
3a0ab2c9: folds
ce69ef58: raises 350 to 700
7d9c48ee: raises 6,273 to 6,973 and is all-in
cb662394: folds
131903dd: raises 6,262 to 13,235 and is all-in
adb3f837: calls 45 and is all-in
ce69ef58: folds
Uncalled bet (6,262) returned to 131903dd
131903dd: shows [Tc Kc]
adb3f837: shows [2c Qd]
7d9c48ee: shows [Ah Qh]
*** FLOP *** [8d Ks 8h]
*** TURN *** [8d Ks 8h] [Ad]
*** RIVER *** [8d Ks 8h Ad] [7s]
*** SHOWDOWN ***
7d9c48ee collected 1,980 from pot
7d9c48ee collected 13,461 from pot
*** SUMMARY ***
Total pot 15,441 | Rake 0 | Jackpot 0 | Bingo 0 | Fortune 0 | Tax 0
Board [8d Ks 8h Ad 7s]
Seat 1: Hero folded before Flop
Seat 2: 3a0ab2c9 folded before Flop
Seat 3: ce69ef58 folded before Flop
Seat 4: 7d9c48ee showed [Ah Qh] and won (15,441) with two pair, Aces and Eights
Seat 5: cb662394 (button) folded before Flop
Seat 6: 131903dd (small blind) showed [Tc Kc] and lost with two pair, Kings and Eights
Seat 7: adb3f837 (big blind) showed [2c Qd] and lost with a pair of Eights
Seat 8: 8988b642 folded before Flop


Poker Hand #TM5634733913: Tournament #266148999, Bounty Hunters Special $10.80 Hold'em No Limit - Level8(175/350(50)) - 2026/02/26 18:35:31
Table '75' 8-max Seat #4 is the button
Seat 1: Hero (23,839 in chips)
Seat 2: 3a0ab2c9 (8,750 in chips)
Seat 3: ce69ef58 (30,365 in chips)
Seat 4: 7d9c48ee (7,073 in chips)
Seat 5: cb662394 (15,852 in chips)
Seat 6: 131903dd (13,685 in chips)
Seat 7: adb3f837 (9,195 in chips)
Seat 8: 8988b642 (25,788 in chips)
7d9c48ee: posts the ante 50
Hero: posts the ante 50
8988b642: posts the ante 50
adb3f837: posts the ante 50
3a0ab2c9: posts the ante 50
cb662394: posts the ante 50
131903dd: posts the ante 50
ce69ef58: posts the ante 50
cb662394: posts small blind 175
131903dd: posts big blind 350
*** HOLE CARDS ***
Dealt to Hero [Qs Kc]
Dealt to 3a0ab2c9 
Dealt to ce69ef58 
Dealt to 7d9c48ee 
Dealt to cb662394 
Dealt to 131903dd 
Dealt to adb3f837 
Dealt to 8988b642 
adb3f837: raises 350 to 700
8988b642: folds
Hero: calls 700
3a0ab2c9: raises 8,000 to 8,700 and is all-in
ce69ef58: folds
7d9c48ee: folds
cb662394: folds
131903dd: folds
adb3f837: raises 445 to 9,145 and is all-in
Hero: folds
Uncalled bet (445) returned to adb3f837
adb3f837: shows [Ah Ks]
3a0ab2c9: shows [8h 8s]
*** FLOP *** [6s Tc 5c]
*** TURN *** [6s Tc 5c] [Td]
*** RIVER *** [6s Tc 5c Td] [Qc]
Hero: shows [Qs Kc] (two pair, Queens and Tens)
*** SHOWDOWN ***
3a0ab2c9 collected 19,025 from pot
*** SUMMARY ***
Total pot 19,025 | Rake 0 | Jackpot 0 | Bingo 0 | Fortune 0 | Tax 0
Board [6s Tc 5c Td Qc]
Seat 1: Hero folded before Flop
Seat 2: 3a0ab2c9 showed [8h 8s] and won (19,025) with two pair, Tens and Eights
Seat 3: ce69ef58 folded before Flop
Seat 4: 7d9c48ee (button) folded before Flop
Seat 5: cb662394 (small blind) folded before Flop
Seat 6: 131903dd (big blind) folded before Flop
Seat 7: adb3f837 showed [Ah Ks] and lost with a pair of Tens
Seat 8: 8988b642 folded before Flop


Poker Hand #TM5634733898: Tournament #266148999, Bounty Hunters Special $10.80 Hold'em No Limit - Level8(175/350(50)) - 2026/02/26 18:34:51
Table '75' 8-max Seat #2 is the button
Seat 1: Hero (23,014 in chips)
Seat 2: 3a0ab2c9 (8,800 in chips)
Seat 4: 7d9c48ee (7,298 in chips)
Seat 5: cb662394 (16,252 in chips)
Seat 6: 131903dd (13,735 in chips)
Seat 7: adb3f837 (9,245 in chips)
Seat 8: 8988b642 (25,838 in chips)
7d9c48ee: posts the ante 50
Hero: posts the ante 50
8988b642: posts the ante 50
adb3f837: posts the ante 50
3a0ab2c9: posts the ante 50
cb662394: posts the ante 50
131903dd: posts the ante 50
7d9c48ee: posts small blind 175
cb662394: posts big blind 350
*** HOLE CARDS ***
Dealt to Hero [Qh Qc]
Dealt to 3a0ab2c9 
Dealt to 7d9c48ee 
Dealt to cb662394 
Dealt to 131903dd 
Dealt to adb3f837 
Dealt to 8988b642 
131903dd: folds
adb3f837: folds
8988b642: folds
Hero: raises 350 to 700
3a0ab2c9: folds
7d9c48ee: folds
cb662394: folds
Uncalled bet (350) returned to Hero
*** SHOWDOWN ***
Hero collected 1,225 from pot
*** SUMMARY ***
Total pot 1,225 | Rake 0 | Jackpot 0 | Bingo 0 | Fortune 0 | Tax 0
Seat 1: Hero collected (1,225)
Seat 2: 3a0ab2c9 (button) folded before Flop
Seat 4: 7d9c48ee (small blind) folded before Flop
Seat 5: cb662394 (big blind) folded before Flop
Seat 6: 131903dd folded before Flop
Seat 7: adb3f837 folded before Flop
Seat 8: 8988b642 folded before Flop


Poker Hand #TM5634733889: Tournament #266148999, Bounty Hunters Special $10.80 Hold'em No Limit - Level8(175/350(50)) - 2026/02/26 18:34:31
Table '75' 8-max Seat #1 is the button
Seat 1: Hero (23,064 in chips)
Seat 2: 3a0ab2c9 (9,025 in chips)
Seat 4: 7d9c48ee (6,823 in chips)
Seat 5: cb662394 (16,302 in chips)
Seat 6: 131903dd (13,785 in chips)
Seat 7: adb3f837 (9,295 in chips)
Seat 8: 8988b642 (25,888 in chips)
7d9c48ee: posts the ante 50
Hero: posts the ante 50
8988b642: posts the ante 50
adb3f837: posts the ante 50
3a0ab2c9: posts the ante 50
cb662394: posts the ante 50
131903dd: posts the ante 50
3a0ab2c9: posts small blind 175
7d9c48ee: posts big blind 350
*** HOLE CARDS ***
Dealt to Hero [Tc 6d]
Dealt to 3a0ab2c9 
Dealt to 7d9c48ee 
Dealt to cb662394 
Dealt to 131903dd 
Dealt to adb3f837 
Dealt to 8988b642 
cb662394: folds
131903dd: folds
adb3f837: folds
8988b642: folds
Hero: folds
3a0ab2c9: folds
Uncalled bet (175) returned to 7d9c48ee
*** SHOWDOWN ***
7d9c48ee collected 700 from pot
*** SUMMARY ***
Total pot 700 | Rake 0 | Jackpot 0 | Bingo 0 | Fortune 0 | Tax 0
Seat 1: Hero (button) folded before Flop
Seat 2: 3a0ab2c9 (small blind) folded before Flop
Seat 4: 7d9c48ee (big blind) collected (700)
Seat 5: cb662394 folded before Flop
Seat 6: 131903dd folded before Flop
Seat 7: adb3f837 folded before Flop
Seat 8: 8988b642 folded before Flop


Poker Hand #TM5634733874: Tournament #266148999, Bounty Hunters Special $10.80 Hold'em No Limit - Level8(175/350(50)) - 2026/02/26 18:33:49
Table '75' 8-max Seat #8 is the button
Seat 1: Hero (23,289 in chips)
Seat 2: 3a0ab2c9 (9,775 in chips)
Seat 4: 7d9c48ee (6,873 in chips)
Seat 5: cb662394 (16,352 in chips)
Seat 6: 131903dd (12,610 in chips)
Seat 7: adb3f837 (9,345 in chips)
Seat 8: 8988b642 (25,938 in chips)
7d9c48ee: posts the ante 50
8988b642: posts the ante 50
adb3f837: posts the ante 50
Hero: posts the ante 50
3a0ab2c9: posts the ante 50
cb662394: posts the ante 50
131903dd: posts the ante 50
Hero: posts small blind 175
3a0ab2c9: posts big blind 350
*** HOLE CARDS ***
Dealt to Hero [Ac 9s]
Dealt to 3a0ab2c9 
Dealt to 7d9c48ee 
Dealt to cb662394 
Dealt to 131903dd 
Dealt to adb3f837 
Dealt to 8988b642 
7d9c48ee: folds
cb662394: folds
131903dd: raises 350 to 700
adb3f837: folds
8988b642: folds
Hero: folds
3a0ab2c9: calls 350
*** FLOP *** [Kc 6c 8c]
3a0ab2c9: checks
131903dd: bets 963
3a0ab2c9: folds
Uncalled bet (963) returned to 131903dd
*** SHOWDOWN ***
131903dd collected 1,925 from pot
*** SUMMARY ***
Total pot 1,925 | Rake 0 | Jackpot 0 | Bingo 0 | Fortune 0 | Tax 0
Board [Kc 6c 8c]
Seat 1: Hero (small blind) folded before Flop
Seat 2: 3a0ab2c9 (big blind) folded on the Flop
Seat 4: 7d9c48ee folded before Flop
Seat 5: cb662394 folded before Flop
Seat 6: 131903dd won (1,925)
Seat 7: adb3f837 folded before Flop
Seat 8: 8988b642 (button) folded before Flop


Poker Hand #TM5634733854: Tournament #266148999, Bounty Hunters Special $10.80 Hold'em No Limit - Level7(150/300(45)) - 2026/02/26 18:32:38
Table '75' 8-max Seat #7 is the button
Seat 1: Hero (12,161 in chips)
Seat 2: 3a0ab2c9 (9,820 in chips)
Seat 3: c3aff9e0 (10,708 in chips)
Seat 4: 7d9c48ee (6,918 in chips)
Seat 5: cb662394 (16,397 in chips)
Seat 6: 131903dd (12,655 in chips)
Seat 7: adb3f837 (9,390 in chips)
Seat 8: 8988b642 (26,133 in chips)
7d9c48ee: posts the ante 45
adb3f837: posts the ante 45
Hero: posts the ante 45
8988b642: posts the ante 45
3a0ab2c9: posts the ante 45
cb662394: posts the ante 45
131903dd: posts the ante 45
c3aff9e0: posts the ante 45
8988b642: posts small blind 150
Hero: posts big blind 300
*** HOLE CARDS ***
Dealt to Hero [Qs 8h]
Dealt to 3a0ab2c9 
Dealt to c3aff9e0 
Dealt to 7d9c48ee 
Dealt to cb662394 
Dealt to 131903dd 
Dealt to adb3f837 
Dealt to 8988b642 
3a0ab2c9: folds
c3aff9e0: raises 450 to 750
7d9c48ee: folds
cb662394: folds
131903dd: folds
adb3f837: folds
8988b642: folds
Hero: calls 450
*** FLOP *** [Th Jh Qh]
Hero: checks
c3aff9e0: bets 664
Hero: calls 664
*** TURN *** [Th Jh Qh] [Ah]
Hero: checks
c3aff9e0: bets 1,102
Hero: calls 1,102
*** RIVER *** [Th Jh Qh Ah] [3c]
Hero: checks
c3aff9e0: bets 8,147 and is all-in
Hero: calls 8,147
c3aff9e0: shows [Td Tc] (three of a kind, Tens)
Hero: shows [Qs 8h] (a flush Ace high)
*** SHOWDOWN ***
Hero collected 21,836 from pot
*** SUMMARY ***
Total pot 21,836 | Rake 0 | Jackpot 0 | Bingo 0 | Fortune 0 | Tax 0
Board [Th Jh Qh Ah 3c]
Seat 1: Hero (big blind) showed [Qs 8h] and won (21,836) with a flush Ace high
Seat 2: 3a0ab2c9 folded before Flop
Seat 3: c3aff9e0 showed [Td Tc] and lost with three of a kind, Tens
Seat 4: 7d9c48ee folded before Flop
Seat 5: cb662394 folded before Flop
Seat 6: 131903dd folded before Flop
Seat 7: adb3f837 (button) folded before Flop
Seat 8: 8988b642 (small blind) folded before Flop


Poker Hand #TM5634733842: Tournament #266148999, Bounty Hunters Special $10.80 Hold'em No Limit - Level7(150/300(45)) - 2026/02/26 18:32:01
Table '75' 8-max Seat #6 is the button
Seat 1: Hero (12,206 in chips)
Seat 2: 3a0ab2c9 (9,865 in chips)
Seat 3: c3aff9e0 (10,753 in chips)
Seat 4: 7d9c48ee (6,963 in chips)
Seat 5: cb662394 (17,042 in chips)
Seat 6: 131903dd (11,290 in chips)
Seat 7: adb3f837 (9,585 in chips)
Seat 8: 8988b642 (26,478 in chips)
7d9c48ee: posts the ante 45
Hero: posts the ante 45
8988b642: posts the ante 45
adb3f837: posts the ante 45
3a0ab2c9: posts the ante 45
cb662394: posts the ante 45
131903dd: posts the ante 45
c3aff9e0: posts the ante 45
adb3f837: posts small blind 150
8988b642: posts big blind 300
*** HOLE CARDS ***
Dealt to Hero [2h 9h]
Dealt to 3a0ab2c9 
Dealt to c3aff9e0 
Dealt to 7d9c48ee 
Dealt to cb662394 
Dealt to 131903dd 
Dealt to adb3f837 
Dealt to 8988b642 
Hero: folds
3a0ab2c9: folds
c3aff9e0: folds
7d9c48ee: folds
cb662394: raises 300 to 600
131903dd: raises 1,005 to 1,605
adb3f837: folds
8988b642: folds
cb662394: folds
Uncalled bet (1,005) returned to 131903dd
*** SHOWDOWN ***
131903dd collected 2,010 from pot
*** SUMMARY ***
Total pot 2,010 | Rake 0 | Jackpot 0 | Bingo 0 | Fortune 0 | Tax 0
Seat 1: Hero folded before Flop
Seat 2: 3a0ab2c9 folded before Flop
Seat 3: c3aff9e0 folded before Flop
Seat 4: 7d9c48ee folded before Flop
Seat 5: cb662394 folded before Flop
Seat 6: 131903dd (button) collected (2,010)
Seat 7: adb3f837 (small blind) folded before Flop
Seat 8: 8988b642 (big blind) folded before Flop


Poker Hand #TM5634733831: Tournament #266148999, Bounty Hunters Special $10.80 Hold'em No Limit - Level7(150/300(45)) - 2026/02/26 18:31:30
Table '75' 8-max Seat #5 is the button
Seat 1: Hero (12,251 in chips)
Seat 2: 3a0ab2c9 (9,910 in chips)
Seat 3: c3aff9e0 (9,988 in chips)
Seat 4: 7d9c48ee (7,008 in chips)
Seat 5: cb662394 (17,087 in chips)
Seat 6: 131903dd (11,485 in chips)
Seat 7: adb3f837 (9,930 in chips)
Seat 8: 8988b642 (26,523 in chips)
7d9c48ee: posts the ante 45
Hero: posts the ante 45
8988b642: posts the ante 45
adb3f837: posts the ante 45
3a0ab2c9: posts the ante 45
cb662394: posts the ante 45
131903dd: posts the ante 45
c3aff9e0: posts the ante 45
131903dd: posts small blind 150
adb3f837: posts big blind 300
*** HOLE CARDS ***
Dealt to Hero [Ks 8s]
Dealt to 3a0ab2c9 
Dealt to c3aff9e0 
Dealt to 7d9c48ee 
Dealt to cb662394 
Dealt to 131903dd 
Dealt to adb3f837 
Dealt to 8988b642 
8988b642: folds
Hero: folds
3a0ab2c9: folds
c3aff9e0: raises 450 to 750
7d9c48ee: folds
cb662394: folds
131903dd: folds
adb3f837: folds
Uncalled bet (450) returned to c3aff9e0
*** SHOWDOWN ***
c3aff9e0 collected 1,110 from pot
*** SUMMARY ***
Total pot 1,110 | Rake 0 | Jackpot 0 | Bingo 0 | Fortune 0 | Tax 0
Seat 1: Hero folded before Flop
Seat 2: 3a0ab2c9 folded before Flop
Seat 3: c3aff9e0 collected (1,110)
Seat 4: 7d9c48ee folded before Flop
Seat 5: cb662394 (button) folded before Flop
Seat 6: 131903dd (small blind) folded before Flop
Seat 7: adb3f837 (big blind) folded before Flop
Seat 8: 8988b642 folded before Flop


Poker Hand #TM5634733804: Tournament #266148999, Bounty Hunters Special $10.80 Hold'em No Limit - Level7(150/300(45)) - 2026/02/26 18:30:20
Table '75' 8-max Seat #4 is the button
Seat 1: Hero (12,296 in chips)
Seat 2: 3a0ab2c9 (9,955 in chips)
Seat 3: c3aff9e0 (10,033 in chips)
Seat 4: 7d9c48ee (9,934 in chips)
Seat 5: cb662394 (17,282 in chips)
Seat 6: 131903dd (12,893 in chips)
Seat 7: adb3f837 (5,221 in chips)
Seat 8: 8988b642 (26,568 in chips)
7d9c48ee: posts the ante 45
Hero: posts the ante 45
8988b642: posts the ante 45
adb3f837: posts the ante 45
3a0ab2c9: posts the ante 45
cb662394: posts the ante 45
131903dd: posts the ante 45
c3aff9e0: posts the ante 45
cb662394: posts small blind 150
131903dd: posts big blind 300
*** HOLE CARDS ***
Dealt to Hero [6d 7c]
Dealt to 3a0ab2c9 
Dealt to c3aff9e0 
Dealt to 7d9c48ee 
Dealt to cb662394 
Dealt to 131903dd 
Dealt to adb3f837 
Dealt to 8988b642 
adb3f837: raises 300 to 600
8988b642: folds
Hero: folds
3a0ab2c9: folds
c3aff9e0: folds
7d9c48ee: calls 600
cb662394: folds
131903dd: calls 300
*** FLOP *** [8h Kh 8d]
131903dd: checks
adb3f837: bets 763
7d9c48ee: calls 763
131903dd: calls 763
*** TURN *** [8h Kh 8d] [9d]
131903dd: checks
adb3f837: bets 1,518
7d9c48ee: calls 1,518
131903dd: folds
*** RIVER *** [8h Kh 8d 9d] [4c]
adb3f837: checks
7d9c48ee: checks
adb3f837: shows [6s 6c] (two pair, Eights and Sixes)
7d9c48ee: shows [3h Ah] (a pair of Eights)
*** SHOWDOWN ***
adb3f837 collected 7,635 from pot
*** SUMMARY ***
Total pot 7,635 | Rake 0 | Jackpot 0 | Bingo 0 | Fortune 0 | Tax 0
Board [8h Kh 8d 9d 4c]
Seat 1: Hero folded before Flop
Seat 2: 3a0ab2c9 folded before Flop
Seat 3: c3aff9e0 folded before Flop
Seat 4: 7d9c48ee (button) showed [3h Ah] and lost with a pair of Eights
Seat 5: cb662394 (small blind) folded before Flop
Seat 6: 131903dd (big blind) folded on the Turn
Seat 7: adb3f837 showed [6s 6c] and won (7,635) with two pair, Eights and Sixes
Seat 8: 8988b642 folded before Flop


Poker Hand #TM5634733793: Tournament #266148999, Bounty Hunters Special $10.80 Hold'em No Limit - Level7(150/300(45)) - 2026/02/26 18:29:52
Table '75' 8-max Seat #3 is the button
Seat 1: Hero (12,341 in chips)
Seat 2: 3a0ab2c9 (10,000 in chips)
Seat 3: c3aff9e0 (10,078 in chips)
Seat 4: 7d9c48ee (10,279 in chips)
Seat 5: cb662394 (16,667 in chips)
Seat 6: 131903dd (12,938 in chips)
Seat 7: adb3f837 (5,266 in chips)
Seat 8: 8988b642 (26,613 in chips)
7d9c48ee: posts the ante 45
Hero: posts the ante 45
8988b642: posts the ante 45
adb3f837: posts the ante 45
3a0ab2c9: posts the ante 45
cb662394: posts the ante 45
131903dd: posts the ante 45
c3aff9e0: posts the ante 45
7d9c48ee: posts small blind 150
cb662394: posts big blind 300
*** HOLE CARDS ***
Dealt to Hero [Td 8s]
Dealt to 3a0ab2c9 
Dealt to c3aff9e0 
Dealt to 7d9c48ee 
Dealt to cb662394 
Dealt to 131903dd 
Dealt to adb3f837 
Dealt to 8988b642 
131903dd: folds
adb3f837: folds
8988b642: folds
Hero: folds
3a0ab2c9: folds
c3aff9e0: folds
7d9c48ee: calls 150
cb662394: raises 750 to 1,050
7d9c48ee: folds
Uncalled bet (750) returned to cb662394
*** SHOWDOWN ***
cb662394 collected 960 from pot
*** SUMMARY ***
Total pot 960 | Rake 0 | Jackpot 0 | Bingo 0 | Fortune 0 | Tax 0
Seat 1: Hero folded before Flop
Seat 2: 3a0ab2c9 folded before Flop
Seat 3: c3aff9e0 (button) folded before Flop
Seat 4: 7d9c48ee (small blind) folded before Flop
Seat 5: cb662394 (big blind) collected (960)
Seat 6: 131903dd folded before Flop
Seat 7: adb3f837 folded before Flop
Seat 8: 8988b642 folded before Flop


Poker Hand #TM5634733763: Tournament #266148999, Bounty Hunters Special $10.80 Hold'em No Limit - Level7(150/300(45)) - 2026/02/26 18:28:20
Table '75' 8-max Seat #1 is the button
Seat 1: Hero (12,386 in chips)
Seat 3: c3aff9e0 (11,815 in chips)
Seat 4: 7d9c48ee (8,317 in chips)
Seat 5: cb662394 (16,712 in chips)
Seat 6: 131903dd (12,983 in chips)
Seat 7: adb3f837 (5,311 in chips)
Seat 8: 8988b642 (26,658 in chips)
7d9c48ee: posts the ante 45
Hero: posts the ante 45
8988b642: posts the ante 45
adb3f837: posts the ante 45
cb662394: posts the ante 45
131903dd: posts the ante 45
c3aff9e0: posts the ante 45
c3aff9e0: posts small blind 150
7d9c48ee: posts big blind 300
*** HOLE CARDS ***
Dealt to Hero [6d 7s]
Dealt to c3aff9e0 
Dealt to 7d9c48ee 
Dealt to cb662394 
Dealt to 131903dd 
Dealt to adb3f837 
Dealt to 8988b642 
cb662394: folds
131903dd: folds
adb3f837: folds
8988b642: folds
Hero: folds
c3aff9e0: calls 150
7d9c48ee: checks
*** FLOP *** [4h Ah 9s]
c3aff9e0: bets 458
7d9c48ee: calls 458
*** TURN *** [4h Ah 9s] [Tc]
c3aff9e0: checks
7d9c48ee: bets 934
c3aff9e0: calls 934
*** RIVER *** [4h Ah 9s Tc] [Ks]
c3aff9e0: checks
7d9c48ee: bets 1,221
c3aff9e0: folds
Uncalled bet (1,221) returned to 7d9c48ee
*** SHOWDOWN ***
7d9c48ee collected 3,699 from pot
*** SUMMARY ***
Total pot 3,699 | Rake 0 | Jackpot 0 | Bingo 0 | Fortune 0 | Tax 0
Board [4h Ah 9s Tc Ks]
Seat 1: Hero (button) folded before Flop
Seat 3: c3aff9e0 (small blind) folded on the River
Seat 4: 7d9c48ee (big blind) won (3,699)
Seat 5: cb662394 folded before Flop
Seat 6: 131903dd folded before Flop
Seat 7: adb3f837 folded before Flop
Seat 8: 8988b642 folded before Flop


Poker Hand #TM5634733756: Tournament #266148999, Bounty Hunters Special $10.80 Hold'em No Limit - Level7(150/300(45)) - 2026/02/26 18:27:59
Table '75' 8-max Seat #8 is the button
Seat 1: Hero (12,581 in chips)
Seat 3: c3aff9e0 (12,160 in chips)
Seat 4: 7d9c48ee (8,362 in chips)
Seat 5: cb662394 (16,757 in chips)
Seat 6: 131903dd (13,028 in chips)
Seat 7: adb3f837 (4,591 in chips)
Seat 8: 8988b642 (26,703 in chips)
7d9c48ee: posts the ante 45
8988b642: posts the ante 45
adb3f837: posts the ante 45
Hero: posts the ante 45
cb662394: posts the ante 45
131903dd: posts the ante 45
c3aff9e0: posts the ante 45
Hero: posts small blind 150
c3aff9e0: posts big blind 300
*** HOLE CARDS ***
Dealt to Hero [6h 3h]
Dealt to c3aff9e0 
Dealt to 7d9c48ee 
Dealt to cb662394 
Dealt to 131903dd 
Dealt to adb3f837 
Dealt to 8988b642 
7d9c48ee: folds
cb662394: folds
131903dd: folds
adb3f837: raises 300 to 600
8988b642: folds
Hero: folds
c3aff9e0: folds
Uncalled bet (300) returned to adb3f837
*** SHOWDOWN ***
adb3f837 collected 1,065 from pot
*** SUMMARY ***
Total pot 1,065 | Rake 0 | Jackpot 0 | Bingo 0 | Fortune 0 | Tax 0
Seat 1: Hero (small blind) folded before Flop
Seat 3: c3aff9e0 (big blind) folded before Flop
Seat 4: 7d9c48ee folded before Flop
Seat 5: cb662394 folded before Flop
Seat 6: 131903dd folded before Flop
Seat 7: adb3f837 collected (1,065)
Seat 8: 8988b642 (button) folded before Flop


Poker Hand #TM5634733750: Tournament #266148999, Bounty Hunters Special $10.80 Hold'em No Limit - Level7(150/300(45)) - 2026/02/26 18:27:47
Table '75' 8-max Seat #7 is the button
Seat 1: Hero (12,161 in chips)
Seat 3: c3aff9e0 (12,205 in chips)
Seat 4: 7d9c48ee (8,407 in chips)
Seat 5: cb662394 (16,802 in chips)
Seat 6: 131903dd (13,073 in chips)
Seat 7: adb3f837 (4,636 in chips)
Seat 8: 8988b642 (26,898 in chips)
7d9c48ee: posts the ante 45
adb3f837: posts the ante 45
Hero: posts the ante 45
8988b642: posts the ante 45
cb662394: posts the ante 45
131903dd: posts the ante 45
c3aff9e0: posts the ante 45
8988b642: posts small blind 150
Hero: posts big blind 300
*** HOLE CARDS ***
Dealt to Hero [Ah 3s]
Dealt to c3aff9e0 
Dealt to 7d9c48ee 
Dealt to cb662394 
Dealt to 131903dd 
Dealt to adb3f837 
Dealt to 8988b642 
c3aff9e0: folds
7d9c48ee: folds
cb662394: folds
131903dd: folds
adb3f837: folds
8988b642: folds
Uncalled bet (150) returned to Hero
*** SHOWDOWN ***
Hero collected 615 from pot
*** SUMMARY ***
Total pot 615 | Rake 0 | Jackpot 0 | Bingo 0 | Fortune 0 | Tax 0
Seat 1: Hero (big blind) collected (615)
Seat 3: c3aff9e0 folded before Flop
Seat 4: 7d9c48ee folded before Flop
Seat 5: cb662394 folded before Flop
Seat 6: 131903dd folded before Flop
Seat 7: adb3f837 (button) folded before Flop
Seat 8: 8988b642 (small blind) folded before Flop


Poker Hand #TM5634733742: Tournament #266148999, Bounty Hunters Special $10.80 Hold'em No Limit - Level7(150/300(45)) - 2026/02/26 18:27:22
Table '75' 8-max Seat #6 is the button
Seat 1: Hero (12,206 in chips)
Seat 3: c3aff9e0 (12,250 in chips)
Seat 4: 7d9c48ee (8,452 in chips)
Seat 5: cb662394 (16,847 in chips)
Seat 6: 131903dd (13,778 in chips)
Seat 7: adb3f837 (4,831 in chips)
Seat 8: 8988b642 (25,818 in chips)
7d9c48ee: posts the ante 45
Hero: posts the ante 45
8988b642: posts the ante 45
adb3f837: posts the ante 45
cb662394: posts the ante 45
131903dd: posts the ante 45
c3aff9e0: posts the ante 45
adb3f837: posts small blind 150
8988b642: posts big blind 300
*** HOLE CARDS ***
Dealt to Hero [7d Qc]
Dealt to c3aff9e0 
Dealt to 7d9c48ee 
Dealt to cb662394 
Dealt to 131903dd 
Dealt to adb3f837 
Dealt to 8988b642 
Hero: folds
c3aff9e0: folds
7d9c48ee: folds
cb662394: folds
131903dd: raises 360 to 660
adb3f837: folds
8988b642: raises 1,890 to 2,550
131903dd: folds
Uncalled bet (1,890) returned to 8988b642
*** SHOWDOWN ***
8988b642 collected 1,785 from pot
*** SUMMARY ***
Total pot 1,785 | Rake 0 | Jackpot 0 | Bingo 0 | Fortune 0 | Tax 0
Seat 1: Hero folded before Flop
Seat 3: c3aff9e0 folded before Flop
Seat 4: 7d9c48ee folded before Flop
Seat 5: cb662394 folded before Flop
Seat 6: 131903dd (button) folded before Flop
Seat 7: adb3f837 (small blind) folded before Flop
Seat 8: 8988b642 (big blind) collected (1,785)


Poker Hand #TM5634733723: Tournament #266148999, Bounty Hunters Special $10.80 Hold'em No Limit - Level7(150/300(45)) - 2026/02/26 18:26:27
Table '75' 8-max Seat #5 is the button
Seat 1: Hero (20,650 in chips)
Seat 2: d14bc560 (8,255 in chips)
Seat 3: c3aff9e0 (12,295 in chips)
Seat 4: 7d9c48ee (8,497 in chips)
Seat 5: cb662394 (16,892 in chips)
Seat 6: 131903dd (13,973 in chips)
Seat 7: adb3f837 (5,176 in chips)
Seat 8: 8988b642 (8,444 in chips)
7d9c48ee: posts the ante 45
Hero: posts the ante 45
8988b642: posts the ante 45
adb3f837: posts the ante 45
d14bc560: posts the ante 45
cb662394: posts the ante 45
131903dd: posts the ante 45
c3aff9e0: posts the ante 45
131903dd: posts small blind 150
adb3f837: posts big blind 300
*** HOLE CARDS ***
Dealt to Hero [Td Tc]
Dealt to d14bc560 
Dealt to c3aff9e0 
Dealt to 7d9c48ee 
Dealt to cb662394 
Dealt to 131903dd 
Dealt to adb3f837 
Dealt to 8988b642 
8988b642: raises 300 to 600
Hero: raises 1,305 to 1,905
d14bc560: raises 6,305 to 8,210 and is all-in
c3aff9e0: folds
7d9c48ee: folds
cb662394: folds
131903dd: folds
adb3f837: folds
8988b642: raises 189 to 8,399 and is all-in
Hero: calls 6,494
8988b642: shows [Qh Kh]
Hero: shows [Td Tc]
d14bc560: shows [Ac Qs]
*** FLOP *** [6h Jd Kc]
*** TURN *** [6h Jd Kc] [5s]
*** RIVER *** [6h Jd Kc 5s] [Jc]
*** SHOWDOWN ***
8988b642 collected 25,440 from pot
8988b642 collected 378 from pot
*** SUMMARY ***
Total pot 25,818 | Rake 0 | Jackpot 0 | Bingo 0 | Fortune 0 | Tax 0
Board [6h Jd Kc 5s Jc]
Seat 1: Hero showed [Td Tc] and lost with two pair, Jacks and Tens
Seat 2: d14bc560 showed [Ac Qs] and lost with a pair of Jacks
Seat 3: c3aff9e0 folded before Flop
Seat 4: 7d9c48ee folded before Flop
Seat 5: cb662394 (button) folded before Flop
Seat 6: 131903dd (small blind) folded before Flop
Seat 7: adb3f837 (big blind) folded before Flop
Seat 8: 8988b642 showed [Qh Kh] and won (25,818) with two pair, Kings and Jacks


Poker Hand #TM5634733717: Tournament #266148999, Bounty Hunters Special $10.80 Hold'em No Limit - Level7(150/300(45)) - 2026/02/26 18:26:10
Table '75' 8-max Seat #4 is the button
Seat 1: Hero (20,695 in chips)
Seat 2: d14bc560 (8,300 in chips)
Seat 3: c3aff9e0 (12,340 in chips)
Seat 4: 7d9c48ee (7,732 in chips)
Seat 5: cb662394 (17,087 in chips)
Seat 6: 131903dd (14,318 in chips)
Seat 7: adb3f837 (5,221 in chips)
Seat 8: 8988b642 (8,489 in chips)
7d9c48ee: posts the ante 45
Hero: posts the ante 45
8988b642: posts the ante 45
adb3f837: posts the ante 45
d14bc560: posts the ante 45
cb662394: posts the ante 45
131903dd: posts the ante 45
c3aff9e0: posts the ante 45
cb662394: posts small blind 150
131903dd: posts big blind 300
*** HOLE CARDS ***
Dealt to Hero [7d 6s]
Dealt to d14bc560 
Dealt to c3aff9e0 
Dealt to 7d9c48ee 
Dealt to cb662394 
Dealt to 131903dd 
Dealt to adb3f837 
Dealt to 8988b642 
adb3f837: folds
8988b642: folds
Hero: folds
d14bc560: folds
c3aff9e0: folds
7d9c48ee: raises 330 to 630
cb662394: folds
131903dd: folds
Uncalled bet (330) returned to 7d9c48ee
*** SHOWDOWN ***
7d9c48ee collected 1,110 from pot
*** SUMMARY ***
Total pot 1,110 | Rake 0 | Jackpot 0 | Bingo 0 | Fortune 0 | Tax 0
Seat 1: Hero folded before Flop
Seat 2: d14bc560 folded before Flop
Seat 3: c3aff9e0 folded before Flop
Seat 4: 7d9c48ee (button) collected (1,110)
Seat 5: cb662394 (small blind) folded before Flop
Seat 6: 131903dd (big blind) folded before Flop
Seat 7: adb3f837 folded before Flop
Seat 8: 8988b642 folded before Flop


Poker Hand #TM5634733707: Tournament #266148999, Bounty Hunters Special $10.80 Hold'em No Limit - Level7(150/300(45)) - 2026/02/26 18:25:39
Table '75' 8-max Seat #3 is the button
Seat 1: Hero (20,740 in chips)
Seat 2: d14bc560 (8,345 in chips)
Seat 3: c3aff9e0 (12,385 in chips)
Seat 4: 7d9c48ee (7,927 in chips)
Seat 5: cb662394 (17,432 in chips)
Seat 6: 131903dd (14,363 in chips)
Seat 7: adb3f837 (5,266 in chips)
Seat 8: 8988b642 (7,724 in chips)
7d9c48ee: posts the ante 45
Hero: posts the ante 45
8988b642: posts the ante 45
adb3f837: posts the ante 45
d14bc560: posts the ante 45
cb662394: posts the ante 45
131903dd: posts the ante 45
c3aff9e0: posts the ante 45
7d9c48ee: posts small blind 150
cb662394: posts big blind 300
*** HOLE CARDS ***
Dealt to Hero [Kd 7d]
Dealt to d14bc560 
Dealt to c3aff9e0 
Dealt to 7d9c48ee 
Dealt to cb662394 
Dealt to 131903dd 
Dealt to adb3f837 
Dealt to 8988b642 
131903dd: folds
adb3f837: folds
8988b642: raises 300 to 600
Hero: folds
d14bc560: folds
c3aff9e0: folds
7d9c48ee: folds
cb662394: folds
Uncalled bet (300) returned to 8988b642
*** SHOWDOWN ***
8988b642 collected 1,110 from pot
*** SUMMARY ***
Total pot 1,110 | Rake 0 | Jackpot 0 | Bingo 0 | Fortune 0 | Tax 0
Seat 1: Hero folded before Flop
Seat 2: d14bc560 folded before Flop
Seat 3: c3aff9e0 (button) folded before Flop
Seat 4: 7d9c48ee (small blind) folded before Flop
Seat 5: cb662394 (big blind) folded before Flop
Seat 6: 131903dd folded before Flop
Seat 7: adb3f837 folded before Flop
Seat 8: 8988b642 collected (1,110)


Poker Hand #TM5634733690: Tournament #266148999, Bounty Hunters Special $10.80 Hold'em No Limit - Level6(125/250(35)) - 2026/02/26 18:24:39
Table '75' 8-max Seat #2 is the button
Seat 1: Hero (20,448 in chips)
Seat 2: d14bc560 (8,380 in chips)
Seat 3: c3aff9e0 (12,545 in chips)
Seat 4: 7d9c48ee (8,212 in chips)
Seat 5: cb662394 (17,139 in chips)
Seat 6: 131903dd (14,398 in chips)
Seat 7: adb3f837 (5,301 in chips)
Seat 8: 8988b642 (7,759 in chips)
7d9c48ee: posts the ante 35
Hero: posts the ante 35
8988b642: posts the ante 35
adb3f837: posts the ante 35
d14bc560: posts the ante 35
cb662394: posts the ante 35
131903dd: posts the ante 35
c3aff9e0: posts the ante 35
c3aff9e0: posts small blind 125
7d9c48ee: posts big blind 250
*** HOLE CARDS ***
Dealt to Hero [Ks Ad]
Dealt to d14bc560 
Dealt to c3aff9e0 
Dealt to 7d9c48ee 
Dealt to cb662394 
Dealt to 131903dd 
Dealt to adb3f837 
Dealt to 8988b642 
cb662394: raises 250 to 500
131903dd: folds
adb3f837: folds
8988b642: folds
Hero: raises 1,078 to 1,578
d14bc560: folds
c3aff9e0: folds
7d9c48ee: folds
cb662394: calls 1,078
*** FLOP *** [Kc Tc 8s]
cb662394: checks
Hero: bets 1,258
cb662394: calls 1,258
*** TURN *** [Kc Tc 8s] [6d]
cb662394: checks
Hero: bets 3,164
cb662394: calls 3,164
*** RIVER *** [Kc Tc 8s 6d] [2d]
cb662394: bets 11,104 and is all-in
Hero: calls 11,104
cb662394: shows [Kd Ah] (a pair of Kings)
Hero: shows [Ks Ad] (a pair of Kings)
*** SHOWDOWN ***
Hero collected 17,431 from pot
cb662394 collected 17,432 from pot
*** SUMMARY ***
Total pot 34,863 | Rake 0 | Jackpot 0 | Bingo 0 | Fortune 0 | Tax 0
Board [Kc Tc 8s 6d 2d]
Seat 1: Hero showed [Ks Ad] and won (17,431) with a pair of Kings
Seat 2: d14bc560 (button) folded before Flop
Seat 3: c3aff9e0 (small blind) folded before Flop
Seat 4: 7d9c48ee (big blind) folded before Flop
Seat 5: cb662394 showed [Kd Ah] and won (17,432) with a pair of Kings
Seat 6: 131903dd folded before Flop
Seat 7: adb3f837 folded before Flop
Seat 8: 8988b642 folded before Flop


Poker Hand #TM5634733680: Tournament #266148999, Bounty Hunters Special $10.80 Hold'em No Limit - Level6(125/250(35)) - 2026/02/26 18:24:09
Table '75' 8-max Seat #1 is the button
Seat 1: Hero (20,483 in chips)
Seat 2: d14bc560 (9,540 in chips)
Seat 3: c3aff9e0 (11,175 in chips)
Seat 4: 7d9c48ee (8,247 in chips)
Seat 5: cb662394 (17,174 in chips)
Seat 6: 131903dd (14,433 in chips)
Seat 7: adb3f837 (5,336 in chips)
Seat 8: 8988b642 (7,794 in chips)
7d9c48ee: posts the ante 35
Hero: posts the ante 35
8988b642: posts the ante 35
adb3f837: posts the ante 35
d14bc560: posts the ante 35
cb662394: posts the ante 35
131903dd: posts the ante 35
c3aff9e0: posts the ante 35
d14bc560: posts small blind 125
c3aff9e0: posts big blind 250
*** HOLE CARDS ***
Dealt to Hero [6c 9s]
Dealt to d14bc560 
Dealt to c3aff9e0 
Dealt to 7d9c48ee 
Dealt to cb662394 
Dealt to 131903dd 
Dealt to adb3f837 
Dealt to 8988b642 
7d9c48ee: folds
cb662394: folds
131903dd: folds
adb3f837: folds
8988b642: folds
Hero: folds
d14bc560: raises 875 to 1,125
c3aff9e0: raises 10,015 to 11,140 and is all-in
d14bc560: folds
Uncalled bet (10,015) returned to c3aff9e0
*** SHOWDOWN ***
c3aff9e0 collected 2,530 from pot
*** SUMMARY ***
Total pot 2,530 | Rake 0 | Jackpot 0 | Bingo 0 | Fortune 0 | Tax 0
Seat 1: Hero (button) folded before Flop
Seat 2: d14bc560 (small blind) folded before Flop
Seat 3: c3aff9e0 (big blind) collected (2,530)
Seat 4: 7d9c48ee folded before Flop
Seat 5: cb662394 folded before Flop
Seat 6: 131903dd folded before Flop
Seat 7: adb3f837 folded before Flop
Seat 8: 8988b642 folded before Flop


Poker Hand #TM5634733657: Tournament #266148999, Bounty Hunters Special $10.80 Hold'em No Limit - Level6(125/250(35)) - 2026/02/26 18:22:57
Table '75' 8-max Seat #8 is the button
Seat 1: Hero (20,643 in chips)
Seat 2: d14bc560 (9,825 in chips)
Seat 3: c3aff9e0 (11,210 in chips)
Seat 4: 7d9c48ee (8,282 in chips)
Seat 5: cb662394 (17,209 in chips)
Seat 6: 131903dd (10,682 in chips)
Seat 7: adb3f837 (5,371 in chips)
Seat 8: 8988b642 (10,960 in chips)
7d9c48ee: posts the ante 35
8988b642: posts the ante 35
adb3f837: posts the ante 35
Hero: posts the ante 35
d14bc560: posts the ante 35
cb662394: posts the ante 35
131903dd: posts the ante 35
c3aff9e0: posts the ante 35
Hero: posts small blind 125
d14bc560: posts big blind 250
*** HOLE CARDS ***
Dealt to Hero [Jh 6s]
Dealt to d14bc560 
Dealt to c3aff9e0 
Dealt to 7d9c48ee 
Dealt to cb662394 
Dealt to 131903dd 
Dealt to adb3f837 
Dealt to 8988b642 
c3aff9e0: folds
7d9c48ee: folds
cb662394: folds
131903dd: raises 250 to 500
adb3f837: folds
8988b642: calls 500
Hero: folds
d14bc560: folds
*** FLOP *** [5d Qc Qh]
131903dd: bets 563
8988b642: calls 563
*** TURN *** [5d Qc Qh] [8h]
131903dd: bets 946
8988b642: raises 1,122 to 2,068
131903dd: raises 1,182 to 3,250
8988b642: folds
Uncalled bet (1,182) returned to 131903dd
*** SHOWDOWN ***
131903dd collected 6,917 from pot
*** SUMMARY ***
Total pot 6,917 | Rake 0 | Jackpot 0 | Bingo 0 | Fortune 0 | Tax 0
Board [5d Qc Qh 8h]
Seat 1: Hero (small blind) folded before Flop
Seat 2: d14bc560 (big blind) folded before Flop
Seat 3: c3aff9e0 folded before Flop
Seat 4: 7d9c48ee folded before Flop
Seat 5: cb662394 folded before Flop
Seat 6: 131903dd won (6,917)
Seat 7: adb3f837 folded before Flop
Seat 8: 8988b642 (button) folded on the Turn


Poker Hand #TM5634733649: Tournament #266148999, Bounty Hunters Special $10.80 Hold'em No Limit - Level6(125/250(35)) - 2026/02/26 18:22:38
Table '75' 8-max Seat #7 is the button
Seat 1: Hero (20,928 in chips)
Seat 2: d14bc560 (9,860 in chips)
Seat 3: c3aff9e0 (11,245 in chips)
Seat 4: 7d9c48ee (8,317 in chips)
Seat 5: cb662394 (17,244 in chips)
Seat 6: 131903dd (10,717 in chips)
Seat 7: adb3f837 (4,751 in chips)
Seat 8: 8988b642 (11,120 in chips)
7d9c48ee: posts the ante 35
adb3f837: posts the ante 35
Hero: posts the ante 35
8988b642: posts the ante 35
d14bc560: posts the ante 35
cb662394: posts the ante 35
131903dd: posts the ante 35
c3aff9e0: posts the ante 35
8988b642: posts small blind 125
Hero: posts big blind 250
*** HOLE CARDS ***
Dealt to Hero [Td 2h]
Dealt to d14bc560 
Dealt to c3aff9e0 
Dealt to 7d9c48ee 
Dealt to cb662394 
Dealt to 131903dd 
Dealt to adb3f837 
Dealt to 8988b642 
d14bc560: folds
c3aff9e0: folds
7d9c48ee: folds
cb662394: folds
131903dd: folds
adb3f837: raises 250 to 500
8988b642: folds
Hero: folds
Uncalled bet (250) returned to adb3f837
*** SHOWDOWN ***
adb3f837 collected 905 from pot
*** SUMMARY ***
Total pot 905 | Rake 0 | Jackpot 0 | Bingo 0 | Fortune 0 | Tax 0
Seat 1: Hero (big blind) folded before Flop
Seat 2: d14bc560 folded before Flop
Seat 3: c3aff9e0 folded before Flop
Seat 4: 7d9c48ee folded before Flop
Seat 5: cb662394 folded before Flop
Seat 6: 131903dd folded before Flop
Seat 7: adb3f837 (button) collected (905)
Seat 8: 8988b642 (small blind) folded before Flop


Poker Hand #TM5634733641: Tournament #266148999, Bounty Hunters Special $10.80 Hold'em No Limit - Level6(125/250(35)) - 2026/02/26 18:22:03
Table '75' 8-max Seat #6 is the button
Seat 1: Hero (21,463 in chips)
Seat 2: d14bc560 (9,895 in chips)
Seat 3: c3aff9e0 (11,280 in chips)
Seat 4: 7d9c48ee (8,352 in chips)
Seat 5: cb662394 (17,279 in chips)
Seat 6: 131903dd (9,597 in chips)
Seat 7: adb3f837 (4,911 in chips)
Seat 8: 8988b642 (11,405 in chips)
7d9c48ee: posts the ante 35
Hero: posts the ante 35
8988b642: posts the ante 35
adb3f837: posts the ante 35
d14bc560: posts the ante 35
cb662394: posts the ante 35
131903dd: posts the ante 35
c3aff9e0: posts the ante 35
adb3f837: posts small blind 125
8988b642: posts big blind 250
*** HOLE CARDS ***
Dealt to Hero [Js Qd]
Dealt to d14bc560 
Dealt to c3aff9e0 
Dealt to 7d9c48ee 
Dealt to cb662394 
Dealt to 131903dd 
Dealt to adb3f837 
Dealt to 8988b642 
Hero: raises 250 to 500
d14bc560: folds
c3aff9e0: folds
7d9c48ee: folds
cb662394: folds
131903dd: raises 950 to 1,450
adb3f837: folds
8988b642: folds
Hero: folds
Uncalled bet (950) returned to 131903dd
*** SHOWDOWN ***
131903dd collected 1,655 from pot
*** SUMMARY ***
Total pot 1,655 | Rake 0 | Jackpot 0 | Bingo 0 | Fortune 0 | Tax 0
Seat 1: Hero folded before Flop
Seat 2: d14bc560 folded before Flop
Seat 3: c3aff9e0 folded before Flop
Seat 4: 7d9c48ee folded before Flop
Seat 5: cb662394 folded before Flop
Seat 6: 131903dd (button) collected (1,655)
Seat 7: adb3f837 (small blind) folded before Flop
Seat 8: 8988b642 (big blind) folded before Flop


Poker Hand #TM5634733624: Tournament #266148999, Bounty Hunters Special $10.80 Hold'em No Limit - Level6(125/250(35)) - 2026/02/26 18:21:21
Table '75' 8-max Seat #5 is the button
Seat 1: Hero (21,498 in chips)
Seat 2: d14bc560 (9,930 in chips)
Seat 3: c3aff9e0 (10,285 in chips)
Seat 4: 7d9c48ee (8,387 in chips)
Seat 5: cb662394 (17,314 in chips)
Seat 6: 131903dd (10,132 in chips)
Seat 7: adb3f837 (5,196 in chips)
Seat 8: 8988b642 (11,440 in chips)
7d9c48ee: posts the ante 35
Hero: posts the ante 35
8988b642: posts the ante 35
adb3f837: posts the ante 35
d14bc560: posts the ante 35
cb662394: posts the ante 35
131903dd: posts the ante 35
c3aff9e0: posts the ante 35
131903dd: posts small blind 125
adb3f837: posts big blind 250
*** HOLE CARDS ***
Dealt to Hero [3h Ad]
Dealt to d14bc560 
Dealt to c3aff9e0 
Dealt to 7d9c48ee 
Dealt to cb662394 
Dealt to 131903dd 
Dealt to adb3f837 
Dealt to 8988b642 
8988b642: folds
Hero: folds
d14bc560: folds
c3aff9e0: raises 250 to 500
7d9c48ee: folds
cb662394: folds
131903dd: calls 375
adb3f837: folds
*** FLOP *** [5h 7d Qd]
131903dd: checks
c3aff9e0: bets 400
131903dd: folds
Uncalled bet (400) returned to c3aff9e0
*** SHOWDOWN ***
c3aff9e0 collected 1,530 from pot
*** SUMMARY ***
Total pot 1,530 | Rake 0 | Jackpot 0 | Bingo 0 | Fortune 0 | Tax 0
Board [5h 7d Qd]
Seat 1: Hero folded before Flop
Seat 2: d14bc560 folded before Flop
Seat 3: c3aff9e0 won (1,530)
Seat 4: 7d9c48ee folded before Flop
Seat 5: cb662394 (button) folded before Flop
Seat 6: 131903dd (small blind) folded on the Flop
Seat 7: adb3f837 (big blind) folded before Flop
Seat 8: 8988b642 folded before Flop


Poker Hand #TM5634733610: Tournament #266148999, Bounty Hunters Special $10.80 Hold'em No Limit - Level6(125/250(35)) - 2026/02/26 18:20:38
Table '75' 8-max Seat #4 is the button
Seat 1: Hero (21,533 in chips)
Seat 2: d14bc560 (9,965 in chips)
Seat 3: c3aff9e0 (10,320 in chips)
Seat 4: 7d9c48ee (8,422 in chips)
Seat 5: cb662394 (17,474 in chips)
Seat 6: 131903dd (10,417 in chips)
Seat 7: adb3f837 (5,731 in chips)
Seat 8: 8988b642 (10,320 in chips)
7d9c48ee: posts the ante 35
Hero: posts the ante 35
8988b642: posts the ante 35
adb3f837: posts the ante 35
d14bc560: posts the ante 35
cb662394: posts the ante 35
131903dd: posts the ante 35
c3aff9e0: posts the ante 35
cb662394: posts small blind 125
131903dd: posts big blind 250
*** HOLE CARDS ***
Dealt to Hero [9s 5h]
Dealt to d14bc560 
Dealt to c3aff9e0 
Dealt to 7d9c48ee 
Dealt to cb662394 
Dealt to 131903dd 
Dealt to adb3f837 
Dealt to 8988b642 
adb3f837: raises 250 to 500
8988b642: raises 875 to 1,375
Hero: folds
d14bc560: folds
c3aff9e0: folds
7d9c48ee: folds
cb662394: folds
131903dd: folds
adb3f837: folds
Uncalled bet (875) returned to 8988b642
*** SHOWDOWN ***
8988b642 collected 1,655 from pot
*** SUMMARY ***
Total pot 1,655 | Rake 0 | Jackpot 0 | Bingo 0 | Fortune 0 | Tax 0
Seat 1: Hero folded before Flop
Seat 2: d14bc560 folded before Flop
Seat 3: c3aff9e0 folded before Flop
Seat 4: 7d9c48ee (button) folded before Flop
Seat 5: cb662394 (small blind) folded before Flop
Seat 6: 131903dd (big blind) folded before Flop
Seat 7: adb3f837 folded before Flop
Seat 8: 8988b642 collected (1,655)


Poker Hand #TM5634733598: Tournament #266148999, Bounty Hunters Special $10.80 Hold'em No Limit - Level6(125/250(35)) - 2026/02/26 18:20:12
Table '75' 8-max Seat #3 is the button
Seat 1: Hero (21,568 in chips)
Seat 2: d14bc560 (10,000 in chips)
Seat 3: c3aff9e0 (9,700 in chips)
Seat 4: 7d9c48ee (8,582 in chips)
Seat 5: cb662394 (17,759 in chips)
Seat 6: 131903dd (10,452 in chips)
Seat 7: adb3f837 (5,766 in chips)
Seat 8: 8988b642 (10,355 in chips)
7d9c48ee: posts the ante 35
Hero: posts the ante 35
8988b642: posts the ante 35
adb3f837: posts the ante 35
d14bc560: posts the ante 35
cb662394: posts the ante 35
131903dd: posts the ante 35
c3aff9e0: posts the ante 35
7d9c48ee: posts small blind 125
cb662394: posts big blind 250
*** HOLE CARDS ***
Dealt to Hero [7h 6c]
Dealt to d14bc560 
Dealt to c3aff9e0 
Dealt to 7d9c48ee 
Dealt to cb662394 
Dealt to 131903dd 
Dealt to adb3f837 
Dealt to 8988b642 
131903dd: folds
adb3f837: folds
8988b642: folds
Hero: folds
d14bc560: folds
c3aff9e0: raises 375 to 625
7d9c48ee: folds
cb662394: folds
Uncalled bet (375) returned to c3aff9e0
*** SHOWDOWN ***
c3aff9e0 collected 905 from pot
*** SUMMARY ***
Total pot 905 | Rake 0 | Jackpot 0 | Bingo 0 | Fortune 0 | Tax 0
Seat 1: Hero folded before Flop
Seat 2: d14bc560 folded before Flop
Seat 3: c3aff9e0 (button) collected (905)
Seat 4: 7d9c48ee (small blind) folded before Flop
Seat 5: cb662394 (big blind) folded before Flop
Seat 6: 131903dd folded before Flop
Seat 7: adb3f837 folded before Flop
Seat 8: 8988b642 folded before Flop


Poker Hand #TM5634733593: Tournament #266148999, Bounty Hunters Special $10.80 Hold'em No Limit - Level6(125/250(35)) - 2026/02/26 18:19:49
Table '75' 8-max Seat #1 is the button
Seat 1: Hero (21,603 in chips)
Seat 3: c3aff9e0 (9,860 in chips)
Seat 4: 7d9c48ee (8,867 in chips)
Seat 5: cb662394 (17,794 in chips)
Seat 6: 131903dd (10,487 in chips)
Seat 7: adb3f837 (5,181 in chips)
Seat 8: 8988b642 (10,390 in chips)
7d9c48ee: posts the ante 35
Hero: posts the ante 35
8988b642: posts the ante 35
adb3f837: posts the ante 35
cb662394: posts the ante 35
131903dd: posts the ante 35
c3aff9e0: posts the ante 35
c3aff9e0: posts small blind 125
7d9c48ee: posts big blind 250
*** HOLE CARDS ***
Dealt to Hero [8c Td]
Dealt to c3aff9e0 
Dealt to 7d9c48ee 
Dealt to cb662394 
Dealt to 131903dd 
Dealt to adb3f837 
Dealt to 8988b642 
cb662394: folds
131903dd: folds
adb3f837: raises 250 to 500
8988b642: folds
Hero: folds
c3aff9e0: folds
7d9c48ee: folds
Uncalled bet (250) returned to adb3f837
*** SHOWDOWN ***
adb3f837 collected 870 from pot
*** SUMMARY ***
Total pot 870 | Rake 0 | Jackpot 0 | Bingo 0 | Fortune 0 | Tax 0
Seat 1: Hero (button) folded before Flop
Seat 3: c3aff9e0 (small blind) folded before Flop
Seat 4: 7d9c48ee (big blind) folded before Flop
Seat 5: cb662394 folded before Flop
Seat 6: 131903dd folded before Flop
Seat 7: adb3f837 collected (870)
Seat 8: 8988b642 folded before Flop


Poker Hand #TM5634733579: Tournament #266148999, Bounty Hunters Special $10.80 Hold'em No Limit - Level6(125/250(35)) - 2026/02/26 18:19:10
Table '75' 8-max Seat #8 is the button
Seat 1: Hero (21,763 in chips)
Seat 3: c3aff9e0 (10,395 in chips)
Seat 4: 7d9c48ee (8,902 in chips)
Seat 5: cb662394 (16,959 in chips)
Seat 6: 131903dd (10,522 in chips)
Seat 7: adb3f837 (5,216 in chips)
Seat 8: 8988b642 (10,425 in chips)
7d9c48ee: posts the ante 35
8988b642: posts the ante 35
adb3f837: posts the ante 35
Hero: posts the ante 35
cb662394: posts the ante 35
131903dd: posts the ante 35
c3aff9e0: posts the ante 35
Hero: posts small blind 125
c3aff9e0: posts big blind 250
*** HOLE CARDS ***
Dealt to Hero [9c Qs]
Dealt to c3aff9e0 
Dealt to 7d9c48ee 
Dealt to cb662394 
Dealt to 131903dd 
Dealt to adb3f837 
Dealt to 8988b642 
7d9c48ee: folds
cb662394: raises 250 to 500
131903dd: folds
adb3f837: folds
8988b642: folds
Hero: folds
c3aff9e0: calls 250
*** FLOP *** [Kd 5c Ks]
c3aff9e0: checks
cb662394: bets 578
c3aff9e0: folds
Uncalled bet (578) returned to cb662394
*** SHOWDOWN ***
cb662394 collected 1,370 from pot
*** SUMMARY ***
Total pot 1,370 | Rake 0 | Jackpot 0 | Bingo 0 | Fortune 0 | Tax 0
Board [Kd 5c Ks]
Seat 1: Hero (small blind) folded before Flop
Seat 3: c3aff9e0 (big blind) folded on the Flop
Seat 4: 7d9c48ee folded before Flop
Seat 5: cb662394 won (1,370)
Seat 6: 131903dd folded before Flop
Seat 7: adb3f837 folded before Flop
Seat 8: 8988b642 (button) folded before Flop


Poker Hand #TM5634733562: Tournament #266148999, Bounty Hunters Special $10.80 Hold'em No Limit - Level6(125/250(35)) - 2026/02/26 18:18:21
Table '75' 8-max Seat #7 is the button
Seat 1: Hero (20,180 in chips)
Seat 2: d6d65e34 (40,983 in chips)
Seat 3: c3aff9e0 (10,430 in chips)
Seat 4: 7d9c48ee (8,937 in chips)
Seat 5: cb662394 (16,994 in chips)
Seat 6: 131903dd (10,557 in chips)
Seat 7: adb3f837 (5,251 in chips)
Seat 8: 8988b642 (11,798 in chips)
d6d65e34: posts the ante 35
7d9c48ee: posts the ante 35
adb3f837: posts the ante 35
Hero: posts the ante 35
8988b642: posts the ante 35
cb662394: posts the ante 35
131903dd: posts the ante 35
c3aff9e0: posts the ante 35
8988b642: posts small blind 125
Hero: posts big blind 250
*** HOLE CARDS ***
Dealt to Hero [7s 3s]
Dealt to d6d65e34 
Dealt to c3aff9e0 
Dealt to 7d9c48ee 
Dealt to cb662394 
Dealt to 131903dd 
Dealt to adb3f837 
Dealt to 8988b642 
d6d65e34: folds
c3aff9e0: folds
7d9c48ee: folds
cb662394: folds
131903dd: folds
adb3f837: folds
8988b642: raises 500 to 750
Hero: calls 500
*** FLOP *** [Qc 7d 6h]
8988b642: checks
Hero: checks
*** TURN *** [Qc 7d 6h] [Qh]
8988b642: checks
Hero: bets 588
8988b642: calls 588
*** RIVER *** [Qc 7d 6h Qh] [3c]
8988b642: checks
Hero: checks
8988b642: shows [2d 2c] (two pair, Queens and Twos)
Hero: shows [7s 3s] (two pair, Queens and Sevens)
*** SHOWDOWN ***
Hero collected 2,956 from pot
*** SUMMARY ***
Total pot 2,956 | Rake 0 | Jackpot 0 | Bingo 0 | Fortune 0 | Tax 0
Board [Qc 7d 6h Qh 3c]
Seat 1: Hero (big blind) showed [7s 3s] and won (2,956) with two pair, Queens and Sevens
Seat 2: d6d65e34 folded before Flop
Seat 3: c3aff9e0 folded before Flop
Seat 4: 7d9c48ee folded before Flop
Seat 5: cb662394 folded before Flop
Seat 6: 131903dd folded before Flop
Seat 7: adb3f837 (button) folded before Flop
Seat 8: 8988b642 (small blind) showed [2d 2c] and lost with two pair, Queens and Twos


Poker Hand #TM5634733547: Tournament #266148999, Bounty Hunters Special $10.80 Hold'em No Limit - Level6(125/250(35)) - 2026/02/26 18:17:54
Table '75' 8-max Seat #6 is the button
Seat 1: Hero (20,715 in chips)
Seat 2: d6d65e34 (39,863 in chips)
Seat 3: c3aff9e0 (10,465 in chips)
Seat 4: 7d9c48ee (8,972 in chips)
Seat 5: cb662394 (17,029 in chips)
Seat 6: 131903dd (10,592 in chips)
Seat 7: adb3f837 (5,411 in chips)
Seat 8: 8988b642 (12,083 in chips)
d6d65e34: posts the ante 35
7d9c48ee: posts the ante 35
Hero: posts the ante 35
8988b642: posts the ante 35
adb3f837: posts the ante 35
cb662394: posts the ante 35
131903dd: posts the ante 35
c3aff9e0: posts the ante 35
adb3f837: posts small blind 125
8988b642: posts big blind 250
*** HOLE CARDS ***
Dealt to Hero [Qh Jd]
Dealt to d6d65e34 
Dealt to c3aff9e0 
Dealt to 7d9c48ee 
Dealt to cb662394 
Dealt to 131903dd 
Dealt to adb3f837 
Dealt to 8988b642 
Hero: raises 250 to 500
d6d65e34: calls 500
c3aff9e0: folds
7d9c48ee: folds
cb662394: folds
131903dd: folds
adb3f837: folds
8988b642: folds
*** FLOP *** [7h 4d 3s]
Hero: checks
d6d65e34: bets 828
Hero: folds
Uncalled bet (828) returned to d6d65e34
*** SHOWDOWN ***
d6d65e34 collected 1,655 from pot
*** SUMMARY ***
Total pot 1,655 | Rake 0 | Jackpot 0 | Bingo 0 | Fortune 0 | Tax 0
Board [7h 4d 3s]
Seat 1: Hero folded on the Flop
Seat 2: d6d65e34 won (1,655)
Seat 3: c3aff9e0 folded before Flop
Seat 4: 7d9c48ee folded before Flop
Seat 5: cb662394 folded before Flop
Seat 6: 131903dd (button) folded before Flop
Seat 7: adb3f837 (small blind) folded before Flop
Seat 8: 8988b642 (big blind) folded before Flop


Poker Hand #TM5634733529: Tournament #266148999, Bounty Hunters Special $10.80 Hold'em No Limit - Level5(100/200(30)) - 2026/02/26 18:17:09
Table '75' 8-max Seat #5 is the button
Seat 1: Hero (20,745 in chips)
Seat 2: d6d65e34 (40,393 in chips)
Seat 3: c3aff9e0 (10,495 in chips)
Seat 4: 7d9c48ee (11,002 in chips)
Seat 5: cb662394 (17,059 in chips)
Seat 6: 131903dd (7,682 in chips)
Seat 7: adb3f837 (5,641 in chips)
Seat 8: 8988b642 (12,113 in chips)
d6d65e34: posts the ante 30
7d9c48ee: posts the ante 30
Hero: posts the ante 30
8988b642: posts the ante 30
adb3f837: posts the ante 30
cb662394: posts the ante 30
131903dd: posts the ante 30
c3aff9e0: posts the ante 30
131903dd: posts small blind 100
adb3f837: posts big blind 200
*** HOLE CARDS ***
Dealt to Hero [2h 4c]
Dealt to d6d65e34 
Dealt to c3aff9e0 
Dealt to 7d9c48ee 
Dealt to cb662394 
Dealt to 131903dd 
Dealt to adb3f837 
Dealt to 8988b642 
8988b642: folds
Hero: folds
d6d65e34: raises 300 to 500
c3aff9e0: folds
7d9c48ee: calls 500
cb662394: folds
131903dd: raises 1,500 to 2,000
adb3f837: folds
d6d65e34: folds
7d9c48ee: calls 1,500
*** FLOP *** [3d Qc Ad]
131903dd: bets 2,160
7d9c48ee: folds
Uncalled bet (2,160) returned to 131903dd
*** SHOWDOWN ***
131903dd collected 4,940 from pot
*** SUMMARY ***
Total pot 4,940 | Rake 0 | Jackpot 0 | Bingo 0 | Fortune 0 | Tax 0
Board [3d Qc Ad]
Seat 1: Hero folded before Flop
Seat 2: d6d65e34 folded before Flop
Seat 3: c3aff9e0 folded before Flop
Seat 4: 7d9c48ee folded on the Flop
Seat 5: cb662394 (button) folded before Flop
Seat 6: 131903dd (small blind) won (4,940)
Seat 7: adb3f837 (big blind) folded before Flop
Seat 8: 8988b642 folded before Flop


Poker Hand #TM5634733503: Tournament #266148999, Bounty Hunters Special $10.80 Hold'em No Limit - Level5(100/200(30)) - 2026/02/26 18:15:53
Table '75' 8-max Seat #4 is the button
Seat 1: Hero (21,175 in chips)
Seat 2: d6d65e34 (40,423 in chips)
Seat 3: c3aff9e0 (10,525 in chips)
Seat 4: 7d9c48ee (11,032 in chips)
Seat 5: cb662394 (17,489 in chips)
Seat 6: 131903dd (6,672 in chips)
Seat 7: adb3f837 (5,671 in chips)
Seat 8: 8988b642 (12,143 in chips)
d6d65e34: posts the ante 30
7d9c48ee: posts the ante 30
Hero: posts the ante 30
8988b642: posts the ante 30
adb3f837: posts the ante 30
cb662394: posts the ante 30
131903dd: posts the ante 30
c3aff9e0: posts the ante 30
cb662394: posts small blind 100
131903dd: posts big blind 200
*** HOLE CARDS ***
Dealt to Hero [Kc Qc]
Dealt to d6d65e34 
Dealt to c3aff9e0 
Dealt to 7d9c48ee 
Dealt to cb662394 
Dealt to 131903dd 
Dealt to adb3f837 
Dealt to 8988b642 
adb3f837: folds
8988b642: folds
Hero: raises 200 to 400
d6d65e34: folds
c3aff9e0: folds
7d9c48ee: folds
cb662394: calls 300
131903dd: calls 200
*** FLOP *** [8s 9c 6c]
cb662394: checks
131903dd: checks
Hero: checks
*** TURN *** [8s 9c 6c] [8d]
cb662394: checks
131903dd: checks
Hero: checks
*** RIVER *** [8s 9c 6c 8d] [Ts]
cb662394: checks
131903dd: bets 490
Hero: folds
cb662394: folds
Uncalled bet (490) returned to 131903dd
*** SHOWDOWN ***
131903dd collected 1,440 from pot
*** SUMMARY ***
Total pot 1,440 | Rake 0 | Jackpot 0 | Bingo 0 | Fortune 0 | Tax 0
Board [8s 9c 6c 8d Ts]
Seat 1: Hero folded on the River
Seat 2: d6d65e34 folded before Flop
Seat 3: c3aff9e0 folded before Flop
Seat 4: 7d9c48ee (button) folded before Flop
Seat 5: cb662394 (small blind) folded on the River
Seat 6: 131903dd (big blind) won (1,440)
Seat 7: adb3f837 folded before Flop
Seat 8: 8988b642 folded before Flop


Poker Hand #TM5634733480: Tournament #266148999, Bounty Hunters Special $10.80 Hold'em No Limit - Level5(100/200(30)) - 2026/02/26 18:14:50
Table '75' 8-max Seat #3 is the button
Seat 1: Hero (21,205 in chips)
Seat 2: d6d65e34 (40,453 in chips)
Seat 3: c3aff9e0 (10,555 in chips)
Seat 4: 7d9c48ee (11,162 in chips)
Seat 5: cb662394 (17,719 in chips)
Seat 6: 131903dd (6,702 in chips)
Seat 7: adb3f837 (7,334 in chips)
Seat 8: 8988b642 (10,000 in chips)
d6d65e34: posts the ante 30
7d9c48ee: posts the ante 30
Hero: posts the ante 30
8988b642: posts the ante 30
adb3f837: posts the ante 30
cb662394: posts the ante 30
131903dd: posts the ante 30
c3aff9e0: posts the ante 30
7d9c48ee: posts small blind 100
cb662394: posts big blind 200
*** HOLE CARDS ***
Dealt to Hero [Qh 3c]
Dealt to d6d65e34 
Dealt to c3aff9e0 
Dealt to 7d9c48ee 
Dealt to cb662394 
Dealt to 131903dd 
Dealt to adb3f837 
Dealt to 8988b642 
131903dd: folds
adb3f837: raises 200 to 400
8988b642: raises 1,233 to 1,633
Hero: folds
d6d65e34: folds
c3aff9e0: folds
7d9c48ee: folds
cb662394: folds
adb3f837: calls 1,233
*** FLOP *** [Kd 7d 3h]
adb3f837: checks
8988b642: bets 1,485
adb3f837: folds
Uncalled bet (1,485) returned to 8988b642
*** SHOWDOWN ***
8988b642 collected 3,806 from pot
*** SUMMARY ***
Total pot 3,806 | Rake 0 | Jackpot 0 | Bingo 0 | Fortune 0 | Tax 0
Board [Kd 7d 3h]
Seat 1: Hero folded before Flop
Seat 2: d6d65e34 folded before Flop
Seat 3: c3aff9e0 (button) folded before Flop
Seat 4: 7d9c48ee (small blind) folded before Flop
Seat 5: cb662394 (big blind) folded before Flop
Seat 6: 131903dd folded before Flop
Seat 7: adb3f837 folded on the Flop
Seat 8: 8988b642 won (3,806)


Poker Hand #TM5634733464: Tournament #266148999, Bounty Hunters Special $10.80 Hold'em No Limit - Level5(100/200(30)) - 2026/02/26 18:14:09
Table '75' 8-max Seat #2 is the button
Seat 1: Hero (20,525 in chips)
Seat 2: d6d65e34 (40,483 in chips)
Seat 3: c3aff9e0 (10,685 in chips)
Seat 4: 7d9c48ee (11,592 in chips)
Seat 5: cb662394 (17,749 in chips)
Seat 6: 131903dd (6,732 in chips)
Seat 7: adb3f837 (7,364 in chips)
d6d65e34: posts the ante 30
7d9c48ee: posts the ante 30
Hero: posts the ante 30
adb3f837: posts the ante 30
cb662394: posts the ante 30
131903dd: posts the ante 30
c3aff9e0: posts the ante 30
c3aff9e0: posts small blind 100
7d9c48ee: posts big blind 200
*** HOLE CARDS ***
Dealt to Hero [As 6d]
Dealt to d6d65e34 
Dealt to c3aff9e0 
Dealt to 7d9c48ee 
Dealt to cb662394 
Dealt to 131903dd 
Dealt to adb3f837 
cb662394: folds
131903dd: folds
adb3f837: folds
Hero: raises 200 to 400
d6d65e34: folds
c3aff9e0: folds
7d9c48ee: calls 200
*** FLOP *** [Qc 7s 4s]
7d9c48ee: checks
Hero: bets 367
7d9c48ee: folds
Uncalled bet (367) returned to Hero
*** SHOWDOWN ***
Hero collected 1,110 from pot
*** SUMMARY ***
Total pot 1,110 | Rake 0 | Jackpot 0 | Bingo 0 | Fortune 0 | Tax 0
Board [Qc 7s 4s]
Seat 1: Hero won (1,110)
Seat 2: d6d65e34 (button) folded before Flop
Seat 3: c3aff9e0 (small blind) folded before Flop
Seat 4: 7d9c48ee (big blind) folded on the Flop
Seat 5: cb662394 folded before Flop
Seat 6: 131903dd folded before Flop
Seat 7: adb3f837 folded before Flop


Poker Hand #TM5634733439: Tournament #266148999, Bounty Hunters Special $10.80 Hold'em No Limit - Level5(100/200(30)) - 2026/02/26 18:12:53
Table '75' 8-max Seat #1 is the button
Seat 1: Hero (20,555 in chips)
Seat 2: d6d65e34 (40,613 in chips)
Seat 3: c3aff9e0 (9,005 in chips)
Seat 4: 7d9c48ee (11,622 in chips)
Seat 5: cb662394 (17,779 in chips)
Seat 6: 131903dd (8,162 in chips)
Seat 7: adb3f837 (7,394 in chips)
d6d65e34: posts the ante 30
7d9c48ee: posts the ante 30
Hero: posts the ante 30
adb3f837: posts the ante 30
cb662394: posts the ante 30
131903dd: posts the ante 30
c3aff9e0: posts the ante 30
d6d65e34: posts small blind 100
c3aff9e0: posts big blind 200
*** HOLE CARDS ***
Dealt to Hero [Qs 4s]
Dealt to d6d65e34 
Dealt to c3aff9e0 
Dealt to 7d9c48ee 
Dealt to cb662394 
Dealt to 131903dd 
Dealt to adb3f837 
7d9c48ee: folds
cb662394: folds
131903dd: raises 200 to 400
adb3f837: folds
Hero: folds
d6d65e34: folds
c3aff9e0: raises 1,000 to 1,400
131903dd: calls 1,000
*** FLOP *** [3c Qc 9c]
c3aff9e0: bets 1,227
131903dd: folds
Uncalled bet (1,227) returned to c3aff9e0
*** SHOWDOWN ***
c3aff9e0 collected 3,110 from pot
*** SUMMARY ***
Total pot 3,110 | Rake 0 | Jackpot 0 | Bingo 0 | Fortune 0 | Tax 0
Board [3c Qc 9c]
Seat 1: Hero (button) folded before Flop
Seat 2: d6d65e34 (small blind) folded before Flop
Seat 3: c3aff9e0 (big blind) won (3,110)
Seat 4: 7d9c48ee folded before Flop
Seat 5: cb662394 folded before Flop
Seat 6: 131903dd folded on the Flop
Seat 7: adb3f837 folded before Flop


Poker Hand #TM5634733427: Tournament #266148999, Bounty Hunters Special $10.80 Hold'em No Limit - Level5(100/200(30)) - 2026/02/26 18:12:18
Table '75' 8-max Seat #7 is the button
Seat 1: Hero (20,685 in chips)
Seat 2: d6d65e34 (41,043 in chips)
Seat 3: c3aff9e0 (9,035 in chips)
Seat 4: 7d9c48ee (11,652 in chips)
Seat 5: cb662394 (17,809 in chips)
Seat 6: 131903dd (8,192 in chips)
Seat 7: adb3f837 (6,714 in chips)
d6d65e34: posts the ante 30
7d9c48ee: posts the ante 30
adb3f837: posts the ante 30
Hero: posts the ante 30
cb662394: posts the ante 30
131903dd: posts the ante 30
c3aff9e0: posts the ante 30
Hero: posts small blind 100
d6d65e34: posts big blind 200
*** HOLE CARDS ***
Dealt to Hero [7d Ks]
Dealt to d6d65e34 
Dealt to c3aff9e0 
Dealt to 7d9c48ee 
Dealt to cb662394 
Dealt to 131903dd 
Dealt to adb3f837 
c3aff9e0: folds
7d9c48ee: folds
cb662394: folds
131903dd: folds
adb3f837: raises 200 to 400
Hero: folds
d6d65e34: calls 200
*** FLOP *** [6h 5h Kd]
d6d65e34: checks
adb3f837: bets 367
d6d65e34: folds
Uncalled bet (367) returned to adb3f837
*** SHOWDOWN ***
adb3f837 collected 1,110 from pot
*** SUMMARY ***
Total pot 1,110 | Rake 0 | Jackpot 0 | Bingo 0 | Fortune 0 | Tax 0
Board [6h 5h Kd]
Seat 1: Hero (small blind) folded before Flop
Seat 2: d6d65e34 (big blind) folded on the Flop
Seat 3: c3aff9e0 folded before Flop
Seat 4: 7d9c48ee folded before Flop
Seat 5: cb662394 folded before Flop
Seat 6: 131903dd folded before Flop
Seat 7: adb3f837 (button) won (1,110)


Poker Hand #TM5634733412: Tournament #266148999, Bounty Hunters Special $10.80 Hold'em No Limit - Level5(100/200(30)) - 2026/02/26 18:11:37
Table '75' 8-max Seat #6 is the button
Seat 1: Hero (20,330 in chips)
Seat 2: d6d65e34 (41,073 in chips)
Seat 3: c3aff9e0 (9,065 in chips)
Seat 4: 7d9c48ee (11,682 in chips)
Seat 5: cb662394 (17,839 in chips)
Seat 6: 131903dd (8,222 in chips)
Seat 7: adb3f837 (6,844 in chips)
Seat 8: 56ab8521 (75 in chips)
d6d65e34: posts the ante 30
7d9c48ee: posts the ante 30
56ab8521: posts the ante 30
Hero: posts the ante 30
adb3f837: posts the ante 30
cb662394: posts the ante 30
131903dd: posts the ante 30
c3aff9e0: posts the ante 30
adb3f837: posts small blind 100
56ab8521: posts big blind 45
*** HOLE CARDS ***
Dealt to Hero [Js Ac]
Dealt to d6d65e34 
Dealt to c3aff9e0 
Dealt to 7d9c48ee 
Dealt to cb662394 
Dealt to 131903dd 
Dealt to adb3f837 
Dealt to 56ab8521 
Hero: raises 20,100 to 20,300 and is all-in
d6d65e34: folds
c3aff9e0: folds
7d9c48ee: folds
cb662394: folds
131903dd: folds
adb3f837: folds
Uncalled bet (20,200) returned to Hero
Hero: shows [Js Ac]
56ab8521: shows [4c 3h]
*** FLOP *** [8d 7d Qd]
*** TURN *** [8d 7d Qd] [4d]
*** RIVER *** [8d 7d Qd 4d] [Jc]
*** SHOWDOWN ***
Hero collected 375 from pot
Hero collected 110 from pot
*** SUMMARY ***
Total pot 485 | Rake 0 | Jackpot 0 | Bingo 0 | Fortune 0 | Tax 0
Board [8d 7d Qd 4d Jc]
Seat 1: Hero showed [Js Ac] and won (485) with a pair of Jacks
Seat 2: d6d65e34 folded before Flop
Seat 3: c3aff9e0 folded before Flop
Seat 4: 7d9c48ee folded before Flop
Seat 5: cb662394 folded before Flop
Seat 6: 131903dd (button) folded before Flop
Seat 7: adb3f837 (small blind) folded before Flop
Seat 8: 56ab8521 (big blind) showed [4c 3h] and lost with a pair of Fours


Poker Hand #TM5634733392: Tournament #266148999, Bounty Hunters Special $10.80 Hold'em No Limit - Level5(100/200(30)) - 2026/02/26 18:10:37
Table '75' 8-max Seat #5 is the button
Seat 1: Hero (9,925 in chips)
Seat 2: d6d65e34 (41,103 in chips)
Seat 3: c3aff9e0 (9,095 in chips)
Seat 4: 7d9c48ee (11,712 in chips)
Seat 5: cb662394 (17,869 in chips)
Seat 6: 131903dd (8,352 in chips)
Seat 7: adb3f837 (7,074 in chips)
Seat 8: 56ab8521 (10,000 in chips)
d6d65e34: posts the ante 30
7d9c48ee: posts the ante 30
56ab8521: posts the ante 30
Hero: posts the ante 30
adb3f837: posts the ante 30
cb662394: posts the ante 30
131903dd: posts the ante 30
c3aff9e0: posts the ante 30
131903dd: posts small blind 100
adb3f837: posts big blind 200
*** HOLE CARDS ***
Dealt to Hero [Ah As]
Dealt to d6d65e34 
Dealt to c3aff9e0 
Dealt to 7d9c48ee 
Dealt to cb662394 
Dealt to 131903dd 
Dealt to adb3f837 
Dealt to 56ab8521 
56ab8521: raises 200 to 400
Hero: raises 870 to 1,270
d6d65e34: folds
c3aff9e0: folds
7d9c48ee: folds
cb662394: folds
131903dd: folds
adb3f837: folds
56ab8521: calls 870
*** FLOP *** [Ts 6h Th]
56ab8521: checks
Hero: bets 1,017
56ab8521: raises 7,683 to 8,700 and is all-in
Hero: calls 7,608 and is all-in
Uncalled bet (75) returned to 56ab8521
56ab8521: shows [Qh Kh] (a pair of Tens)
Hero: shows [Ah As] (two pair, Aces and Tens)
*** TURN *** [Ts 6h Th] [2h]
*** RIVER *** [Ts 6h Th 2h] [5h]
*** SHOWDOWN ***
Hero collected 20,330 from pot
*** SUMMARY ***
Total pot 20,330 | Rake 0 | Jackpot 0 | Bingo 0 | Fortune 0 | Tax 0
Board [Ts 6h Th 2h 5h]
Seat 1: Hero showed [Ah As] and won (20,330) with a flush Ace high
Seat 2: d6d65e34 folded before Flop
Seat 3: c3aff9e0 folded before Flop
Seat 4: 7d9c48ee folded before Flop
Seat 5: cb662394 (button) folded before Flop
Seat 6: 131903dd (small blind) folded before Flop
Seat 7: adb3f837 (big blind) folded before Flop
Seat 8: 56ab8521 showed [Qh Kh] and lost with a flush King high


Poker Hand #TM5634733365: Tournament #266148999, Bounty Hunters Special $10.80 Hold'em No Limit - Level4(80/160(25)) - 2026/02/26 18:09:12
Table '75' 8-max Seat #4 is the button
Seat 1: Hero (9,950 in chips)
Seat 2: d6d65e34 (39,406 in chips)
Seat 3: c3aff9e0 (9,120 in chips)
Seat 4: 7d9c48ee (12,057 in chips)
Seat 5: cb662394 (17,974 in chips)
Seat 6: 131903dd (8,697 in chips)
Seat 7: adb3f837 (7,926 in chips)
d6d65e34: posts the ante 25
7d9c48ee: posts the ante 25
Hero: posts the ante 25
adb3f837: posts the ante 25
cb662394: posts the ante 25
131903dd: posts the ante 25
c3aff9e0: posts the ante 25
cb662394: posts small blind 80
131903dd: posts big blind 160
*** HOLE CARDS ***
Dealt to Hero [Ad 8c]
Dealt to d6d65e34 
Dealt to c3aff9e0 
Dealt to 7d9c48ee 
Dealt to cb662394 
Dealt to 131903dd 
Dealt to adb3f837 
adb3f837: raises 160 to 320
Hero: folds
d6d65e34: calls 320
c3aff9e0: folds
7d9c48ee: calls 320
cb662394: folds
131903dd: calls 160
*** FLOP *** [Tc 3c Kd]
131903dd: checks
adb3f837: bets 507
d6d65e34: raises 842 to 1,349
7d9c48ee: folds
131903dd: folds
adb3f837: folds
Uncalled bet (842) returned to d6d65e34
*** SHOWDOWN ***
d6d65e34 collected 2,549 from pot
*** SUMMARY ***
Total pot 2,549 | Rake 0 | Jackpot 0 | Bingo 0 | Fortune 0 | Tax 0
Board [Tc 3c Kd]
Seat 1: Hero folded before Flop
Seat 2: d6d65e34 won (2,549)
Seat 3: c3aff9e0 folded before Flop
Seat 4: 7d9c48ee (button) folded on the Flop
Seat 5: cb662394 (small blind) folded before Flop
Seat 6: 131903dd (big blind) folded on the Flop
Seat 7: adb3f837 folded on the Flop


Poker Hand #TM5634733343: Tournament #266148999, Bounty Hunters Special $10.80 Hold'em No Limit - Level4(80/160(25)) - 2026/02/26 18:07:59
Table '75' 8-max Seat #3 is the button
Seat 1: Hero (9,975 in chips)
Seat 2: d6d65e34 (39,431 in chips)
Seat 3: c3aff9e0 (9,145 in chips)
Seat 4: 7d9c48ee (12,162 in chips)
Seat 5: cb662394 (10,846 in chips)
Seat 6: 131903dd (8,722 in chips)
Seat 7: adb3f837 (7,951 in chips)
Seat 8: 33d76d94 (6,898 in chips)
d6d65e34: posts the ante 25
7d9c48ee: posts the ante 25
Hero: posts the ante 25
adb3f837: posts the ante 25
33d76d94: posts the ante 25
cb662394: posts the ante 25
131903dd: posts the ante 25
c3aff9e0: posts the ante 25
7d9c48ee: posts small blind 80
cb662394: posts big blind 160
*** HOLE CARDS ***
Dealt to Hero [8d 2s]
Dealt to d6d65e34 
Dealt to c3aff9e0 
Dealt to 7d9c48ee 
Dealt to cb662394 
Dealt to 131903dd 
Dealt to adb3f837 
Dealt to 33d76d94 
131903dd: folds
adb3f837: folds
33d76d94: raises 160 to 320
Hero: folds
d6d65e34: folds
c3aff9e0: folds
7d9c48ee: folds
cb662394: raises 960 to 1,280
33d76d94: raises 5,593 to 6,873 and is all-in
cb662394: calls 5,593
33d76d94: shows [Td Th]
cb662394: shows [Kd Kh]
*** FLOP *** [6s 5s 9s]
*** TURN *** [6s 5s 9s] [3c]
*** RIVER *** [6s 5s 9s 3c] [9d]
*** SHOWDOWN ***
cb662394 collected 14,026 from pot
*** SUMMARY ***
Total pot 14,026 | Rake 0 | Jackpot 0 | Bingo 0 | Fortune 0 | Tax 0
Board [6s 5s 9s 3c 9d]
Seat 1: Hero folded before Flop
Seat 2: d6d65e34 folded before Flop
Seat 3: c3aff9e0 (button) folded before Flop
Seat 4: 7d9c48ee (small blind) folded before Flop
Seat 5: cb662394 (big blind) showed [Kd Kh] and won (14,026) with two pair, Kings and Nines
Seat 6: 131903dd folded before Flop
Seat 7: adb3f837 folded before Flop
Seat 8: 33d76d94 showed [Td Th] and lost with two pair, Tens and Nines


Poker Hand #TM5634733329: Tournament #266148999, Bounty Hunters Special $10.80 Hold'em No Limit - Level4(80/160(25)) - 2026/02/26 18:07:25
Table '75' 8-max Seat #2 is the button
Seat 1: Hero (10,000 in chips)
Seat 2: d6d65e34 (39,456 in chips)
Seat 3: c3aff9e0 (9,250 in chips)
Seat 4: 7d9c48ee (11,907 in chips)
Seat 5: cb662394 (10,871 in chips)
Seat 6: 131903dd (8,747 in chips)
Seat 7: adb3f837 (7,976 in chips)
Seat 8: 33d76d94 (6,923 in chips)
d6d65e34: posts the ante 25
7d9c48ee: posts the ante 25
Hero: posts the ante 25
adb3f837: posts the ante 25
33d76d94: posts the ante 25
cb662394: posts the ante 25
131903dd: posts the ante 25
c3aff9e0: posts the ante 25
c3aff9e0: posts small blind 80
7d9c48ee: posts big blind 160
*** HOLE CARDS ***
Dealt to Hero [5h Th]
Dealt to d6d65e34 
Dealt to c3aff9e0 
Dealt to 7d9c48ee 
Dealt to cb662394 
Dealt to 131903dd 
Dealt to adb3f837 
Dealt to 33d76d94 
cb662394: folds
131903dd: folds
adb3f837: folds
33d76d94: folds
Hero: folds
d6d65e34: folds
c3aff9e0: folds
Uncalled bet (80) returned to 7d9c48ee
*** SHOWDOWN ***
7d9c48ee collected 360 from pot
*** SUMMARY ***
Total pot 360 | Rake 0 | Jackpot 0 | Bingo 0 | Fortune 0 | Tax 0
Seat 1: Hero folded before Flop
Seat 2: d6d65e34 (button) folded before Flop
Seat 3: c3aff9e0 (small blind) folded before Flop
Seat 4: 7d9c48ee (big blind) collected (360)
Seat 5: cb662394 folded before Flop
Seat 6: 131903dd folded before Flop
Seat 7: adb3f837 folded before Flop
Seat 8: 33d76d94 folded before Flop


