Poker Hand #TM5614412845: Tournament #264779532, APL Series: ¥110 Zodiac Bounty + Rat Hold'em No Limit - Level15(600/1,200(150)) - 2026/02/21 18:11:47
Table '35' 8-max Seat #2 is the button
Seat 2: 699b816c (71,516 in chips)
Seat 3: a51461a4 (65,851 in chips)
Seat 4: bfa4037d (86,675 in chips)
Seat 5: 15c9a733 (14,879 in chips)
Seat 6: c8bf03a0 (37,793 in chips)
Seat 7: Hero (18,183 in chips)
Seat 8: 4ce1939d (84,067 in chips)
4ce1939d: posts the ante 150
699b816c: posts the ante 150
Hero: posts the ante 150
bfa4037d: posts the ante 150
a51461a4: posts the ante 150
c8bf03a0: posts the ante 150
15c9a733: posts the ante 150
a51461a4: posts small blind 600
bfa4037d: posts big blind 1,200
*** HOLE CARDS ***
Dealt to 699b816c 
Dealt to a51461a4 
Dealt to bfa4037d 
Dealt to 15c9a733 
Dealt to c8bf03a0 
Dealt to Hero [Kc Kd]
Dealt to 4ce1939d 
15c9a733: folds
c8bf03a0: calls 1,200
Hero: raises 16,833 to 18,033 and is all-in
4ce1939d: raises 65,884 to 83,917 and is all-in
699b816c: folds
a51461a4: folds
bfa4037d: folds
c8bf03a0: folds
Uncalled bet (65,884) returned to 4ce1939d
4ce1939d: shows [Ks As]
Hero: shows [Kc Kd]
*** FLOP *** [2s Ah Js]
*** TURN *** [2s Ah Js] [Qd]
*** RIVER *** [2s Ah Js Qd] [Ad]
*** SHOWDOWN ***
4ce1939d collected 40,116 from pot
*** SUMMARY ***
Total pot 40,116 | Rake 0 | Jackpot 0 | Bingo 0 | Fortune 0 | Tax 0
Board [2s Ah Js Qd Ad]
Seat 2: 699b816c (button) folded before Flop
Seat 3: a51461a4 (small blind) folded before Flop
Seat 4: bfa4037d (big blind) folded before Flop
Seat 5: 15c9a733 folded before Flop
Seat 6: c8bf03a0 folded before Flop
Seat 7: Hero showed [Kc Kd] and lost with two pair, Aces and Kings
Seat 8: 4ce1939d showed [Ks As] and won (40,116) with three of a kind, Aces


Poker Hand #TM5614412828: Tournament #264779532, APL Series: ¥110 Zodiac Bounty + Rat Hold'em No Limit - Level14(500/1,000(125)) - 2026/02/21 18:10:50
Table '35' 8-max Seat #8 is the button
Seat 2: 699b816c (72,141 in chips)
Seat 3: a51461a4 (66,976 in chips)
Seat 4: bfa4037d (86,800 in chips)
Seat 5: 15c9a733 (13,816 in chips)
Seat 6: c8bf03a0 (37,918 in chips)
Seat 7: Hero (18,308 in chips)
Seat 8: 4ce1939d (83,005 in chips)
4ce1939d: posts the ante 125
699b816c: posts the ante 125
Hero: posts the ante 125
bfa4037d: posts the ante 125
a51461a4: posts the ante 125
c8bf03a0: posts the ante 125
15c9a733: posts the ante 125
699b816c: posts small blind 500
a51461a4: posts big blind 1,000
*** HOLE CARDS ***
Dealt to 699b816c 
Dealt to a51461a4 
Dealt to bfa4037d 
Dealt to 15c9a733 
Dealt to c8bf03a0 
Dealt to Hero [Js 2s]
Dealt to 4ce1939d 
bfa4037d: folds
15c9a733: raises 1,000 to 2,000
c8bf03a0: folds
Hero: folds
4ce1939d: calls 2,000
699b816c: folds
a51461a4: folds
*** FLOP *** [5s 2c 5c]
15c9a733: bets 1,913
4ce1939d: raises 12,087 to 14,000
15c9a733: calls 9,778 and is all-in
Uncalled bet (2,309) returned to 4ce1939d
4ce1939d: shows [9c Kc] (a pair of Fives)
15c9a733: shows [Ac Jh] (a pair of Fives)
*** TURN *** [5s 2c 5c] [2h]
*** RIVER *** [5s 2c 5c 2h] [5d]
*** SHOWDOWN ***
4ce1939d collected 14,878 from pot
15c9a733 collected 14,879 from pot
*** SUMMARY ***
Total pot 29,757 | Rake 0 | Jackpot 0 | Bingo 0 | Fortune 0 | Tax 0
Board [5s 2c 5c 2h 5d]
Seat 2: 699b816c (small blind) folded before Flop
Seat 3: a51461a4 (big blind) folded before Flop
Seat 4: bfa4037d folded before Flop
Seat 5: 15c9a733 showed [Ac Jh] and won (14,879) with a full house, Fives full of Twos
Seat 6: c8bf03a0 folded before Flop
Seat 7: Hero folded before Flop
Seat 8: 4ce1939d (button) showed [9c Kc] and won (14,878) with a full house, Fives full of Twos


Poker Hand #TM5614412813: Tournament #264779532, APL Series: ¥110 Zodiac Bounty + Rat Hold'em No Limit - Level14(500/1,000(125)) - 2026/02/21 18:09:55
Table '35' 8-max Seat #7 is the button
Seat 1: 8e5d5ea2 (5,947 in chips)
Seat 2: 699b816c (72,266 in chips)
Seat 3: a51461a4 (59,779 in chips)
Seat 4: bfa4037d (86,925 in chips)
Seat 5: 15c9a733 (13,941 in chips)
Seat 6: c8bf03a0 (38,043 in chips)
Seat 7: Hero (18,433 in chips)
Seat 8: 4ce1939d (83,630 in chips)
4ce1939d: posts the ante 125
699b816c: posts the ante 125
Hero: posts the ante 125
bfa4037d: posts the ante 125
a51461a4: posts the ante 125
8e5d5ea2: posts the ante 125
c8bf03a0: posts the ante 125
15c9a733: posts the ante 125
4ce1939d: posts small blind 500
8e5d5ea2: posts big blind 1,000
*** HOLE CARDS ***
Dealt to 8e5d5ea2 
Dealt to 699b816c 
Dealt to a51461a4 
Dealt to bfa4037d 
Dealt to 15c9a733 
Dealt to c8bf03a0 
Dealt to Hero [4c 8d]
Dealt to 4ce1939d 
699b816c: folds
a51461a4: raises 1,000 to 2,000
bfa4037d: folds
15c9a733: folds
c8bf03a0: folds
Hero: folds
4ce1939d: folds
8e5d5ea2: raises 3,822 to 5,822 and is all-in
a51461a4: calls 3,822
8e5d5ea2: shows [Ac Jd]
a51461a4: shows [Jc Js]
*** FLOP *** [6h Kh 8s]
*** TURN *** [6h Kh 8s] [5s]
*** RIVER *** [6h Kh 8s 5s] [7s]
*** SHOWDOWN ***
a51461a4 collected 13,144 from pot
*** SUMMARY ***
Total pot 13,144 | Rake 0 | Jackpot 0 | Bingo 0 | Fortune 0 | Tax 0
Board [6h Kh 8s 5s 7s]
Seat 1: 8e5d5ea2 (big blind) showed [Ac Jd] and lost with Ace high
Seat 2: 699b816c folded before Flop
Seat 3: a51461a4 showed [Jc Js] and won (13,144) with a pair of Jacks
Seat 4: bfa4037d folded before Flop
Seat 5: 15c9a733 folded before Flop
Seat 6: c8bf03a0 folded before Flop
Seat 7: Hero (button) folded before Flop
Seat 8: 4ce1939d (small blind) folded before Flop


Poker Hand #TM5614412803: Tournament #264779532, APL Series: ¥110 Zodiac Bounty + Rat Hold'em No Limit - Level14(500/1,000(125)) - 2026/02/21 18:09:36
Table '35' 8-max Seat #6 is the button
Seat 1: 8e5d5ea2 (6,072 in chips)
Seat 2: 699b816c (72,391 in chips)
Seat 3: a51461a4 (59,904 in chips)
Seat 4: bfa4037d (87,050 in chips)
Seat 5: 15c9a733 (14,066 in chips)
Seat 6: c8bf03a0 (38,168 in chips)
Seat 7: Hero (19,058 in chips)
Seat 8: 4ce1939d (82,255 in chips)
4ce1939d: posts the ante 125
699b816c: posts the ante 125
Hero: posts the ante 125
bfa4037d: posts the ante 125
a51461a4: posts the ante 125
8e5d5ea2: posts the ante 125
c8bf03a0: posts the ante 125
15c9a733: posts the ante 125
Hero: posts small blind 500
4ce1939d: posts big blind 1,000
*** HOLE CARDS ***
Dealt to 8e5d5ea2 
Dealt to 699b816c 
Dealt to a51461a4 
Dealt to bfa4037d 
Dealt to 15c9a733 
Dealt to c8bf03a0 
Dealt to Hero [4d 2s]
Dealt to 4ce1939d 
8e5d5ea2: folds
699b816c: folds
a51461a4: folds
bfa4037d: folds
15c9a733: folds
c8bf03a0: folds
Hero: folds
Uncalled bet (500) returned to 4ce1939d
*** SHOWDOWN ***
4ce1939d collected 2,000 from pot
*** SUMMARY ***
Total pot 2,000 | Rake 0 | Jackpot 0 | Bingo 0 | Fortune 0 | Tax 0
Seat 1: 8e5d5ea2 folded before Flop
Seat 2: 699b816c folded before Flop
Seat 3: a51461a4 folded before Flop
Seat 4: bfa4037d folded before Flop
Seat 5: 15c9a733 folded before Flop
Seat 6: c8bf03a0 (button) folded before Flop
Seat 7: Hero (small blind) folded before Flop
Seat 8: 4ce1939d (big blind) collected (2,000)


Poker Hand #TM5614412793: Tournament #264779532, APL Series: ¥110 Zodiac Bounty + Rat Hold'em No Limit - Level14(500/1,000(125)) - 2026/02/21 18:08:51
Table '35' 8-max Seat #5 is the button
Seat 1: 8e5d5ea2 (11,980 in chips)
Seat 2: 699b816c (72,516 in chips)
Seat 3: a51461a4 (60,029 in chips)
Seat 4: bfa4037d (87,175 in chips)
Seat 5: 15c9a733 (5,908 in chips)
Seat 6: c8bf03a0 (38,793 in chips)
Seat 7: Hero (20,183 in chips)
Seat 8: 4ce1939d (82,380 in chips)
4ce1939d: posts the ante 125
699b816c: posts the ante 125
Hero: posts the ante 125
bfa4037d: posts the ante 125
a51461a4: posts the ante 125
8e5d5ea2: posts the ante 125
15c9a733: posts the ante 125
c8bf03a0: posts the ante 125
c8bf03a0: posts small blind 500
Hero: posts big blind 1,000
*** HOLE CARDS ***
Dealt to 8e5d5ea2 
Dealt to 699b816c 
Dealt to a51461a4 
Dealt to bfa4037d 
Dealt to 15c9a733 
Dealt to c8bf03a0 
Dealt to Hero [Ts 6c]
Dealt to 4ce1939d 
4ce1939d: folds
8e5d5ea2: raises 10,855 to 11,855 and is all-in
699b816c: folds
a51461a4: folds
bfa4037d: folds
15c9a733: calls 5,783 and is all-in
c8bf03a0: folds
Hero: folds
Uncalled bet (6,072) returned to 8e5d5ea2
8e5d5ea2: shows [2c 2s]
15c9a733: shows [9s 9d]
*** FLOP *** [Td 4h Qs]
*** TURN *** [Td 4h Qs] [Ks]
*** RIVER *** [Td 4h Qs Ks] [Kc]
*** SHOWDOWN ***
15c9a733 collected 14,066 from pot
*** SUMMARY ***
Total pot 14,066 | Rake 0 | Jackpot 0 | Bingo 0 | Fortune 0 | Tax 0
Board [Td 4h Qs Ks Kc]
Seat 1: 8e5d5ea2 showed [2c 2s] and lost with two pair, Kings and Twos
Seat 2: 699b816c folded before Flop
Seat 3: a51461a4 folded before Flop
Seat 4: bfa4037d folded before Flop
Seat 5: 15c9a733 (button) showed [9s 9d] and won (14,066) with two pair, Kings and Nines
Seat 6: c8bf03a0 (small blind) folded before Flop
Seat 7: Hero (big blind) folded before Flop
Seat 8: 4ce1939d folded before Flop


Poker Hand #TM5614412773: Tournament #264779532, APL Series: ¥110 Zodiac Bounty + Rat Hold'em No Limit - Level14(500/1,000(125)) - 2026/02/21 18:07:50
Table '35' 8-max Seat #4 is the button
Seat 1: 8e5d5ea2 (12,105 in chips)
Seat 2: 699b816c (72,641 in chips)
Seat 3: a51461a4 (65,754 in chips)
Seat 4: bfa4037d (87,300 in chips)
Seat 5: 15c9a733 (8,033 in chips)
Seat 6: c8bf03a0 (40,918 in chips)
Seat 7: Hero (20,308 in chips)
Seat 8: 4ce1939d (71,905 in chips)
4ce1939d: posts the ante 125
699b816c: posts the ante 125
Hero: posts the ante 125
bfa4037d: posts the ante 125
a51461a4: posts the ante 125
8e5d5ea2: posts the ante 125
c8bf03a0: posts the ante 125
15c9a733: posts the ante 125
15c9a733: posts small blind 500
c8bf03a0: posts big blind 1,000
*** HOLE CARDS ***
Dealt to 8e5d5ea2 
Dealt to 699b816c 
Dealt to a51461a4 
Dealt to bfa4037d 
Dealt to 15c9a733 
Dealt to c8bf03a0 
Dealt to Hero [5d 9c]
Dealt to 4ce1939d 
Hero: folds
4ce1939d: raises 1,000 to 2,000
8e5d5ea2: folds
699b816c: folds
a51461a4: calls 2,000
bfa4037d: folds
15c9a733: calls 1,500
c8bf03a0: calls 1,000
*** FLOP *** [4h Kc Ad]
15c9a733: checks
c8bf03a0: checks
4ce1939d: bets 3,600
a51461a4: calls 3,600
15c9a733: folds
c8bf03a0: folds
*** TURN *** [4h Kc Ad] [8c]
4ce1939d: bets 10,692
a51461a4: folds
Uncalled bet (10,692) returned to 4ce1939d
*** SHOWDOWN ***
4ce1939d collected 16,200 from pot
*** SUMMARY ***
Total pot 16,200 | Rake 0 | Jackpot 0 | Bingo 0 | Fortune 0 | Tax 0
Board [4h Kc Ad 8c]
Seat 1: 8e5d5ea2 folded before Flop
Seat 2: 699b816c folded before Flop
Seat 3: a51461a4 folded on the Turn
Seat 4: bfa4037d (button) folded before Flop
Seat 5: 15c9a733 (small blind) folded on the Flop
Seat 6: c8bf03a0 (big blind) folded on the Flop
Seat 7: Hero folded before Flop
Seat 8: 4ce1939d won (16,200)


Poker Hand #TM5614412748: Tournament #264779532, APL Series: ¥110 Zodiac Bounty + Rat Hold'em No Limit - Level14(500/1,000(125)) - 2026/02/21 18:06:29
Table '35' 8-max Seat #3 is the button
Seat 1: 8e5d5ea2 (12,230 in chips)
Seat 2: 699b816c (35,758 in chips)
Seat 3: a51461a4 (65,879 in chips)
Seat 4: bfa4037d (87,925 in chips)
Seat 5: 15c9a733 (43,791 in chips)
Seat 7: Hero (20,433 in chips)
Seat 8: 4ce1939d (72,030 in chips)
4ce1939d: posts the ante 125
699b816c: posts the ante 125
Hero: posts the ante 125
a51461a4: posts the ante 125
8e5d5ea2: posts the ante 125
bfa4037d: posts the ante 125
15c9a733: posts the ante 125
bfa4037d: posts small blind 500
15c9a733: posts big blind 1,000
*** HOLE CARDS ***
Dealt to 8e5d5ea2 
Dealt to 699b816c 
Dealt to a51461a4 
Dealt to bfa4037d 
Dealt to 15c9a733 
Dealt to Hero [6c 7h]
Dealt to 4ce1939d 
Hero: folds
4ce1939d: folds
8e5d5ea2: folds
699b816c: raises 1,000 to 2,000
a51461a4: folds
bfa4037d: folds
15c9a733: calls 1,000
*** FLOP *** [2c 7d As]
15c9a733: checks
699b816c: bets 2,688
15c9a733: raises 5,312 to 8,000
699b816c: raises 10,688 to 18,688
15c9a733: raises 22,978 to 41,666 and is all-in
699b816c: calls 14,945 and is all-in
Uncalled bet (8,033) returned to 15c9a733
15c9a733: shows [2h Ac] (two pair, Aces and Twos)
699b816c: shows [Qh Ad] (a pair of Aces)
*** TURN *** [2c 7d As] [Qs]
*** RIVER *** [2c 7d As Qs] [5s]
*** SHOWDOWN ***
699b816c collected 72,641 from pot
*** SUMMARY ***
Total pot 72,641 | Rake 0 | Jackpot 0 | Bingo 0 | Fortune 0 | Tax 0
Board [2c 7d As Qs 5s]
Seat 1: 8e5d5ea2 folded before Flop
Seat 2: 699b816c showed [Qh Ad] and won (72,641) with two pair, Aces and Queens
Seat 3: a51461a4 (button) folded before Flop
Seat 4: bfa4037d (small blind) folded before Flop
Seat 5: 15c9a733 (big blind) showed [2h Ac] and lost with two pair, Aces and Twos
Seat 7: Hero folded before Flop
Seat 8: 4ce1939d folded before Flop


Poker Hand #TM5614412741: Tournament #264779532, APL Series: ¥110 Zodiac Bounty + Rat Hold'em No Limit - Level14(500/1,000(125)) - 2026/02/21 18:05:57
Table '35' 8-max Seat #2 is the button
Seat 1: 8e5d5ea2 (12,355 in chips)
Seat 2: 699b816c (35,883 in chips)
Seat 3: a51461a4 (66,504 in chips)
Seat 4: bfa4037d (89,050 in chips)
Seat 5: 15c9a733 (41,541 in chips)
Seat 7: Hero (20,558 in chips)
Seat 8: 4ce1939d (72,155 in chips)
4ce1939d: posts the ante 125
699b816c: posts the ante 125
Hero: posts the ante 125
8e5d5ea2: posts the ante 125
bfa4037d: posts the ante 125
a51461a4: posts the ante 125
15c9a733: posts the ante 125
a51461a4: posts small blind 500
bfa4037d: posts big blind 1,000
*** HOLE CARDS ***
Dealt to 8e5d5ea2 
Dealt to 699b816c 
Dealt to a51461a4 
Dealt to bfa4037d 
Dealt to 15c9a733 
Dealt to Hero [Td Ks]
Dealt to 4ce1939d 
15c9a733: raises 1,000 to 2,000
Hero: folds
4ce1939d: folds
8e5d5ea2: folds
699b816c: folds
a51461a4: folds
bfa4037d: folds
Uncalled bet (1,000) returned to 15c9a733
*** SHOWDOWN ***
15c9a733 collected 3,375 from pot
*** SUMMARY ***
Total pot 3,375 | Rake 0 | Jackpot 0 | Bingo 0 | Fortune 0 | Tax 0
Seat 1: 8e5d5ea2 folded before Flop
Seat 2: 699b816c (button) folded before Flop
Seat 3: a51461a4 (small blind) folded before Flop
Seat 4: bfa4037d (big blind) folded before Flop
Seat 5: 15c9a733 collected (3,375)
Seat 7: Hero folded before Flop
Seat 8: 4ce1939d folded before Flop


Poker Hand #TM5614412712: Tournament #264779532, APL Series: ¥110 Zodiac Bounty + Rat Hold'em No Limit - Level14(500/1,000(125)) - 2026/02/21 18:04:26
Table '35' 8-max Seat #1 is the button
Seat 1: 8e5d5ea2 (12,480 in chips)
Seat 2: 699b816c (36,508 in chips)
Seat 3: a51461a4 (68,629 in chips)
Seat 4: bfa4037d (89,175 in chips)
Seat 5: 15c9a733 (41,666 in chips)
Seat 6: 53184d8c (19,234 in chips)
Seat 7: Hero (20,683 in chips)
Seat 8: 4ce1939d (49,671 in chips)
4ce1939d: posts the ante 125
699b816c: posts the ante 125
Hero: posts the ante 125
8e5d5ea2: posts the ante 125
bfa4037d: posts the ante 125
a51461a4: posts the ante 125
53184d8c: posts the ante 125
15c9a733: posts the ante 125
699b816c: posts small blind 500
a51461a4: posts big blind 1,000
*** HOLE CARDS ***
Dealt to 8e5d5ea2 
Dealt to 699b816c 
Dealt to a51461a4 
Dealt to bfa4037d 
Dealt to 15c9a733 
Dealt to 53184d8c 
Dealt to Hero [5d 7s]
Dealt to 4ce1939d 
bfa4037d: folds
15c9a733: folds
53184d8c: raises 1,000 to 2,000
Hero: folds
4ce1939d: calls 2,000
8e5d5ea2: folds
699b816c: folds
a51461a4: calls 1,000
*** FLOP *** [5s 3h Kh]
a51461a4: checks
53184d8c: bets 17,109 and is all-in
4ce1939d: raises 30,437 to 47,546 and is all-in
a51461a4: folds
Uncalled bet (30,437) returned to 4ce1939d
4ce1939d: shows [Ah 4h] (Ace high)
53184d8c: shows [Qc Kc] (a pair of Kings)
*** TURN *** [5s 3h Kh] [3c]
*** RIVER *** [5s 3h Kh 3c] [Jh]
*** SHOWDOWN ***
4ce1939d collected 41,718 from pot
*** SUMMARY ***
Total pot 41,718 | Rake 0 | Jackpot 0 | Bingo 0 | Fortune 0 | Tax 0
Board [5s 3h Kh 3c Jh]
Seat 1: 8e5d5ea2 (button) folded before Flop
Seat 2: 699b816c (small blind) folded before Flop
Seat 3: a51461a4 (big blind) folded on the Flop
Seat 4: bfa4037d folded before Flop
Seat 5: 15c9a733 folded before Flop
Seat 6: 53184d8c showed [Qc Kc] and lost with two pair, Kings and Threes
Seat 7: Hero folded before Flop
Seat 8: 4ce1939d showed [Ah 4h] and won (41,718) with a flush Ace high


Poker Hand #TM5614412689: Tournament #264779532, APL Series: ¥110 Zodiac Bounty + Rat Hold'em No Limit - Level14(500/1,000(125)) - 2026/02/21 18:02:54
Table '35' 8-max Seat #8 is the button
Seat 1: 8e5d5ea2 (13,105 in chips)
Seat 2: 699b816c (30,573 in chips)
Seat 3: a51461a4 (68,754 in chips)
Seat 4: bfa4037d (89,300 in chips)
Seat 5: 15c9a733 (41,791 in chips)
Seat 6: 53184d8c (19,359 in chips)
Seat 7: Hero (20,808 in chips)
Seat 8: 4ce1939d (54,356 in chips)
4ce1939d: posts the ante 125
699b816c: posts the ante 125
Hero: posts the ante 125
bfa4037d: posts the ante 125
a51461a4: posts the ante 125
8e5d5ea2: posts the ante 125
53184d8c: posts the ante 125
15c9a733: posts the ante 125
8e5d5ea2: posts small blind 500
699b816c: posts big blind 1,000
*** HOLE CARDS ***
Dealt to 8e5d5ea2 
Dealt to 699b816c 
Dealt to a51461a4 
Dealt to bfa4037d 
Dealt to 15c9a733 
Dealt to 53184d8c 
Dealt to Hero [7h 8c]
Dealt to 4ce1939d 
a51461a4: folds
bfa4037d: folds
15c9a733: folds
53184d8c: folds
Hero: folds
4ce1939d: raises 1,200 to 2,200
8e5d5ea2: folds
699b816c: calls 1,200
*** FLOP *** [6c 3s 6d]
699b816c: checks
4ce1939d: bets 2,360
699b816c: raises 3,640 to 6,000
4ce1939d: folds
Uncalled bet (3,640) returned to 699b816c
*** SHOWDOWN ***
699b816c collected 10,620 from pot
*** SUMMARY ***
Total pot 10,620 | Rake 0 | Jackpot 0 | Bingo 0 | Fortune 0 | Tax 0
Board [6c 3s 6d]
Seat 1: 8e5d5ea2 (small blind) folded before Flop
Seat 2: 699b816c (big blind) won (10,620)
Seat 3: a51461a4 folded before Flop
Seat 4: bfa4037d folded before Flop
Seat 5: 15c9a733 folded before Flop
Seat 6: 53184d8c folded before Flop
Seat 7: Hero folded before Flop
Seat 8: 4ce1939d (button) folded on the Flop


Poker Hand #TM5614412675: Tournament #264779532, APL Series: ¥110 Zodiac Bounty + Rat Hold'em No Limit - Level14(500/1,000(125)) - 2026/02/21 18:01:43
Table '35' 8-max Seat #7 is the button
Seat 1: 8e5d5ea2 (14,230 in chips)
Seat 2: 699b816c (30,698 in chips)
Seat 3: a51461a4 (68,879 in chips)
Seat 4: bfa4037d (89,425 in chips)
Seat 5: 15c9a733 (39,416 in chips)
Seat 6: 53184d8c (19,484 in chips)
Seat 7: Hero (20,933 in chips)
Seat 8: 4ce1939d (54,981 in chips)
4ce1939d: posts the ante 125
699b816c: posts the ante 125
Hero: posts the ante 125
bfa4037d: posts the ante 125
a51461a4: posts the ante 125
8e5d5ea2: posts the ante 125
53184d8c: posts the ante 125
15c9a733: posts the ante 125
4ce1939d: posts small blind 500
8e5d5ea2: posts big blind 1,000
*** HOLE CARDS ***
Dealt to 8e5d5ea2 
Dealt to 699b816c 
Dealt to a51461a4 
Dealt to bfa4037d 
Dealt to 15c9a733 
Dealt to 53184d8c 
Dealt to Hero [2d Th]
Dealt to 4ce1939d 
699b816c: folds
a51461a4: folds
bfa4037d: folds
15c9a733: raises 1,000 to 2,000
53184d8c: folds
Hero: folds
4ce1939d: folds
8e5d5ea2: folds
Uncalled bet (1,000) returned to 15c9a733
*** SHOWDOWN ***
15c9a733 collected 3,500 from pot
*** SUMMARY ***
Total pot 3,500 | Rake 0 | Jackpot 0 | Bingo 0 | Fortune 0 | Tax 0
Seat 1: 8e5d5ea2 (big blind) folded before Flop
Seat 2: 699b816c folded before Flop
Seat 3: a51461a4 folded before Flop
Seat 4: bfa4037d folded before Flop
Seat 5: 15c9a733 collected (3,500)
Seat 6: 53184d8c folded before Flop
Seat 7: Hero (button) folded before Flop
Seat 8: 4ce1939d (small blind) folded before Flop


Poker Hand #TM5614412658: Tournament #264779532, APL Series: ¥110 Zodiac Bounty + Rat Hold'em No Limit - Level13(400/800(100)) - 2026/02/21 17:54:32
Table '35' 8-max Seat #6 is the button
Seat 1: 8e5d5ea2 (14,330 in chips)
Seat 2: 699b816c (30,798 in chips)
Seat 3: a51461a4 (63,299 in chips)
Seat 4: bfa4037d (89,525 in chips)
Seat 5: 15c9a733 (43,196 in chips)
Seat 6: 53184d8c (19,584 in chips)
Seat 7: Hero (21,433 in chips)
Seat 8: 4ce1939d (55,881 in chips)
4ce1939d: posts the ante 100
699b816c: posts the ante 100
Hero: posts the ante 100
bfa4037d: posts the ante 100
a51461a4: posts the ante 100
8e5d5ea2: posts the ante 100
53184d8c: posts the ante 100
15c9a733: posts the ante 100
Hero: posts small blind 400
4ce1939d: posts big blind 800
*** HOLE CARDS ***
Dealt to 8e5d5ea2 
Dealt to 699b816c 
Dealt to a51461a4 
Dealt to bfa4037d 
Dealt to 15c9a733 
Dealt to 53184d8c 
Dealt to Hero [9s 3h]
Dealt to 4ce1939d 
8e5d5ea2: folds
699b816c: folds
a51461a4: raises 800 to 1,600
bfa4037d: folds
15c9a733: calls 1,600
53184d8c: folds
Hero: folds
4ce1939d: folds
*** FLOP *** [9d Qh 6h]
a51461a4: bets 2,080
15c9a733: calls 2,080
*** TURN *** [9d Qh 6h] [3c]
a51461a4: bets 4,320
15c9a733: folds
Uncalled bet (4,320) returned to a51461a4
*** SHOWDOWN ***
a51461a4 collected 9,360 from pot
*** SUMMARY ***
Total pot 9,360 | Rake 0 | Jackpot 0 | Bingo 0 | Fortune 0 | Tax 0
Board [9d Qh 6h 3c]
Seat 1: 8e5d5ea2 folded before Flop
Seat 2: 699b816c folded before Flop
Seat 3: a51461a4 won (9,360)
Seat 4: bfa4037d folded before Flop
Seat 5: 15c9a733 folded on the Turn
Seat 6: 53184d8c (button) folded before Flop
Seat 7: Hero (small blind) folded before Flop
Seat 8: 4ce1939d (big blind) folded before Flop


Poker Hand #TM5614412647: Tournament #264779532, APL Series: ¥110 Zodiac Bounty + Rat Hold'em No Limit - Level13(400/800(100)) - 2026/02/21 17:53:49
Table '35' 8-max Seat #5 is the button
Seat 1: 8e5d5ea2 (14,430 in chips)
Seat 2: 699b816c (30,898 in chips)
Seat 3: a51461a4 (63,399 in chips)
Seat 4: bfa4037d (91,225 in chips)
Seat 5: 15c9a733 (43,296 in chips)
Seat 6: 53184d8c (20,084 in chips)
Seat 7: Hero (23,133 in chips)
Seat 8: 4ce1939d (51,581 in chips)
4ce1939d: posts the ante 100
699b816c: posts the ante 100
Hero: posts the ante 100
bfa4037d: posts the ante 100
a51461a4: posts the ante 100
8e5d5ea2: posts the ante 100
53184d8c: posts the ante 100
15c9a733: posts the ante 100
53184d8c: posts small blind 400
Hero: posts big blind 800
*** HOLE CARDS ***
Dealt to 8e5d5ea2 
Dealt to 699b816c 
Dealt to a51461a4 
Dealt to bfa4037d 
Dealt to 15c9a733 
Dealt to 53184d8c 
Dealt to Hero [Js 6h]
Dealt to 4ce1939d 
4ce1939d: raises 800 to 1,600
8e5d5ea2: folds
699b816c: folds
a51461a4: folds
bfa4037d: calls 1,600
15c9a733: folds
53184d8c: folds
Hero: calls 800
*** FLOP *** [4c Qs 3c]
Hero: checks
4ce1939d: bets 2,400
bfa4037d: folds
Hero: folds
Uncalled bet (2,400) returned to 4ce1939d
*** SHOWDOWN ***
4ce1939d collected 6,000 from pot
*** SUMMARY ***
Total pot 6,000 | Rake 0 | Jackpot 0 | Bingo 0 | Fortune 0 | Tax 0
Board [4c Qs 3c]
Seat 1: 8e5d5ea2 folded before Flop
Seat 2: 699b816c folded before Flop
Seat 3: a51461a4 folded before Flop
Seat 4: bfa4037d folded on the Flop
Seat 5: 15c9a733 (button) folded before Flop
Seat 6: 53184d8c (small blind) folded before Flop
Seat 7: Hero (big blind) folded on the Flop
Seat 8: 4ce1939d won (6,000)


Poker Hand #TM5614412641: Tournament #264779532, APL Series: ¥110 Zodiac Bounty + Rat Hold'em No Limit - Level13(400/800(100)) - 2026/02/21 17:53:28
Table '35' 8-max Seat #4 is the button
Seat 1: 8e5d5ea2 (14,530 in chips)
Seat 2: 699b816c (30,998 in chips)
Seat 3: a51461a4 (63,499 in chips)
Seat 4: bfa4037d (89,325 in chips)
Seat 5: 15c9a733 (43,796 in chips)
Seat 6: 53184d8c (20,984 in chips)
Seat 7: Hero (23,233 in chips)
Seat 8: 4ce1939d (51,681 in chips)
4ce1939d: posts the ante 100
699b816c: posts the ante 100
Hero: posts the ante 100
bfa4037d: posts the ante 100
a51461a4: posts the ante 100
8e5d5ea2: posts the ante 100
53184d8c: posts the ante 100
15c9a733: posts the ante 100
15c9a733: posts small blind 400
53184d8c: posts big blind 800
*** HOLE CARDS ***
Dealt to 8e5d5ea2 
Dealt to 699b816c 
Dealt to a51461a4 
Dealt to bfa4037d 
Dealt to 15c9a733 
Dealt to 53184d8c 
Dealt to Hero [8h Jd]
Dealt to 4ce1939d 
Hero: folds
4ce1939d: folds
8e5d5ea2: folds
699b816c: folds
a51461a4: folds
bfa4037d: raises 800 to 1,600
15c9a733: folds
53184d8c: folds
Uncalled bet (800) returned to bfa4037d
*** SHOWDOWN ***
bfa4037d collected 2,800 from pot
*** SUMMARY ***
Total pot 2,800 | Rake 0 | Jackpot 0 | Bingo 0 | Fortune 0 | Tax 0
Seat 1: 8e5d5ea2 folded before Flop
Seat 2: 699b816c folded before Flop
Seat 3: a51461a4 folded before Flop
Seat 4: bfa4037d (button) collected (2,800)
Seat 5: 15c9a733 (small blind) folded before Flop
Seat 6: 53184d8c (big blind) folded before Flop
Seat 7: Hero folded before Flop
Seat 8: 4ce1939d folded before Flop


Poker Hand #TM5614412616: Tournament #264779532, APL Series: ¥110 Zodiac Bounty + Rat Hold'em No Limit - Level13(400/800(100)) - 2026/02/21 17:51:31
Table '35' 8-max Seat #3 is the button
Seat 1: 8e5d5ea2 (14,630 in chips)
Seat 2: 699b816c (42,458 in chips)
Seat 3: a51461a4 (47,519 in chips)
Seat 4: bfa4037d (89,825 in chips)
Seat 5: 15c9a733 (45,656 in chips)
Seat 6: 53184d8c (21,084 in chips)
Seat 7: Hero (23,333 in chips)
Seat 8: 4ce1939d (53,541 in chips)
4ce1939d: posts the ante 100
699b816c: posts the ante 100
Hero: posts the ante 100
a51461a4: posts the ante 100
8e5d5ea2: posts the ante 100
bfa4037d: posts the ante 100
53184d8c: posts the ante 100
15c9a733: posts the ante 100
bfa4037d: posts small blind 400
15c9a733: posts big blind 800
*** HOLE CARDS ***
Dealt to 8e5d5ea2 
Dealt to 699b816c 
Dealt to a51461a4 
Dealt to bfa4037d 
Dealt to 15c9a733 
Dealt to 53184d8c 
Dealt to Hero [Qc 3d]
Dealt to 4ce1939d 
53184d8c: folds
Hero: folds
4ce1939d: raises 960 to 1,760
8e5d5ea2: folds
699b816c: calls 1,760
a51461a4: calls 1,760
bfa4037d: folds
15c9a733: calls 960
*** FLOP *** [3c 7s 2c]
15c9a733: checks
4ce1939d: checks
699b816c: bets 1,600
a51461a4: calls 1,600
15c9a733: folds
4ce1939d: folds
*** TURN *** [3c 7s 2c] [Kd]
699b816c: bets 8,000
a51461a4: raises 10,000 to 18,000
699b816c: folds
Uncalled bet (10,000) returned to a51461a4
*** SHOWDOWN ***
a51461a4 collected 27,440 from pot
*** SUMMARY ***
Total pot 27,440 | Rake 0 | Jackpot 0 | Bingo 0 | Fortune 0 | Tax 0
Board [3c 7s 2c Kd]
Seat 1: 8e5d5ea2 folded before Flop
Seat 2: 699b816c folded on the Turn
Seat 3: a51461a4 (button) won (27,440)
Seat 4: bfa4037d (small blind) folded before Flop
Seat 5: 15c9a733 (big blind) folded on the Flop
Seat 6: 53184d8c folded before Flop
Seat 7: Hero folded before Flop
Seat 8: 4ce1939d folded on the Flop


Poker Hand #TM5614412610: Tournament #264779532, APL Series: ¥110 Zodiac Bounty + Rat Hold'em No Limit - Level13(400/800(100)) - 2026/02/21 17:51:06
Table '35' 8-max Seat #1 is the button
Seat 1: 8e5d5ea2 (14,730 in chips)
Seat 3: a51461a4 (48,019 in chips)
Seat 4: bfa4037d (90,725 in chips)
Seat 5: 15c9a733 (45,756 in chips)
Seat 6: 53184d8c (21,184 in chips)
Seat 7: Hero (23,433 in chips)
Seat 8: 4ce1939d (51,741 in chips)
4ce1939d: posts the ante 100
Hero: posts the ante 100
8e5d5ea2: posts the ante 100
bfa4037d: posts the ante 100
a51461a4: posts the ante 100
53184d8c: posts the ante 100
15c9a733: posts the ante 100
a51461a4: posts small blind 400
bfa4037d: posts big blind 800
*** HOLE CARDS ***
Dealt to 8e5d5ea2 
Dealt to a51461a4 
Dealt to bfa4037d 
Dealt to 15c9a733 
Dealt to 53184d8c 
Dealt to Hero [3s 9d]
Dealt to 4ce1939d 
15c9a733: folds
53184d8c: folds
Hero: folds
4ce1939d: raises 960 to 1,760
8e5d5ea2: folds
a51461a4: folds
bfa4037d: folds
Uncalled bet (960) returned to 4ce1939d
*** SHOWDOWN ***
4ce1939d collected 2,700 from pot
*** SUMMARY ***
Total pot 2,700 | Rake 0 | Jackpot 0 | Bingo 0 | Fortune 0 | Tax 0
Seat 1: 8e5d5ea2 (button) folded before Flop
Seat 3: a51461a4 (small blind) folded before Flop
Seat 4: bfa4037d (big blind) folded before Flop
Seat 5: 15c9a733 folded before Flop
Seat 6: 53184d8c folded before Flop
Seat 7: Hero folded before Flop
Seat 8: 4ce1939d collected (2,700)


Poker Hand #TM5614412584: Tournament #264779532, APL Series: ¥110 Zodiac Bounty + Rat Hold'em No Limit - Level13(400/800(100)) - 2026/02/21 17:49:25
Table '35' 8-max Seat #8 is the button
Seat 1: 8e5d5ea2 (16,430 in chips)
Seat 3: a51461a4 (49,719 in chips)
Seat 4: bfa4037d (90,825 in chips)
Seat 5: 15c9a733 (41,956 in chips)
Seat 6: 53184d8c (21,284 in chips)
Seat 7: Hero (23,533 in chips)
Seat 8: 4ce1939d (51,841 in chips)
4ce1939d: posts the ante 100
Hero: posts the ante 100
bfa4037d: posts the ante 100
a51461a4: posts the ante 100
8e5d5ea2: posts the ante 100
53184d8c: posts the ante 100
15c9a733: posts the ante 100
8e5d5ea2: posts small blind 400
a51461a4: posts big blind 800
*** HOLE CARDS ***
Dealt to 8e5d5ea2 
Dealt to a51461a4 
Dealt to bfa4037d 
Dealt to 15c9a733 
Dealt to 53184d8c 
Dealt to Hero [6s 8c]
Dealt to 4ce1939d 
bfa4037d: folds
15c9a733: raises 800 to 1,600
53184d8c: folds
Hero: folds
4ce1939d: folds
8e5d5ea2: calls 1,200
a51461a4: calls 800
*** FLOP *** [Ac Ah 5h]
8e5d5ea2: checks
a51461a4: checks
15c9a733: checks
*** TURN *** [Ac Ah 5h] [7h]
8e5d5ea2: checks
a51461a4: checks
15c9a733: checks
*** RIVER *** [Ac Ah 5h 7h] [3h]
8e5d5ea2: checks
a51461a4: checks
15c9a733: bets 2,750
8e5d5ea2: folds
a51461a4: folds
Uncalled bet (2,750) returned to 15c9a733
*** SHOWDOWN ***
15c9a733 collected 5,500 from pot
*** SUMMARY ***
Total pot 5,500 | Rake 0 | Jackpot 0 | Bingo 0 | Fortune 0 | Tax 0
Board [Ac Ah 5h 7h 3h]
Seat 1: 8e5d5ea2 (small blind) folded on the River
Seat 3: a51461a4 (big blind) folded on the River
Seat 4: bfa4037d folded before Flop
Seat 5: 15c9a733 won (5,500)
Seat 6: 53184d8c folded before Flop
Seat 7: Hero folded before Flop
Seat 8: 4ce1939d (button) folded before Flop


Poker Hand #TM5614412572: Tournament #264779532, APL Series: ¥110 Zodiac Bounty + Rat Hold'em No Limit - Level13(400/800(100)) - 2026/02/21 17:48:36
Table '35' 8-max Seat #7 is the button
Seat 1: 8e5d5ea2 (17,330 in chips)
Seat 2: 44e09469 (13,442 in chips)
Seat 3: a51461a4 (49,819 in chips)
Seat 4: bfa4037d (92,525 in chips)
Seat 5: 15c9a733 (38,456 in chips)
Seat 6: 53184d8c (21,384 in chips)
Seat 7: Hero (23,633 in chips)
Seat 8: 4ce1939d (52,341 in chips)
4ce1939d: posts the ante 100
Hero: posts the ante 100
bfa4037d: posts the ante 100
a51461a4: posts the ante 100
8e5d5ea2: posts the ante 100
53184d8c: posts the ante 100
15c9a733: posts the ante 100
44e09469: posts the ante 100
4ce1939d: posts small blind 400
8e5d5ea2: posts big blind 800
*** HOLE CARDS ***
Dealt to 8e5d5ea2 
Dealt to 44e09469 
Dealt to a51461a4 
Dealt to bfa4037d 
Dealt to 15c9a733 
Dealt to 53184d8c 
Dealt to Hero [Ac 7s]
Dealt to 4ce1939d 
44e09469: folds
a51461a4: folds
bfa4037d: raises 800 to 1,600
15c9a733: raises 3,200 to 4,800
53184d8c: folds
Hero: folds
4ce1939d: folds
8e5d5ea2: folds
bfa4037d: folds
Uncalled bet (3,200) returned to 15c9a733
*** SHOWDOWN ***
15c9a733 collected 5,200 from pot
*** SUMMARY ***
Total pot 5,200 | Rake 0 | Jackpot 0 | Bingo 0 | Fortune 0 | Tax 0
Seat 1: 8e5d5ea2 (big blind) folded before Flop
Seat 2: 44e09469 folded before Flop
Seat 3: a51461a4 folded before Flop
Seat 4: bfa4037d folded before Flop
Seat 5: 15c9a733 collected (5,200)
Seat 6: 53184d8c folded before Flop
Seat 7: Hero (button) folded before Flop
Seat 8: 4ce1939d (small blind) folded before Flop


Poker Hand #TM5614412563: Tournament #264779532, APL Series: ¥110 Zodiac Bounty + Rat Hold'em No Limit - Level13(400/800(100)) - 2026/02/21 17:48:05
Table '35' 8-max Seat #6 is the button
Seat 1: 8e5d5ea2 (15,430 in chips)
Seat 2: 44e09469 (13,542 in chips)
Seat 3: a51461a4 (49,919 in chips)
Seat 4: bfa4037d (92,625 in chips)
Seat 5: 15c9a733 (38,556 in chips)
Seat 6: 53184d8c (21,484 in chips)
Seat 7: Hero (24,133 in chips)
Seat 8: 4ce1939d (53,241 in chips)
4ce1939d: posts the ante 100
Hero: posts the ante 100
bfa4037d: posts the ante 100
a51461a4: posts the ante 100
8e5d5ea2: posts the ante 100
53184d8c: posts the ante 100
15c9a733: posts the ante 100
44e09469: posts the ante 100
Hero: posts small blind 400
4ce1939d: posts big blind 800
*** HOLE CARDS ***
Dealt to 8e5d5ea2 
Dealt to 44e09469 
Dealt to a51461a4 
Dealt to bfa4037d 
Dealt to 15c9a733 
Dealt to 53184d8c 
Dealt to Hero [2h 9c]
Dealt to 4ce1939d 
8e5d5ea2: raises 800 to 1,600
44e09469: folds
a51461a4: folds
bfa4037d: folds
15c9a733: folds
53184d8c: folds
Hero: folds
4ce1939d: folds
Uncalled bet (800) returned to 8e5d5ea2
*** SHOWDOWN ***
8e5d5ea2 collected 2,800 from pot
*** SUMMARY ***
Total pot 2,800 | Rake 0 | Jackpot 0 | Bingo 0 | Fortune 0 | Tax 0
Seat 1: 8e5d5ea2 collected (2,800)
Seat 2: 44e09469 folded before Flop
Seat 3: a51461a4 folded before Flop
Seat 4: bfa4037d folded before Flop
Seat 5: 15c9a733 folded before Flop
Seat 6: 53184d8c (button) folded before Flop
Seat 7: Hero (small blind) folded before Flop
Seat 8: 4ce1939d (big blind) folded before Flop


Poker Hand #TM5614412531: Tournament #264779532, APL Series: ¥110 Zodiac Bounty + Rat Hold'em No Limit - Level13(400/800(100)) - 2026/02/21 17:45:50
Table '35' 8-max Seat #5 is the button
Seat 1: 8e5d5ea2 (15,530 in chips)
Seat 2: 44e09469 (13,642 in chips)
Seat 3: a51461a4 (66,144 in chips)
Seat 4: bfa4037d (73,800 in chips)
Seat 5: 15c9a733 (38,656 in chips)
Seat 6: 53184d8c (21,984 in chips)
Seat 7: Hero (25,833 in chips)
Seat 8: 4ce1939d (53,341 in chips)
4ce1939d: posts the ante 100
Hero: posts the ante 100
bfa4037d: posts the ante 100
a51461a4: posts the ante 100
8e5d5ea2: posts the ante 100
53184d8c: posts the ante 100
15c9a733: posts the ante 100
44e09469: posts the ante 100
53184d8c: posts small blind 400
Hero: posts big blind 800
*** HOLE CARDS ***
Dealt to 8e5d5ea2 
Dealt to 44e09469 
Dealt to a51461a4 
Dealt to bfa4037d 
Dealt to 15c9a733 
Dealt to 53184d8c 
Dealt to Hero [Js 4s]
Dealt to 4ce1939d 
4ce1939d: folds
8e5d5ea2: folds
44e09469: folds
a51461a4: raises 800 to 1,600
bfa4037d: calls 1,600
15c9a733: folds
53184d8c: folds
Hero: calls 800
*** FLOP *** [7d 3d Qd]
Hero: checks
a51461a4: bets 2,000
bfa4037d: calls 2,000
Hero: folds
*** TURN *** [7d 3d Qd] [Tc]
a51461a4: bets 5,000
bfa4037d: raises 6,600 to 11,600
a51461a4: calls 6,600
*** RIVER *** [7d 3d Qd Tc] [4d]
a51461a4: checks
bfa4037d: bets 925
a51461a4: calls 925
bfa4037d: shows [2d Ad] (a flush Ace high)
a51461a4: shows [Kd Jh] (a flush King high)
*** SHOWDOWN ***
bfa4037d collected 35,050 from pot
*** SUMMARY ***
Total pot 35,050 | Rake 0 | Jackpot 0 | Bingo 0 | Fortune 0 | Tax 0
Board [7d 3d Qd Tc 4d]
Seat 1: 8e5d5ea2 folded before Flop
Seat 2: 44e09469 folded before Flop
Seat 3: a51461a4 showed [Kd Jh] and lost with a flush King high
Seat 4: bfa4037d showed [2d Ad] and won (35,050) with a flush Ace high
Seat 5: 15c9a733 (button) folded before Flop
Seat 6: 53184d8c (small blind) folded before Flop
Seat 7: Hero (big blind) folded on the Flop
Seat 8: 4ce1939d folded before Flop


Poker Hand #TM5614412517: Tournament #264779532, APL Series: ¥110 Zodiac Bounty + Rat Hold'em No Limit - Level13(400/800(100)) - 2026/02/21 17:44:44
Table '35' 8-max Seat #4 is the button
Seat 1: 8e5d5ea2 (15,630 in chips)
Seat 2: 44e09469 (32,945 in chips)
Seat 3: a51461a4 (66,244 in chips)
Seat 4: bfa4037d (73,900 in chips)
Seat 5: 15c9a733 (39,156 in chips)
Seat 6: 53184d8c (19,303 in chips)
Seat 7: Hero (8,311 in chips)
Seat 8: 4ce1939d (53,441 in chips)
4ce1939d: posts the ante 100
Hero: posts the ante 100
bfa4037d: posts the ante 100
a51461a4: posts the ante 100
8e5d5ea2: posts the ante 100
53184d8c: posts the ante 100
15c9a733: posts the ante 100
44e09469: posts the ante 100
15c9a733: posts small blind 400
53184d8c: posts big blind 800
*** HOLE CARDS ***
Dealt to 8e5d5ea2 
Dealt to 44e09469 
Dealt to a51461a4 
Dealt to bfa4037d 
Dealt to 15c9a733 
Dealt to 53184d8c 
Dealt to Hero [Ah 7h]
Dealt to 4ce1939d 
Hero: raises 7,411 to 8,211 and is all-in
4ce1939d: folds
8e5d5ea2: folds
44e09469: raises 24,634 to 32,845 and is all-in
a51461a4: folds
bfa4037d: folds
15c9a733: folds
53184d8c: calls 18,403 and is all-in
Uncalled bet (13,642) returned to 44e09469
44e09469: shows [9h 8h]
53184d8c: shows [Kc 9s]
Hero: shows [Ah 7h]
*** FLOP *** [6s Th As]
*** TURN *** [6s Th As] [3h]
*** RIVER *** [6s Th As 3h] [Tc]
*** SHOWDOWN ***
Hero collected 25,833 from pot
53184d8c collected 21,984 from pot
*** SUMMARY ***
Total pot 47,817 | Rake 0 | Jackpot 0 | Bingo 0 | Fortune 0 | Tax 0
Board [6s Th As 3h Tc]
Seat 1: 8e5d5ea2 folded before Flop
Seat 2: 44e09469 showed [9h 8h] and lost with a pair of Tens
Seat 3: a51461a4 folded before Flop
Seat 4: bfa4037d (button) folded before Flop
Seat 5: 15c9a733 (small blind) folded before Flop
Seat 6: 53184d8c (big blind) showed [Kc 9s] and won (21,984) with a pair of Tens
Seat 7: Hero showed [Ah 7h] and won (25,833) with two pair, Aces and Tens
Seat 8: 4ce1939d folded before Flop


Poker Hand #TM5614412506: Tournament #264779532, APL Series: ¥110 Zodiac Bounty + Rat Hold'em No Limit - Level12(350/700(85)) - 2026/02/21 17:43:27
Table '35' 8-max Seat #3 is the button
Seat 1: 8e5d5ea2 (15,715 in chips)
Seat 2: 44e09469 (33,030 in chips)
Seat 3: a51461a4 (66,329 in chips)
Seat 4: bfa4037d (74,335 in chips)
Seat 5: 15c9a733 (19,148 in chips)
Seat 6: 53184d8c (19,388 in chips)
Seat 7: Hero (27,459 in chips)
Seat 8: 4ce1939d (53,526 in chips)
4ce1939d: posts the ante 85
Hero: posts the ante 85
a51461a4: posts the ante 85
8e5d5ea2: posts the ante 85
bfa4037d: posts the ante 85
53184d8c: posts the ante 85
15c9a733: posts the ante 85
44e09469: posts the ante 85
bfa4037d: posts small blind 350
15c9a733: posts big blind 700
*** HOLE CARDS ***
Dealt to 8e5d5ea2 
Dealt to 44e09469 
Dealt to a51461a4 
Dealt to bfa4037d 
Dealt to 15c9a733 
Dealt to 53184d8c 
Dealt to Hero [6d 6c]
Dealt to 4ce1939d 
53184d8c: folds
Hero: raises 700 to 1,400
4ce1939d: folds
8e5d5ea2: folds
44e09469: folds
a51461a4: folds
bfa4037d: folds
15c9a733: calls 700
*** FLOP *** [8s 6s 3h]
15c9a733: checks
Hero: bets 1,264
15c9a733: raises 2,236 to 3,500
Hero: raises 4,974 to 8,474
15c9a733: calls 4,974
*** TURN *** [8s 6s 3h] [Jh]
15c9a733: checks
Hero: bets 17,500 and is all-in
15c9a733: calls 9,189 and is all-in
Uncalled bet (8,311) returned to Hero
Hero: shows [6d 6c] (three of a kind, Sixes)
15c9a733: shows [8h 8d] (three of a kind, Eights)
*** RIVER *** [8s 6s 3h Jh] [Kc]
*** SHOWDOWN ***
15c9a733 collected 39,156 from pot
*** SUMMARY ***
Total pot 39,156 | Rake 0 | Jackpot 0 | Bingo 0 | Fortune 0 | Tax 0
Board [8s 6s 3h Jh Kc]
Seat 1: 8e5d5ea2 folded before Flop
Seat 2: 44e09469 folded before Flop
Seat 3: a51461a4 (button) folded before Flop
Seat 4: bfa4037d (small blind) folded before Flop
Seat 5: 15c9a733 (big blind) showed [8h 8d] and won (39,156) with three of a kind, Eights
Seat 6: 53184d8c folded before Flop
Seat 7: Hero showed [6d 6c] and lost with three of a kind, Sixes
Seat 8: 4ce1939d folded before Flop


Poker Hand #TM5614412491: Tournament #264779532, APL Series: ¥110 Zodiac Bounty + Rat Hold'em No Limit - Level12(350/700(85)) - 2026/02/21 17:42:03
Table '35' 8-max Seat #2 is the button
Seat 1: 8e5d5ea2 (15,800 in chips)
Seat 2: 44e09469 (33,115 in chips)
Seat 3: a51461a4 (66,764 in chips)
Seat 4: bfa4037d (75,120 in chips)
Seat 5: 15c9a733 (45,131 in chips)
Seat 6: 53184d8c (19,473 in chips)
Seat 7: Hero (27,544 in chips)
Seat 8: 4ce1939d (25,983 in chips)
4ce1939d: posts the ante 85
Hero: posts the ante 85
8e5d5ea2: posts the ante 85
bfa4037d: posts the ante 85
a51461a4: posts the ante 85
53184d8c: posts the ante 85
15c9a733: posts the ante 85
44e09469: posts the ante 85
a51461a4: posts small blind 350
bfa4037d: posts big blind 700
*** HOLE CARDS ***
Dealt to 8e5d5ea2 
Dealt to 44e09469 
Dealt to a51461a4 
Dealt to bfa4037d 
Dealt to 15c9a733 
Dealt to 53184d8c 
Dealt to Hero [Ks 5d]
Dealt to 4ce1939d 
15c9a733: raises 700 to 1,400
53184d8c: folds
Hero: folds
4ce1939d: raises 2,800 to 4,200
8e5d5ea2: folds
44e09469: folds
a51461a4: folds
bfa4037d: folds
15c9a733: raises 7,700 to 11,900
4ce1939d: raises 13,998 to 25,898 and is all-in
15c9a733: calls 13,998
4ce1939d: shows [Ad Ac]
15c9a733: shows [Qh Qc]
*** FLOP *** [6s 2d 7c]
*** TURN *** [6s 2d 7c] [Kc]
*** RIVER *** [6s 2d 7c Kc] [Jc]
*** SHOWDOWN ***
4ce1939d collected 53,526 from pot
*** SUMMARY ***
Total pot 53,526 | Rake 0 | Jackpot 0 | Bingo 0 | Fortune 0 | Tax 0
Board [6s 2d 7c Kc Jc]
Seat 1: 8e5d5ea2 folded before Flop
Seat 2: 44e09469 (button) folded before Flop
Seat 3: a51461a4 (small blind) folded before Flop
Seat 4: bfa4037d (big blind) folded before Flop
Seat 5: 15c9a733 showed [Qh Qc] and lost with a pair of Queens
Seat 6: 53184d8c folded before Flop
Seat 7: Hero folded before Flop
Seat 8: 4ce1939d showed [Ad Ac] and won (53,526) with a pair of Aces


Poker Hand #TM5614412484: Tournament #264779532, APL Series: ¥110 Zodiac Bounty + Rat Hold'em No Limit - Level12(350/700(85)) - 2026/02/21 17:41:27
Table '35' 8-max Seat #1 is the button
Seat 1: 8e5d5ea2 (15,885 in chips)
Seat 2: 44e09469 (33,550 in chips)
Seat 3: a51461a4 (67,549 in chips)
Seat 4: bfa4037d (75,205 in chips)
Seat 5: 15c9a733 (45,216 in chips)
Seat 6: 53184d8c (19,558 in chips)
Seat 7: Hero (25,899 in chips)
Seat 8: 4ce1939d (26,068 in chips)
4ce1939d: posts the ante 85
Hero: posts the ante 85
8e5d5ea2: posts the ante 85
bfa4037d: posts the ante 85
a51461a4: posts the ante 85
53184d8c: posts the ante 85
15c9a733: posts the ante 85
44e09469: posts the ante 85
44e09469: posts small blind 350
a51461a4: posts big blind 700
*** HOLE CARDS ***
Dealt to 8e5d5ea2 
Dealt to 44e09469 
Dealt to a51461a4 
Dealt to bfa4037d 
Dealt to 15c9a733 
Dealt to 53184d8c 
Dealt to Hero [6d 7d]
Dealt to 4ce1939d 
bfa4037d: folds
15c9a733: folds
53184d8c: folds
Hero: raises 700 to 1,400
4ce1939d: folds
8e5d5ea2: folds
44e09469: folds
a51461a4: folds
Uncalled bet (700) returned to Hero
*** SHOWDOWN ***
Hero collected 2,430 from pot
*** SUMMARY ***
Total pot 2,430 | Rake 0 | Jackpot 0 | Bingo 0 | Fortune 0 | Tax 0
Seat 1: 8e5d5ea2 (button) folded before Flop
Seat 2: 44e09469 (small blind) folded before Flop
Seat 3: a51461a4 (big blind) folded before Flop
Seat 4: bfa4037d folded before Flop
Seat 5: 15c9a733 folded before Flop
Seat 6: 53184d8c folded before Flop
Seat 7: Hero collected (2,430)
Seat 8: 4ce1939d folded before Flop


Poker Hand #TM5614412477: Tournament #264779532, APL Series: ¥110 Zodiac Bounty + Rat Hold'em No Limit - Level12(350/700(85)) - 2026/02/21 17:40:50
Table '35' 8-max Seat #8 is the button
Seat 1: 8e5d5ea2 (16,320 in chips)
Seat 2: 44e09469 (35,035 in chips)
Seat 3: a51461a4 (67,634 in chips)
Seat 4: bfa4037d (72,860 in chips)
Seat 5: 15c9a733 (45,301 in chips)
Seat 6: 53184d8c (19,643 in chips)
Seat 7: Hero (25,984 in chips)
Seat 8: 4ce1939d (26,153 in chips)
4ce1939d: posts the ante 85
Hero: posts the ante 85
bfa4037d: posts the ante 85
a51461a4: posts the ante 85
8e5d5ea2: posts the ante 85
53184d8c: posts the ante 85
15c9a733: posts the ante 85
44e09469: posts the ante 85
8e5d5ea2: posts small blind 350
44e09469: posts big blind 700
*** HOLE CARDS ***
Dealt to 8e5d5ea2 
Dealt to 44e09469 
Dealt to a51461a4 
Dealt to bfa4037d 
Dealt to 15c9a733 
Dealt to 53184d8c 
Dealt to Hero [3d 6s]
Dealt to 4ce1939d 
a51461a4: folds
bfa4037d: raises 700 to 1,400
15c9a733: folds
53184d8c: folds
Hero: folds
4ce1939d: folds
8e5d5ea2: folds
44e09469: calls 700
*** FLOP *** [Kd Ts Tc]
44e09469: checks
bfa4037d: bets 958
44e09469: folds
Uncalled bet (958) returned to bfa4037d
*** SHOWDOWN ***
bfa4037d collected 3,830 from pot
*** SUMMARY ***
Total pot 3,830 | Rake 0 | Jackpot 0 | Bingo 0 | Fortune 0 | Tax 0
Board [Kd Ts Tc]
Seat 1: 8e5d5ea2 (small blind) folded before Flop
Seat 2: 44e09469 (big blind) folded on the Flop
Seat 3: a51461a4 folded before Flop
Seat 4: bfa4037d won (3,830)
Seat 5: 15c9a733 folded before Flop
Seat 6: 53184d8c folded before Flop
Seat 7: Hero folded before Flop
Seat 8: 4ce1939d (button) folded before Flop


Poker Hand #TM5614412470: Tournament #264779532, APL Series: ¥110 Zodiac Bounty + Rat Hold'em No Limit - Level12(350/700(85)) - 2026/02/21 17:40:16
Table '35' 8-max Seat #7 is the button
Seat 1: 8e5d5ea2 (17,805 in chips)
Seat 2: 44e09469 (35,120 in chips)
Seat 3: a51461a4 (67,719 in chips)
Seat 4: bfa4037d (72,945 in chips)
Seat 5: 15c9a733 (45,386 in chips)
Seat 6: 53184d8c (17,298 in chips)
Seat 7: Hero (26,069 in chips)
Seat 8: 4ce1939d (26,588 in chips)
4ce1939d: posts the ante 85
Hero: posts the ante 85
bfa4037d: posts the ante 85
a51461a4: posts the ante 85
8e5d5ea2: posts the ante 85
53184d8c: posts the ante 85
15c9a733: posts the ante 85
44e09469: posts the ante 85
4ce1939d: posts small blind 350
8e5d5ea2: posts big blind 700
*** HOLE CARDS ***
Dealt to 8e5d5ea2 
Dealt to 44e09469 
Dealt to a51461a4 
Dealt to bfa4037d 
Dealt to 15c9a733 
Dealt to 53184d8c 
Dealt to Hero [6c 5s]
Dealt to 4ce1939d 
44e09469: folds
a51461a4: folds
bfa4037d: folds
15c9a733: folds
53184d8c: raises 700 to 1,400
Hero: folds
4ce1939d: folds
8e5d5ea2: calls 700
*** FLOP *** [8h 2s As]
8e5d5ea2: checks
53184d8c: bets 700
8e5d5ea2: folds
Uncalled bet (700) returned to 53184d8c
*** SHOWDOWN ***
53184d8c collected 3,830 from pot
*** SUMMARY ***
Total pot 3,830 | Rake 0 | Jackpot 0 | Bingo 0 | Fortune 0 | Tax 0
Board [8h 2s As]
Seat 1: 8e5d5ea2 (big blind) folded on the Flop
Seat 2: 44e09469 folded before Flop
Seat 3: a51461a4 folded before Flop
Seat 4: bfa4037d folded before Flop
Seat 5: 15c9a733 folded before Flop
Seat 6: 53184d8c won (3,830)
Seat 7: Hero (button) folded before Flop
Seat 8: 4ce1939d (small blind) folded before Flop


Poker Hand #TM5614412463: Tournament #264779532, APL Series: ¥110 Zodiac Bounty + Rat Hold'em No Limit - Level12(350/700(85)) - 2026/02/21 17:39:33
Table '35' 8-max Seat #6 is the button
Seat 1: 8e5d5ea2 (17,890 in chips)
Seat 2: 44e09469 (35,205 in chips)
Seat 3: a51461a4 (65,374 in chips)
Seat 4: bfa4037d (73,030 in chips)
Seat 5: 15c9a733 (45,471 in chips)
Seat 6: 53184d8c (17,383 in chips)
Seat 7: Hero (26,504 in chips)
Seat 8: 4ce1939d (28,073 in chips)
4ce1939d: posts the ante 85
Hero: posts the ante 85
bfa4037d: posts the ante 85
a51461a4: posts the ante 85
8e5d5ea2: posts the ante 85
53184d8c: posts the ante 85
15c9a733: posts the ante 85
44e09469: posts the ante 85
Hero: posts small blind 350
4ce1939d: posts big blind 700
*** HOLE CARDS ***
Dealt to 8e5d5ea2 
Dealt to 44e09469 
Dealt to a51461a4 
Dealt to bfa4037d 
Dealt to 15c9a733 
Dealt to 53184d8c 
Dealt to Hero [6c 9h]
Dealt to 4ce1939d 
8e5d5ea2: folds
44e09469: folds
a51461a4: raises 700 to 1,400
bfa4037d: folds
15c9a733: folds
53184d8c: folds
Hero: folds
4ce1939d: calls 700
*** FLOP *** [8c 4h As]
4ce1939d: checks
a51461a4: bets 1,400
4ce1939d: folds
Uncalled bet (1,400) returned to a51461a4
*** SHOWDOWN ***
a51461a4 collected 3,830 from pot
*** SUMMARY ***
Total pot 3,830 | Rake 0 | Jackpot 0 | Bingo 0 | Fortune 0 | Tax 0
Board [8c 4h As]
Seat 1: 8e5d5ea2 folded before Flop
Seat 2: 44e09469 folded before Flop
Seat 3: a51461a4 won (3,830)
Seat 4: bfa4037d folded before Flop
Seat 5: 15c9a733 folded before Flop
Seat 6: 53184d8c (button) folded before Flop
Seat 7: Hero (small blind) folded before Flop
Seat 8: 4ce1939d (big blind) folded on the Flop


Poker Hand #TM5614412456: Tournament #264779532, APL Series: ¥110 Zodiac Bounty + Rat Hold'em No Limit - Level12(350/700(85)) - 2026/02/21 17:38:35
Table '35' 8-max Seat #5 is the button
Seat 1: 8e5d5ea2 (8,340 in chips)
Seat 2: 44e09469 (35,290 in chips)
Seat 3: a51461a4 (65,459 in chips)
Seat 4: bfa4037d (73,115 in chips)
Seat 5: 15c9a733 (45,556 in chips)
Seat 6: 53184d8c (25,723 in chips)
Seat 7: Hero (27,289 in chips)
Seat 8: 4ce1939d (28,158 in chips)
4ce1939d: posts the ante 85
Hero: posts the ante 85
bfa4037d: posts the ante 85
a51461a4: posts the ante 85
8e5d5ea2: posts the ante 85
53184d8c: posts the ante 85
15c9a733: posts the ante 85
44e09469: posts the ante 85
53184d8c: posts small blind 350
Hero: posts big blind 700
*** HOLE CARDS ***
Dealt to 8e5d5ea2 
Dealt to 44e09469 
Dealt to a51461a4 
Dealt to bfa4037d 
Dealt to 15c9a733 
Dealt to 53184d8c 
Dealt to Hero [7d Jd]
Dealt to 4ce1939d 
4ce1939d: folds
8e5d5ea2: raises 7,000 to 7,700
44e09469: folds
a51461a4: folds
bfa4037d: folds
15c9a733: folds
53184d8c: raises 17,938 to 25,638 and is all-in
Hero: folds
8e5d5ea2: calls 555 and is all-in
Uncalled bet (17,383) returned to 53184d8c
53184d8c: shows [Ah Qs]
8e5d5ea2: shows [Kh Ac]
*** FLOP *** [Ks Qc 6s]
*** TURN *** [Ks Qc 6s] [Tc]
*** RIVER *** [Ks Qc 6s Tc] [Kd]
*** SHOWDOWN ***
8e5d5ea2 collected 17,890 from pot
*** SUMMARY ***
Total pot 17,890 | Rake 0 | Jackpot 0 | Bingo 0 | Fortune 0 | Tax 0
Board [Ks Qc 6s Tc Kd]
Seat 1: 8e5d5ea2 showed [Kh Ac] and won (17,890) with three of a kind, Kings
Seat 2: 44e09469 folded before Flop
Seat 3: a51461a4 folded before Flop
Seat 4: bfa4037d folded before Flop
Seat 5: 15c9a733 (button) folded before Flop
Seat 6: 53184d8c (small blind) showed [Ah Qs] and lost with two pair, Kings and Queens
Seat 7: Hero (big blind) folded before Flop
Seat 8: 4ce1939d folded before Flop


Poker Hand #TM5614412445: Tournament #264779532, APL Series: ¥110 Zodiac Bounty + Rat Hold'em No Limit - Level12(350/700(85)) - 2026/02/21 17:37:28
Table '35' 8-max Seat #3 is the button
Seat 1: 8e5d5ea2 (8,425 in chips)
Seat 2: 44e09469 (47,764 in chips)
Seat 3: a51461a4 (65,544 in chips)
Seat 5: 15c9a733 (45,991 in chips)
Seat 6: 53184d8c (12,474 in chips)
Seat 7: Hero (27,374 in chips)
Seat 8: 4ce1939d (28,243 in chips)
4ce1939d: posts the ante 85
Hero: posts the ante 85
a51461a4: posts the ante 85
8e5d5ea2: posts the ante 85
53184d8c: posts the ante 85
15c9a733: posts the ante 85
44e09469: posts the ante 85
15c9a733: posts small blind 350
53184d8c: posts big blind 700
*** HOLE CARDS ***
Dealt to 8e5d5ea2 
Dealt to 44e09469 
Dealt to a51461a4 
Dealt to 15c9a733 
Dealt to 53184d8c 
Dealt to Hero [6d Jd]
Dealt to 4ce1939d 
Hero: folds
4ce1939d: folds
8e5d5ea2: folds
44e09469: raises 700 to 1,400
a51461a4: folds
15c9a733: folds
53184d8c: calls 700
*** FLOP *** [Kh 6h 7c]
53184d8c: checks
44e09469: bets 1,236
53184d8c: raises 9,753 to 10,989 and is all-in
44e09469: calls 9,753
53184d8c: shows [9h Kc] (a pair of Kings)
44e09469: shows [Qh Jh] (King high)
*** TURN *** [Kh 6h 7c] [2c]
*** RIVER *** [Kh 6h 7c 2c] [Qs]
*** SHOWDOWN ***
53184d8c collected 25,723 from pot
*** SUMMARY ***
Total pot 25,723 | Rake 0 | Jackpot 0 | Bingo 0 | Fortune 0 | Tax 0
Board [Kh 6h 7c 2c Qs]
Seat 1: 8e5d5ea2 folded before Flop
Seat 2: 44e09469 showed [Qh Jh] and lost with a pair of Queens
Seat 3: a51461a4 (button) folded before Flop
Seat 5: 15c9a733 (small blind) folded before Flop
Seat 6: 53184d8c (big blind) showed [9h Kc] and won (25,723) with a pair of Kings
Seat 7: Hero folded before Flop
Seat 8: 4ce1939d folded before Flop


Poker Hand #TM5614412420: Tournament #264779532, APL Series: ¥110 Zodiac Bounty + Rat Hold'em No Limit - Level11(300/600(75)) - 2026/02/21 17:34:33
Table '35' 8-max Seat #2 is the button
Seat 1: 8e5d5ea2 (8,500 in chips)
Seat 2: 44e09469 (47,839 in chips)
Seat 3: a51461a4 (49,862 in chips)
Seat 4: ddf79516 (15,232 in chips)
Seat 5: 15c9a733 (46,066 in chips)
Seat 6: 53184d8c (12,549 in chips)
Seat 7: Hero (27,449 in chips)
Seat 8: 4ce1939d (28,318 in chips)
4ce1939d: posts the ante 75
Hero: posts the ante 75
ddf79516: posts the ante 75
8e5d5ea2: posts the ante 75
a51461a4: posts the ante 75
53184d8c: posts the ante 75
15c9a733: posts the ante 75
44e09469: posts the ante 75
a51461a4: posts small blind 300
ddf79516: posts big blind 600
*** HOLE CARDS ***
Dealt to 8e5d5ea2 
Dealt to 44e09469 
Dealt to a51461a4 
Dealt to ddf79516 
Dealt to 15c9a733 
Dealt to 53184d8c 
Dealt to Hero [5c Js]
Dealt to 4ce1939d 
15c9a733: folds
53184d8c: folds
Hero: folds
4ce1939d: folds
8e5d5ea2: folds
44e09469: folds
a51461a4: raises 600 to 1,200
ddf79516: calls 600
*** FLOP *** [Qs 6h 3s]
a51461a4: bets 1,140
ddf79516: calls 1,140
*** TURN *** [Qs 6h 3s] [Ts]
a51461a4: checks
ddf79516: checks
*** RIVER *** [Qs 6h 3s Ts] [9c]
a51461a4: bets 2,520
ddf79516: raises 10,297 to 12,817 and is all-in
a51461a4: calls 10,297
ddf79516: shows [6c 9s] (two pair, Nines and Sixes)
a51461a4: shows [8c Jh] (a straight, Queen to Eight)
*** SHOWDOWN ***
a51461a4 collected 30,914 from pot
*** SUMMARY ***
Total pot 30,914 | Rake 0 | Jackpot 0 | Bingo 0 | Fortune 0 | Tax 0
Board [Qs 6h 3s Ts 9c]
Seat 1: 8e5d5ea2 folded before Flop
Seat 2: 44e09469 (button) folded before Flop
Seat 3: a51461a4 (small blind) showed [8c Jh] and won (30,914) with a straight, Queen to Eight
Seat 4: ddf79516 (big blind) showed [6c 9s] and lost with two pair, Nines and Sixes
Seat 5: 15c9a733 folded before Flop
Seat 6: 53184d8c folded before Flop
Seat 7: Hero folded before Flop
Seat 8: 4ce1939d folded before Flop


Poker Hand #TM5614412406: Tournament #264779532, APL Series: ¥110 Zodiac Bounty + Rat Hold'em No Limit - Level11(300/600(75)) - 2026/02/21 17:33:30
Table '35' 8-max Seat #1 is the button
Seat 1: 8e5d5ea2 (8,575 in chips)
Seat 2: 44e09469 (48,214 in chips)
Seat 3: a51461a4 (46,847 in chips)
Seat 5: 15c9a733 (46,141 in chips)
Seat 6: 53184d8c (12,624 in chips)
Seat 7: Hero (29,789 in chips)
Seat 8: 4ce1939d (28,393 in chips)
4ce1939d: posts the ante 75
Hero: posts the ante 75
8e5d5ea2: posts the ante 75
a51461a4: posts the ante 75
53184d8c: posts the ante 75
15c9a733: posts the ante 75
44e09469: posts the ante 75
44e09469: posts small blind 300
a51461a4: posts big blind 600
*** HOLE CARDS ***
Dealt to 8e5d5ea2 
Dealt to 44e09469 
Dealt to a51461a4 
Dealt to 15c9a733 
Dealt to 53184d8c 
Dealt to Hero [Ah Th]
Dealt to 4ce1939d 
15c9a733: folds
53184d8c: folds
Hero: raises 600 to 1,200
4ce1939d: folds
8e5d5ea2: folds
44e09469: folds
a51461a4: calls 600
*** FLOP *** [9c Ks Js]
a51461a4: checks
Hero: bets 1,065
a51461a4: calls 1,065
*** TURN *** [9c Ks Js] [Jd]
a51461a4: checks
Hero: checks
*** RIVER *** [9c Ks Js Jd] [3s]
a51461a4: checks
Hero: checks
a51461a4: shows [8c 9s] (two pair, Jacks and Nines)
Hero: shows [Ah Th] (a pair of Jacks)
*** SHOWDOWN ***
a51461a4 collected 5,355 from pot
*** SUMMARY ***
Total pot 5,355 | Rake 0 | Jackpot 0 | Bingo 0 | Fortune 0 | Tax 0
Board [9c Ks Js Jd 3s]
Seat 1: 8e5d5ea2 (button) folded before Flop
Seat 2: 44e09469 (small blind) folded before Flop
Seat 3: a51461a4 (big blind) showed [8c 9s] and won (5,355) with two pair, Jacks and Nines
Seat 5: 15c9a733 folded before Flop
Seat 6: 53184d8c folded before Flop
Seat 7: Hero showed [Ah Th] and lost with a pair of Jacks
Seat 8: 4ce1939d folded before Flop


Poker Hand #TM5614412392: Tournament #264779532, APL Series: ¥110 Zodiac Bounty + Rat Hold'em No Limit - Level11(300/600(75)) - 2026/02/21 17:32:01
Table '35' 8-max Seat #8 is the button
Seat 1: 8e5d5ea2 (8,950 in chips)
Seat 2: 44e09469 (44,464 in chips)
Seat 3: a51461a4 (46,922 in chips)
Seat 5: 15c9a733 (49,216 in chips)
Seat 6: 53184d8c (12,699 in chips)
Seat 7: Hero (29,864 in chips)
Seat 8: 4ce1939d (28,468 in chips)
4ce1939d: posts the ante 75
Hero: posts the ante 75
a51461a4: posts the ante 75
8e5d5ea2: posts the ante 75
53184d8c: posts the ante 75
15c9a733: posts the ante 75
44e09469: posts the ante 75
8e5d5ea2: posts small blind 300
44e09469: posts big blind 600
*** HOLE CARDS ***
Dealt to 8e5d5ea2 
Dealt to 44e09469 
Dealt to a51461a4 
Dealt to 15c9a733 
Dealt to 53184d8c 
Dealt to Hero [Td 3h]
Dealt to 4ce1939d 
a51461a4: folds
15c9a733: raises 600 to 1,200
53184d8c: folds
Hero: folds
4ce1939d: folds
8e5d5ea2: folds
44e09469: calls 600
*** FLOP *** [4c 9d 8c]
44e09469: checks
15c9a733: checks
*** TURN *** [4c 9d 8c] [Ad]
44e09469: checks
15c9a733: bets 1,800
44e09469: calls 1,800
*** RIVER *** [4c 9d 8c Ad] [7c]
44e09469: checks
15c9a733: checks
44e09469: shows [2s Ac] (a pair of Aces)
15c9a733: shows [2h 2d] (a pair of Twos)
*** SHOWDOWN ***
44e09469 collected 6,825 from pot
*** SUMMARY ***
Total pot 6,825 | Rake 0 | Jackpot 0 | Bingo 0 | Fortune 0 | Tax 0
Board [4c 9d 8c Ad 7c]
Seat 1: 8e5d5ea2 (small blind) folded before Flop
Seat 2: 44e09469 (big blind) showed [2s Ac] and won (6,825) with a pair of Aces
Seat 3: a51461a4 folded before Flop
Seat 5: 15c9a733 showed [2h 2d] and lost with a pair of Twos
Seat 6: 53184d8c folded before Flop
Seat 7: Hero folded before Flop
Seat 8: 4ce1939d (button) folded before Flop


Poker Hand #TM5614412382: Tournament #264779532, APL Series: ¥110 Zodiac Bounty + Rat Hold'em No Limit - Level11(300/600(75)) - 2026/02/21 17:31:07
Table '35' 8-max Seat #7 is the button
Seat 1: 8e5d5ea2 (9,625 in chips)
Seat 2: 44e09469 (44,539 in chips)
Seat 3: a51461a4 (38,406 in chips)
Seat 4: ea55f763 (7,166 in chips)
Seat 5: 15c9a733 (49,291 in chips)
Seat 6: 53184d8c (12,774 in chips)
Seat 7: Hero (29,939 in chips)
Seat 8: 4ce1939d (28,843 in chips)
4ce1939d: posts the ante 75
Hero: posts the ante 75
a51461a4: posts the ante 75
8e5d5ea2: posts the ante 75
53184d8c: posts the ante 75
ea55f763: posts the ante 75
15c9a733: posts the ante 75
44e09469: posts the ante 75
4ce1939d: posts small blind 300
8e5d5ea2: posts big blind 600
*** HOLE CARDS ***
Dealt to 8e5d5ea2 
Dealt to 44e09469 
Dealt to a51461a4 
Dealt to ea55f763 
Dealt to 15c9a733 
Dealt to 53184d8c 
Dealt to Hero [4d 9d]
Dealt to 4ce1939d 
44e09469: folds
a51461a4: raises 600 to 1,200
ea55f763: raises 5,891 to 7,091 and is all-in
15c9a733: folds
53184d8c: folds
Hero: folds
4ce1939d: folds
8e5d5ea2: folds
a51461a4: calls 5,891
ea55f763: shows [5c 5s]
a51461a4: shows [Kh Ts]
*** FLOP *** [Qc Td 8h]
*** TURN *** [Qc Td 8h] [6d]
*** RIVER *** [Qc Td 8h 6d] [Qs]
*** SHOWDOWN ***
a51461a4 collected 15,682 from pot
*** SUMMARY ***
Total pot 15,682 | Rake 0 | Jackpot 0 | Bingo 0 | Fortune 0 | Tax 0
Board [Qc Td 8h 6d Qs]
Seat 1: 8e5d5ea2 (big blind) folded before Flop
Seat 2: 44e09469 folded before Flop
Seat 3: a51461a4 showed [Kh Ts] and won (15,682) with two pair, Queens and Tens
Seat 4: ea55f763 showed [5c 5s] and lost with two pair, Queens and Fives
Seat 5: 15c9a733 folded before Flop
Seat 6: 53184d8c folded before Flop
Seat 7: Hero (button) folded before Flop
Seat 8: 4ce1939d (small blind) folded before Flop


Poker Hand #TM5614412365: Tournament #264779532, APL Series: ¥110 Zodiac Bounty + Rat Hold'em No Limit - Level11(300/600(75)) - 2026/02/21 17:29:29
Table '35' 8-max Seat #6 is the button
Seat 1: 8e5d5ea2 (9,700 in chips)
Seat 2: 44e09469 (27,966 in chips)
Seat 3: a51461a4 (38,481 in chips)
Seat 4: ea55f763 (7,241 in chips)
Seat 5: 15c9a733 (50,566 in chips)
Seat 6: 53184d8c (12,849 in chips)
Seat 7: Hero (30,314 in chips)
Seat 8: 4ce1939d (43,466 in chips)
4ce1939d: posts the ante 75
Hero: posts the ante 75
a51461a4: posts the ante 75
8e5d5ea2: posts the ante 75
53184d8c: posts the ante 75
ea55f763: posts the ante 75
15c9a733: posts the ante 75
44e09469: posts the ante 75
Hero: posts small blind 300
4ce1939d: posts big blind 600
*** HOLE CARDS ***
Dealt to 8e5d5ea2 
Dealt to 44e09469 
Dealt to a51461a4 
Dealt to ea55f763 
Dealt to 15c9a733 
Dealt to 53184d8c 
Dealt to Hero [Tc 2h]
Dealt to 4ce1939d 
8e5d5ea2: folds
44e09469: raises 600 to 1,200
a51461a4: folds
ea55f763: folds
15c9a733: calls 1,200
53184d8c: folds
Hero: folds
4ce1939d: calls 600
*** FLOP *** [Qc 5d Ad]
4ce1939d: checks
44e09469: bets 1,485
15c9a733: folds
4ce1939d: raises 2,988 to 4,473
44e09469: calls 2,988
*** TURN *** [Qc 5d Ad] [5h]
4ce1939d: bets 8,875
44e09469: calls 8,875
*** RIVER *** [Qc 5d Ad 5h] [4s]
4ce1939d: checks
44e09469: checks
4ce1939d: shows [Td Qd] (two pair, Queens and Fives)
44e09469: shows [Ah 8h] (two pair, Aces and Fives)
*** SHOWDOWN ***
44e09469 collected 31,196 from pot
*** SUMMARY ***
Total pot 31,196 | Rake 0 | Jackpot 0 | Bingo 0 | Fortune 0 | Tax 0
Board [Qc 5d Ad 5h 4s]
Seat 1: 8e5d5ea2 folded before Flop
Seat 2: 44e09469 showed [Ah 8h] and won (31,196) with two pair, Aces and Fives
Seat 3: a51461a4 folded before Flop
Seat 4: ea55f763 folded before Flop
Seat 5: 15c9a733 folded on the Flop
Seat 6: 53184d8c (button) folded before Flop
Seat 7: Hero (small blind) folded before Flop
Seat 8: 4ce1939d (big blind) showed [Td Qd] and lost with two pair, Queens and Fives


Poker Hand #TM5614412356: Tournament #264779532, APL Series: ¥110 Zodiac Bounty + Rat Hold'em No Limit - Level11(300/600(75)) - 2026/02/21 17:28:45
Table '35' 8-max Seat #5 is the button
Seat 1: 8e5d5ea2 (9,775 in chips)
Seat 2: 44e09469 (24,852 in chips)
Seat 3: a51461a4 (38,556 in chips)
Seat 4: ea55f763 (7,316 in chips)
Seat 5: 15c9a733 (50,641 in chips)
Seat 6: 53184d8c (13,224 in chips)
Seat 7: Hero (32,678 in chips)
Seat 8: 4ce1939d (43,541 in chips)
4ce1939d: posts the ante 75
Hero: posts the ante 75
a51461a4: posts the ante 75
8e5d5ea2: posts the ante 75
ea55f763: posts the ante 75
53184d8c: posts the ante 75
15c9a733: posts the ante 75
44e09469: posts the ante 75
53184d8c: posts small blind 300
Hero: posts big blind 600
*** HOLE CARDS ***
Dealt to 8e5d5ea2 
Dealt to 44e09469 
Dealt to a51461a4 
Dealt to ea55f763 
Dealt to 15c9a733 
Dealt to 53184d8c 
Dealt to Hero [5h 2c]
Dealt to 4ce1939d 
4ce1939d: folds
8e5d5ea2: folds
44e09469: raises 600 to 1,200
a51461a4: folds
ea55f763: folds
15c9a733: folds
53184d8c: folds
Hero: calls 600
*** FLOP *** [Jc 2d 8d]
Hero: checks
44e09469: bets 1,089
Hero: calls 1,089
*** TURN *** [Jc 2d 8d] [Kh]
Hero: checks
44e09469: bets 3,300
Hero: folds
Uncalled bet (3,300) returned to 44e09469
*** SHOWDOWN ***
44e09469 collected 5,478 from pot
*** SUMMARY ***
Total pot 5,478 | Rake 0 | Jackpot 0 | Bingo 0 | Fortune 0 | Tax 0
Board [Jc 2d 8d Kh]
Seat 1: 8e5d5ea2 folded before Flop
Seat 2: 44e09469 won (5,478)
Seat 3: a51461a4 folded before Flop
Seat 4: ea55f763 folded before Flop
Seat 5: 15c9a733 (button) folded before Flop
Seat 6: 53184d8c (small blind) folded before Flop
Seat 7: Hero (big blind) folded on the Turn
Seat 8: 4ce1939d folded before Flop


Poker Hand #TM5614412344: Tournament #264779532, APL Series: ¥110 Zodiac Bounty + Rat Hold'em No Limit - Level11(300/600(75)) - 2026/02/21 17:27:50
Table '35' 8-max Seat #4 is the button
Seat 1: 8e5d5ea2 (9,850 in chips)
Seat 2: 44e09469 (24,927 in chips)
Seat 3: a51461a4 (38,631 in chips)
Seat 4: ea55f763 (8,591 in chips)
Seat 5: 15c9a733 (51,016 in chips)
Seat 6: 53184d8c (15,984 in chips)
Seat 7: Hero (27,968 in chips)
Seat 8: 4ce1939d (43,616 in chips)
4ce1939d: posts the ante 75
Hero: posts the ante 75
a51461a4: posts the ante 75
8e5d5ea2: posts the ante 75
ea55f763: posts the ante 75
53184d8c: posts the ante 75
15c9a733: posts the ante 75
44e09469: posts the ante 75
15c9a733: posts small blind 300
53184d8c: posts big blind 600
*** HOLE CARDS ***
Dealt to 8e5d5ea2 
Dealt to 44e09469 
Dealt to a51461a4 
Dealt to ea55f763 
Dealt to 15c9a733 
Dealt to 53184d8c 
Dealt to Hero [Ad As]
Dealt to 4ce1939d 
Hero: raises 600 to 1,200
4ce1939d: folds
8e5d5ea2: folds
44e09469: folds
a51461a4: folds
ea55f763: calls 1,200
15c9a733: folds
53184d8c: calls 600
*** FLOP *** [4s 8d 2s]
53184d8c: checks
Hero: bets 1,485
ea55f763: folds
53184d8c: calls 1,485
*** TURN *** [4s 8d 2s] [Ah]
53184d8c: checks
Hero: checks
*** RIVER *** [4s 8d 2s Ah] [6d]
53184d8c: checks
Hero: bets 4,335
53184d8c: folds
Uncalled bet (4,335) returned to Hero
*** SHOWDOWN ***
Hero collected 7,470 from pot
*** SUMMARY ***
Total pot 7,470 | Rake 0 | Jackpot 0 | Bingo 0 | Fortune 0 | Tax 0
Board [4s 8d 2s Ah 6d]
Seat 1: 8e5d5ea2 folded before Flop
Seat 2: 44e09469 folded before Flop
Seat 3: a51461a4 folded before Flop
Seat 4: ea55f763 (button) folded on the Flop
Seat 5: 15c9a733 (small blind) folded before Flop
Seat 6: 53184d8c (big blind) folded on the River
Seat 7: Hero won (7,470)
Seat 8: 4ce1939d folded before Flop


Poker Hand #TM5614412332: Tournament #264779532, APL Series: ¥110 Zodiac Bounty + Rat Hold'em No Limit - Level11(300/600(75)) - 2026/02/21 17:26:36
Table '35' 8-max Seat #3 is the button
Seat 1: 8e5d5ea2 (9,925 in chips)
Seat 2: 44e09469 (26,202 in chips)
Seat 3: a51461a4 (34,806 in chips)
Seat 4: ea55f763 (8,966 in chips)
Seat 5: 15c9a733 (51,691 in chips)
Seat 6: 53184d8c (17,259 in chips)
Seat 7: Hero (28,043 in chips)
Seat 8: 4ce1939d (43,691 in chips)
4ce1939d: posts the ante 75
Hero: posts the ante 75
a51461a4: posts the ante 75
8e5d5ea2: posts the ante 75
53184d8c: posts the ante 75
ea55f763: posts the ante 75
15c9a733: posts the ante 75
44e09469: posts the ante 75
ea55f763: posts small blind 300
15c9a733: posts big blind 600
*** HOLE CARDS ***
Dealt to 8e5d5ea2 
Dealt to 44e09469 
Dealt to a51461a4 
Dealt to ea55f763 
Dealt to 15c9a733 
Dealt to 53184d8c 
Dealt to Hero [Jc 2h]
Dealt to 4ce1939d 
53184d8c: raises 600 to 1,200
Hero: folds
4ce1939d: folds
8e5d5ea2: folds
44e09469: calls 1,200
a51461a4: raises 3,720 to 4,920
ea55f763: folds
15c9a733: folds
53184d8c: folds
44e09469: folds
Uncalled bet (3,720) returned to a51461a4
*** SHOWDOWN ***
a51461a4 collected 5,100 from pot
*** SUMMARY ***
Total pot 5,100 | Rake 0 | Jackpot 0 | Bingo 0 | Fortune 0 | Tax 0
Seat 1: 8e5d5ea2 folded before Flop
Seat 2: 44e09469 folded before Flop
Seat 3: a51461a4 (button) collected (5,100)
Seat 4: ea55f763 (small blind) folded before Flop
Seat 5: 15c9a733 (big blind) folded before Flop
Seat 6: 53184d8c folded before Flop
Seat 7: Hero folded before Flop
Seat 8: 4ce1939d folded before Flop


Poker Hand #TM5614412324: Tournament #264779532, APL Series: ¥110 Zodiac Bounty + Rat Hold'em No Limit - Level11(300/600(75)) - 2026/02/21 17:25:45
Table '35' 8-max Seat #2 is the button
Seat 1: 8e5d5ea2 (10,000 in chips)
Seat 2: 44e09469 (27,477 in chips)
Seat 3: a51461a4 (32,481 in chips)
Seat 4: ea55f763 (9,641 in chips)
Seat 5: 15c9a733 (51,766 in chips)
Seat 6: 53184d8c (17,334 in chips)
Seat 7: Hero (28,118 in chips)
Seat 8: 4ce1939d (43,766 in chips)
4ce1939d: posts the ante 75
Hero: posts the ante 75
8e5d5ea2: posts the ante 75
a51461a4: posts the ante 75
53184d8c: posts the ante 75
ea55f763: posts the ante 75
15c9a733: posts the ante 75
44e09469: posts the ante 75
a51461a4: posts small blind 300
ea55f763: posts big blind 600
*** HOLE CARDS ***
Dealt to 8e5d5ea2 
Dealt to 44e09469 
Dealt to a51461a4 
Dealt to ea55f763 
Dealt to 15c9a733 
Dealt to 53184d8c 
Dealt to Hero [7c Td]
Dealt to 4ce1939d 
15c9a733: folds
53184d8c: folds
Hero: folds
4ce1939d: folds
8e5d5ea2: folds
44e09469: raises 600 to 1,200
a51461a4: raises 2,520 to 3,720
ea55f763: folds
44e09469: folds
Uncalled bet (2,520) returned to a51461a4
*** SHOWDOWN ***
a51461a4 collected 3,600 from pot
*** SUMMARY ***
Total pot 3,600 | Rake 0 | Jackpot 0 | Bingo 0 | Fortune 0 | Tax 0
Seat 1: 8e5d5ea2 folded before Flop
Seat 2: 44e09469 (button) folded before Flop
Seat 3: a51461a4 (small blind) collected (3,600)
Seat 4: ea55f763 (big blind) folded before Flop
Seat 5: 15c9a733 folded before Flop
Seat 6: 53184d8c folded before Flop
Seat 7: Hero folded before Flop
Seat 8: 4ce1939d folded before Flop


Poker Hand #TM5614412314: Tournament #264779532, APL Series: ¥110 Zodiac Bounty + Rat Hold'em No Limit - Level11(300/600(75)) - 2026/02/21 17:24:48
Table '35' 8-max Seat #1 is the button
Seat 1: d6eafd (8,890 in chips)
Seat 2: 44e09469 (16,412 in chips)
Seat 3: a51461a4 (33,156 in chips)
Seat 5: 15c9a733 (51,841 in chips)
Seat 6: 53184d8c (17,409 in chips)
Seat 7: Hero (28,193 in chips)
Seat 8: 4ce1939d (45,041 in chips)
4ce1939d: posts the ante 75
Hero: posts the ante 75
d6eafd: posts the ante 75
a51461a4: posts the ante 75
53184d8c: posts the ante 75
15c9a733: posts the ante 75
44e09469: posts the ante 75
44e09469: posts small blind 300
a51461a4: posts big blind 600
*** HOLE CARDS ***
Dealt to d6eafd 
Dealt to 44e09469 
Dealt to a51461a4 
Dealt to 15c9a733 
Dealt to 53184d8c 
Dealt to Hero [Td Jc]
Dealt to 4ce1939d 
15c9a733: folds
53184d8c: folds
Hero: folds
4ce1939d: raises 600 to 1,200
d6eafd: raises 7,615 to 8,815 and is all-in
44e09469: raises 7,522 to 16,337 and is all-in
a51461a4: folds
4ce1939d: folds
Uncalled bet (7,522) returned to 44e09469
44e09469: shows [Qd As]
d6eafd: shows [Kh Jd]
*** FLOP *** [Qc 4h 8s]
*** TURN *** [Qc 4h 8s] [2s]
*** RIVER *** [Qc 4h 8s 2s] [Qh]
*** SHOWDOWN ***
44e09469 collected 19,955 from pot
*** SUMMARY ***
Total pot 19,955 | Rake 0 | Jackpot 0 | Bingo 0 | Fortune 0 | Tax 0
Board [Qc 4h 8s 2s Qh]
Seat 1: d6eafd (button) showed [Kh Jd] and lost with a pair of Queens
Seat 2: 44e09469 (small blind) showed [Qd As] and won (19,955) with three of a kind, Queens
Seat 3: a51461a4 (big blind) folded before Flop
Seat 5: 15c9a733 folded before Flop
Seat 6: 53184d8c folded before Flop
Seat 7: Hero folded before Flop
Seat 8: 4ce1939d folded before Flop


Poker Hand #TM5614412307: Tournament #264779532, APL Series: ¥110 Zodiac Bounty + Rat Hold'em No Limit - Level10(250/500(60)) - 2026/02/21 17:24:03
Table '35' 8-max Seat #8 is the button
Seat 1: d6eafd (9,200 in chips)
Seat 2: 44e09469 (16,972 in chips)
Seat 3: a51461a4 (33,216 in chips)
Seat 4: 8492e0c6 (4,780 in chips)
Seat 5: 15c9a733 (45,951 in chips)
Seat 6: 53184d8c (17,469 in chips)
Seat 7: Hero (28,253 in chips)
Seat 8: 4ce1939d (45,101 in chips)
4ce1939d: posts the ante 60
Hero: posts the ante 60
8492e0c6: posts the ante 60
d6eafd: posts the ante 60
a51461a4: posts the ante 60
53184d8c: posts the ante 60
15c9a733: posts the ante 60
44e09469: posts the ante 60
d6eafd: posts small blind 250
44e09469: posts big blind 500
*** HOLE CARDS ***
Dealt to d6eafd 
Dealt to 44e09469 
Dealt to a51461a4 
Dealt to 8492e0c6 
Dealt to 15c9a733 
Dealt to 53184d8c 
Dealt to Hero [6h 7s]
Dealt to 4ce1939d 
a51461a4: folds
8492e0c6: raises 4,220 to 4,720 and is all-in
15c9a733: raises 4,220 to 8,940
53184d8c: folds
Hero: folds
4ce1939d: folds
d6eafd: folds
44e09469: folds
Uncalled bet (4,220) returned to 15c9a733
15c9a733: shows [Td Ac]
8492e0c6: shows [Kh Js]
*** FLOP *** [3c 9h As]
*** TURN *** [3c 9h As] [8h]
*** RIVER *** [3c 9h As 8h] [7d]
*** SHOWDOWN ***
15c9a733 collected 10,670 from pot
*** SUMMARY ***
Total pot 10,670 | Rake 0 | Jackpot 0 | Bingo 0 | Fortune 0 | Tax 0
Board [3c 9h As 8h 7d]
Seat 1: d6eafd (small blind) folded before Flop
Seat 2: 44e09469 (big blind) folded before Flop
Seat 3: a51461a4 folded before Flop
Seat 4: 8492e0c6 showed [Kh Js] and lost with Ace high
Seat 5: 15c9a733 showed [Td Ac] and won (10,670) with a pair of Aces
Seat 6: 53184d8c folded before Flop
Seat 7: Hero folded before Flop
Seat 8: 4ce1939d (button) folded before Flop


Poker Hand #TM5614412298: Tournament #264779532, APL Series: ¥110 Zodiac Bounty + Rat Hold'em No Limit - Level10(250/500(60)) - 2026/02/21 17:23:14
Table '35' 8-max Seat #7 is the button
Seat 1: d6eafd (9,760 in chips)
Seat 2: 44e09469 (17,032 in chips)
Seat 3: a51461a4 (33,276 in chips)
Seat 4: 8492e0c6 (1,835 in chips)
Seat 5: 15c9a733 (47,786 in chips)
Seat 6: 53184d8c (17,529 in chips)
Seat 7: Hero (28,313 in chips)
Seat 8: 4ce1939d (45,411 in chips)
4ce1939d: posts the ante 60
Hero: posts the ante 60
8492e0c6: posts the ante 60
d6eafd: posts the ante 60
a51461a4: posts the ante 60
53184d8c: posts the ante 60
15c9a733: posts the ante 60
44e09469: posts the ante 60
4ce1939d: posts small blind 250
d6eafd: posts big blind 500
*** HOLE CARDS ***
Dealt to d6eafd 
Dealt to 44e09469 
Dealt to a51461a4 
Dealt to 8492e0c6 
Dealt to 15c9a733 
Dealt to 53184d8c 
Dealt to Hero [6h 8c]
Dealt to 4ce1939d 
44e09469: folds
a51461a4: folds
8492e0c6: raises 1,275 to 1,775 and is all-in
15c9a733: raises 3,725 to 5,500
53184d8c: folds
Hero: folds
4ce1939d: folds
d6eafd: folds
Uncalled bet (3,725) returned to 15c9a733
15c9a733: shows [Ad Th]
8492e0c6: shows [Jd Qh]
*** FLOP *** [Kc As Td]
*** TURN *** [Kc As Td] [5d]
*** RIVER *** [Kc As Td 5d] [6s]
*** SHOWDOWN ***
8492e0c6 collected 4,780 from pot
*** SUMMARY ***
Total pot 4,780 | Rake 0 | Jackpot 0 | Bingo 0 | Fortune 0 | Tax 0
Board [Kc As Td 5d 6s]
Seat 1: d6eafd (big blind) folded before Flop
Seat 2: 44e09469 folded before Flop
Seat 3: a51461a4 folded before Flop
Seat 4: 8492e0c6 showed [Jd Qh] and won (4,780) with a straight, Ace to Ten
Seat 5: 15c9a733 showed [Ad Th] and lost with two pair, Aces and Tens
Seat 6: 53184d8c folded before Flop
Seat 7: Hero (button) folded before Flop
Seat 8: 4ce1939d (small blind) folded before Flop


Poker Hand #TM5614412292: Tournament #264779532, APL Series: ¥110 Zodiac Bounty + Rat Hold'em No Limit - Level10(250/500(60)) - 2026/02/21 17:22:19
Table '35' 8-max Seat #6 is the button
Seat 1: d6eafd (9,820 in chips)
Seat 2: 44e09469 (13,862 in chips)
Seat 3: a51461a4 (33,336 in chips)
Seat 4: 8492e0c6 (1,895 in chips)
Seat 5: 15c9a733 (48,846 in chips)
Seat 6: 53184d8c (18,589 in chips)
Seat 7: Hero (28,623 in chips)
Seat 8: 4ce1939d (45,971 in chips)
4ce1939d: posts the ante 60
8492e0c6: posts the ante 60
Hero: posts the ante 60
d6eafd: posts the ante 60
a51461a4: posts the ante 60
53184d8c: posts the ante 60
15c9a733: posts the ante 60
44e09469: posts the ante 60
Hero: posts small blind 250
4ce1939d: posts big blind 500
*** HOLE CARDS ***
Dealt to d6eafd 
Dealt to 44e09469 
Dealt to a51461a4 
Dealt to 8492e0c6 
Dealt to 15c9a733 
Dealt to 53184d8c 
Dealt to Hero [Kc 6s]
Dealt to 4ce1939d 
d6eafd: folds
44e09469: raises 500 to 1,000
a51461a4: folds
8492e0c6: folds
15c9a733: calls 1,000
53184d8c: calls 1,000
Hero: folds
4ce1939d: folds
*** FLOP *** [9d 4h 4c]
44e09469: bets 1,058
15c9a733: folds
53184d8c: folds
Uncalled bet (1,058) returned to 44e09469
*** SHOWDOWN ***
44e09469 collected 4,230 from pot
*** SUMMARY ***
Total pot 4,230 | Rake 0 | Jackpot 0 | Bingo 0 | Fortune 0 | Tax 0
Board [9d 4h 4c]
Seat 1: d6eafd folded before Flop
Seat 2: 44e09469 won (4,230)
Seat 3: a51461a4 folded before Flop
Seat 4: 8492e0c6 folded before Flop
Seat 5: 15c9a733 folded on the Flop
Seat 6: 53184d8c (button) folded on the Flop
Seat 7: Hero (small blind) folded before Flop
Seat 8: 4ce1939d (big blind) folded before Flop


Poker Hand #TM5614412287: Tournament #264779532, APL Series: ¥110 Zodiac Bounty + Rat Hold'em No Limit - Level10(250/500(60)) - 2026/02/21 17:21:55
Table '35' 8-max Seat #5 is the button
Seat 1: d6eafd (9,880 in chips)
Seat 2: 44e09469 (13,922 in chips)
Seat 3: a51461a4 (33,396 in chips)
Seat 4: 8492e0c6 (1,955 in chips)
Seat 5: 15c9a733 (48,906 in chips)
Seat 6: 53184d8c (18,899 in chips)
Seat 7: Hero (27,953 in chips)
Seat 8: 4ce1939d (46,031 in chips)
4ce1939d: posts the ante 60
8492e0c6: posts the ante 60
Hero: posts the ante 60
d6eafd: posts the ante 60
a51461a4: posts the ante 60
53184d8c: posts the ante 60
15c9a733: posts the ante 60
44e09469: posts the ante 60
53184d8c: posts small blind 250
Hero: posts big blind 500
*** HOLE CARDS ***
Dealt to d6eafd 
Dealt to 44e09469 
Dealt to a51461a4 
Dealt to 8492e0c6 
Dealt to 15c9a733 
Dealt to 53184d8c 
Dealt to Hero [2d 2s]
Dealt to 4ce1939d 
4ce1939d: folds
d6eafd: folds
44e09469: folds
a51461a4: folds
8492e0c6: folds
15c9a733: folds
53184d8c: folds
Uncalled bet (250) returned to Hero
*** SHOWDOWN ***
Hero collected 980 from pot
*** SUMMARY ***
Total pot 980 | Rake 0 | Jackpot 0 | Bingo 0 | Fortune 0 | Tax 0
Seat 1: d6eafd folded before Flop
Seat 2: 44e09469 folded before Flop
Seat 3: a51461a4 folded before Flop
Seat 4: 8492e0c6 folded before Flop
Seat 5: 15c9a733 (button) folded before Flop
Seat 6: 53184d8c (small blind) folded before Flop
Seat 7: Hero (big blind) collected (980)
Seat 8: 4ce1939d folded before Flop


Poker Hand #TM5614412280: Tournament #264779532, APL Series: ¥110 Zodiac Bounty + Rat Hold'em No Limit - Level10(250/500(60)) - 2026/02/21 17:21:14
Table '35' 8-max Seat #4 is the button
Seat 1: d6eafd (9,940 in chips)
Seat 2: 44e09469 (14,982 in chips)
Seat 3: a51461a4 (33,456 in chips)
Seat 4: 8492e0c6 (2,015 in chips)
Seat 5: 15c9a733 (46,986 in chips)
Seat 6: 53184d8c (19,459 in chips)
Seat 7: Hero (28,013 in chips)
Seat 8: 4ce1939d (46,091 in chips)
4ce1939d: posts the ante 60
8492e0c6: posts the ante 60
Hero: posts the ante 60
d6eafd: posts the ante 60
a51461a4: posts the ante 60
53184d8c: posts the ante 60
15c9a733: posts the ante 60
44e09469: posts the ante 60
15c9a733: posts small blind 250
53184d8c: posts big blind 500
*** HOLE CARDS ***
Dealt to d6eafd 
Dealt to 44e09469 
Dealt to a51461a4 
Dealt to 8492e0c6 
Dealt to 15c9a733 
Dealt to 53184d8c 
Dealt to Hero [Jc 7d]
Dealt to 4ce1939d 
Hero: folds
4ce1939d: folds
d6eafd: folds
44e09469: raises 500 to 1,000
a51461a4: folds
8492e0c6: folds
15c9a733: raises 2,500 to 3,500
53184d8c: folds
44e09469: folds
Uncalled bet (2,500) returned to 15c9a733
*** SHOWDOWN ***
15c9a733 collected 2,980 from pot
*** SUMMARY ***
Total pot 2,980 | Rake 0 | Jackpot 0 | Bingo 0 | Fortune 0 | Tax 0
Seat 1: d6eafd folded before Flop
Seat 2: 44e09469 folded before Flop
Seat 3: a51461a4 folded before Flop
Seat 4: 8492e0c6 (button) folded before Flop
Seat 5: 15c9a733 (small blind) collected (2,980)
Seat 6: 53184d8c (big blind) folded before Flop
Seat 7: Hero folded before Flop
Seat 8: 4ce1939d folded before Flop


Poker Hand #TM5614412272: Tournament #264779532, APL Series: ¥110 Zodiac Bounty + Rat Hold'em No Limit - Level10(250/500(60)) - 2026/02/21 17:20:17
Table '35' 8-max Seat #3 is the button
Seat 1: d6eafd (10,000 in chips)
Seat 2: 44e09469 (13,312 in chips)
Seat 3: a51461a4 (33,516 in chips)
Seat 4: 8492e0c6 (2,325 in chips)
Seat 5: 15c9a733 (48,046 in chips)
Seat 6: 53184d8c (19,519 in chips)
Seat 7: Hero (28,073 in chips)
Seat 8: 4ce1939d (46,151 in chips)
4ce1939d: posts the ante 60
Hero: posts the ante 60
8492e0c6: posts the ante 60
d6eafd: posts the ante 60
a51461a4: posts the ante 60
53184d8c: posts the ante 60
15c9a733: posts the ante 60
44e09469: posts the ante 60
8492e0c6: posts small blind 250
15c9a733: posts big blind 500
*** HOLE CARDS ***
Dealt to d6eafd 
Dealt to 44e09469 
Dealt to a51461a4 
Dealt to 8492e0c6 
Dealt to 15c9a733 
Dealt to 53184d8c 
Dealt to Hero [Js 3c]
Dealt to 4ce1939d 
53184d8c: folds
Hero: folds
4ce1939d: folds
d6eafd: folds
44e09469: raises 500 to 1,000
a51461a4: folds
8492e0c6: folds
15c9a733: calls 500
*** FLOP *** [6h Kd Tc]
15c9a733: checks
44e09469: bets 901
15c9a733: folds
Uncalled bet (901) returned to 44e09469
*** SHOWDOWN ***
44e09469 collected 2,730 from pot
*** SUMMARY ***
Total pot 2,730 | Rake 0 | Jackpot 0 | Bingo 0 | Fortune 0 | Tax 0
Board [6h Kd Tc]
Seat 1: d6eafd folded before Flop
Seat 2: 44e09469 won (2,730)
Seat 3: a51461a4 (button) folded before Flop
Seat 4: 8492e0c6 (small blind) folded before Flop
Seat 5: 15c9a733 (big blind) folded on the Flop
Seat 6: 53184d8c folded before Flop
Seat 7: Hero folded before Flop
Seat 8: 4ce1939d folded before Flop


Poker Hand #TM5614412269: Tournament #264779532, APL Series: ¥110 Zodiac Bounty + Rat Hold'em No Limit - Level10(250/500(60)) - 2026/02/21 17:19:33
Table '35' 8-max Seat #2 is the button
Seat 2: 44e09469 (13,372 in chips)
Seat 3: a51461a4 (33,826 in chips)
Seat 4: 8492e0c6 (3,385 in chips)
Seat 5: 15c9a733 (48,106 in chips)
Seat 6: 53184d8c (17,909 in chips)
Seat 7: Hero (28,133 in chips)
Seat 8: 4ce1939d (46,211 in chips)
4ce1939d: posts the ante 60
Hero: posts the ante 60
8492e0c6: posts the ante 60
a51461a4: posts the ante 60
53184d8c: posts the ante 60
15c9a733: posts the ante 60
44e09469: posts the ante 60
a51461a4: posts small blind 250
8492e0c6: posts big blind 500
*** HOLE CARDS ***
Dealt to 44e09469 
Dealt to a51461a4 
Dealt to 8492e0c6 
Dealt to 15c9a733 
Dealt to 53184d8c 
Dealt to Hero [2s 6d]
Dealt to 4ce1939d 
15c9a733: folds
53184d8c: raises 500 to 1,000
Hero: folds
4ce1939d: folds
44e09469: folds
a51461a4: folds
8492e0c6: calls 500
*** FLOP *** [Kh Qd 6c]
8492e0c6: checks
53184d8c: bets 882
8492e0c6: folds
Uncalled bet (882) returned to 53184d8c
*** SHOWDOWN ***
53184d8c collected 2,670 from pot
*** SUMMARY ***
Total pot 2,670 | Rake 0 | Jackpot 0 | Bingo 0 | Fortune 0 | Tax 0
Board [Kh Qd 6c]
Seat 2: 44e09469 (button) folded before Flop
Seat 3: a51461a4 (small blind) folded before Flop
Seat 4: 8492e0c6 (big blind) folded on the Flop
Seat 5: 15c9a733 folded before Flop
Seat 6: 53184d8c won (2,670)
Seat 7: Hero folded before Flop
Seat 8: 4ce1939d folded before Flop


Poker Hand #TM5614412260: Tournament #264779532, APL Series: ¥110 Zodiac Bounty + Rat Hold'em No Limit - Level10(250/500(60)) - 2026/02/21 17:18:43
Table '35' 8-max Seat #1 is the button
Seat 1: 54ff0c89 (3,154 in chips)
Seat 2: 44e09469 (13,682 in chips)
Seat 3: a51461a4 (30,062 in chips)
Seat 4: 8492e0c6 (3,445 in chips)
Seat 5: 15c9a733 (48,166 in chips)
Seat 6: 53184d8c (17,969 in chips)
Seat 7: Hero (28,193 in chips)
Seat 8: 4ce1939d (46,271 in chips)
4ce1939d: posts the ante 60
Hero: posts the ante 60
8492e0c6: posts the ante 60
a51461a4: posts the ante 60
54ff0c89: posts the ante 60
53184d8c: posts the ante 60
15c9a733: posts the ante 60
44e09469: posts the ante 60
44e09469: posts small blind 250
a51461a4: posts big blind 500
*** HOLE CARDS ***
Dealt to 54ff0c89 
Dealt to 44e09469 
Dealt to a51461a4 
Dealt to 8492e0c6 
Dealt to 15c9a733 
Dealt to 53184d8c 
Dealt to Hero [8c Th]
Dealt to 4ce1939d 
8492e0c6: folds
15c9a733: folds
53184d8c: folds
Hero: folds
4ce1939d: folds
54ff0c89: raises 2,594 to 3,094 and is all-in
44e09469: folds
a51461a4: calls 2,594
54ff0c89: shows [Ah 7d]
a51461a4: shows [8d Jd]
*** FLOP *** [2d 3d Td]
*** TURN *** [2d 3d Td] [Ac]
*** RIVER *** [2d 3d Td Ac] [Kh]
*** SHOWDOWN ***
a51461a4 collected 6,918 from pot
*** SUMMARY ***
Total pot 6,918 | Rake 0 | Jackpot 0 | Bingo 0 | Fortune 0 | Tax 0
Board [2d 3d Td Ac Kh]
Seat 1: 54ff0c89 (button) showed [Ah 7d] and lost with a pair of Aces
Seat 2: 44e09469 (small blind) folded before Flop
Seat 3: a51461a4 (big blind) showed [8d Jd] and won (6,918) with a flush Jack high
Seat 4: 8492e0c6 folded before Flop
Seat 5: 15c9a733 folded before Flop
Seat 6: 53184d8c folded before Flop
Seat 7: Hero folded before Flop
Seat 8: 4ce1939d folded before Flop


Poker Hand #TM5614075005: Tournament #264779532, APL Series: ¥110 Zodiac Bounty + Rat Hold'em No Limit - Level10(250/500(60)) - 2026/02/21 17:16:54
Table '41' 8-max Seat #5 is the button
Seat 1: b693fb30 (56,051 in chips)
Seat 2: 6790c807 (27,662 in chips)
Seat 3: c64bea35 (994 in chips)
Seat 4: 47290573 (1,000 in chips)
Seat 5: 219efa03 (31,262 in chips)
Seat 6: 24271d8c (48,320 in chips)
Seat 7: Hero (24,959 in chips)
Seat 8: 11bb7b7f (7,135 in chips)
c64bea35: posts the ante 60
24271d8c: posts the ante 60
47290573: posts the ante 60
6790c807: posts the ante 60
Hero: posts the ante 60
11bb7b7f: posts the ante 60
b693fb30: posts the ante 60
219efa03: posts the ante 60
24271d8c: posts small blind 250
Hero: posts big blind 500
*** HOLE CARDS ***
Dealt to b693fb30 
Dealt to 6790c807 
Dealt to c64bea35 
Dealt to 47290573 
Dealt to 219efa03 
Dealt to 24271d8c 
Dealt to Hero [Kh 9c]
Dealt to 11bb7b7f 
11bb7b7f: folds
b693fb30: folds
6790c807: folds
c64bea35: raises 434 to 934 and is all-in
47290573: raises 6 to 940 and is all-in
219efa03: folds
24271d8c: calls 690
Hero: raises 4,176 to 5,116
24271d8c: folds
Uncalled bet (4,176) returned to Hero
Hero: shows [Kh 9c]
c64bea35: shows [8c Kc]
47290573: shows [2s 2h]
*** FLOP *** [5c 3c Kd]
*** TURN *** [5c 3c Kd] [8d]
*** RIVER *** [5c 3c Kd 8d] [9s]
*** SHOWDOWN ***
Hero collected 4,216 from pot
Hero collected 18 from pot
*** SUMMARY ***
Total pot 4,234 | Rake 0 | Jackpot 0 | Bingo 0 | Fortune 0 | Tax 0
Board [5c 3c Kd 8d 9s]
Seat 1: b693fb30 folded before Flop
Seat 2: 6790c807 folded before Flop
Seat 3: c64bea35 showed [8c Kc] and lost with two pair, Kings and Eights
Seat 4: 47290573 showed [2s 2h] and lost with a pair of Twos
Seat 5: 219efa03 (button) folded before Flop
Seat 6: 24271d8c (small blind) folded before Flop
Seat 7: Hero (big blind) showed [Kh 9c] and won (4,234) with two pair, Kings and Nines
Seat 8: 11bb7b7f folded before Flop


Poker Hand #TM5614074994: Tournament #264779532, APL Series: ¥110 Zodiac Bounty + Rat Hold'em No Limit - Level10(250/500(60)) - 2026/02/21 17:15:41
Table '41' 8-max Seat #4 is the button
Seat 1: b693fb30 (57,611 in chips)
Seat 2: 6790c807 (22,492 in chips)
Seat 3: c64bea35 (1,054 in chips)
Seat 4: 47290573 (1,060 in chips)
Seat 5: 219efa03 (31,572 in chips)
Seat 6: 24271d8c (49,880 in chips)
Seat 7: Hero (26,519 in chips)
Seat 8: 11bb7b7f (7,195 in chips)
c64bea35: posts the ante 60
24271d8c: posts the ante 60
47290573: posts the ante 60
6790c807: posts the ante 60
Hero: posts the ante 60
11bb7b7f: posts the ante 60
b693fb30: posts the ante 60
219efa03: posts the ante 60
219efa03: posts small blind 250
24271d8c: posts big blind 500
*** HOLE CARDS ***
Dealt to b693fb30 
Dealt to 6790c807 
Dealt to c64bea35 
Dealt to 47290573 
Dealt to 219efa03 
Dealt to 24271d8c 
Dealt to Hero [Ad Js]
Dealt to 11bb7b7f 
Hero: calls 500
11bb7b7f: folds
b693fb30: calls 500
6790c807: raises 1,000 to 1,500
c64bea35: folds
47290573: folds
219efa03: folds
24271d8c: calls 1,000
Hero: calls 1,000
b693fb30: calls 1,000
*** FLOP *** [6c Qh 5h]
24271d8c: checks
Hero: checks
b693fb30: checks
6790c807: bets 6,730
24271d8c: folds
Hero: folds
b693fb30: folds
Uncalled bet (6,730) returned to 6790c807
*** SHOWDOWN ***
6790c807 collected 6,730 from pot
*** SUMMARY ***
Total pot 6,730 | Rake 0 | Jackpot 0 | Bingo 0 | Fortune 0 | Tax 0
Board [6c Qh 5h]
Seat 1: b693fb30 folded on the Flop
Seat 2: 6790c807 showed [Kd Ks] and won (6,730)
Seat 3: c64bea35 folded before Flop
Seat 4: 47290573 (button) folded before Flop
Seat 5: 219efa03 (small blind) folded before Flop
Seat 6: 24271d8c (big blind) folded on the Flop
Seat 7: Hero folded on the Flop
Seat 8: 11bb7b7f folded before Flop


Poker Hand #TM5614074988: Tournament #264779532, APL Series: ¥110 Zodiac Bounty + Rat Hold'em No Limit - Level10(250/500(60)) - 2026/02/21 17:14:39
Table '41' 8-max Seat #3 is the button
Seat 1: b693fb30 (57,671 in chips)
Seat 2: 6790c807 (22,552 in chips)
Seat 3: c64bea35 (1,114 in chips)
Seat 4: 47290573 (25,070 in chips)
Seat 5: 219efa03 (32,132 in chips)
Seat 6: 24271d8c (24,010 in chips)
Seat 7: Hero (27,579 in chips)
Seat 8: 11bb7b7f (7,255 in chips)
c64bea35: posts the ante 60
24271d8c: posts the ante 60
6790c807: posts the ante 60
Hero: posts the ante 60
47290573: posts the ante 60
11bb7b7f: posts the ante 60
b693fb30: posts the ante 60
219efa03: posts the ante 60
47290573: posts small blind 250
219efa03: posts big blind 500
*** HOLE CARDS ***
Dealt to b693fb30 
Dealt to 6790c807 
Dealt to c64bea35 
Dealt to 47290573 
Dealt to 219efa03 
Dealt to 24271d8c 
Dealt to Hero [7d Qc]
Dealt to 11bb7b7f 
24271d8c: calls 500
Hero: raises 500 to 1,000
11bb7b7f: folds
b693fb30: folds
6790c807: folds
c64bea35: folds
47290573: raises 24,010 to 25,010 and is all-in
219efa03: folds
24271d8c: calls 23,450 and is all-in
Hero: folds
Uncalled bet (1,060) returned to 47290573
47290573: shows [Kh Ah]
24271d8c: shows [Jh Jd]
*** FLOP *** [4c 3s 9h]
*** TURN *** [4c 3s 9h] [Qd]
*** RIVER *** [4c 3s 9h Qd] [6s]
*** SHOWDOWN ***
24271d8c collected 49,880 from pot
*** SUMMARY ***
Total pot 49,880 | Rake 0 | Jackpot 0 | Bingo 0 | Fortune 0 | Tax 0
Board [4c 3s 9h Qd 6s]
Seat 1: b693fb30 folded before Flop
Seat 2: 6790c807 folded before Flop
Seat 3: c64bea35 (button) folded before Flop
Seat 4: 47290573 (small blind) showed [Kh Ah] and lost with Ace high
Seat 5: 219efa03 (big blind) folded before Flop
Seat 6: 24271d8c showed [Jh Jd] and won (49,880) with a pair of Jacks
Seat 7: Hero folded before Flop
Seat 8: 11bb7b7f folded before Flop


Poker Hand #TM5614074982: Tournament #264779532, APL Series: ¥110 Zodiac Bounty + Rat Hold'em No Limit - Level9(200/400(50)) - 2026/02/21 17:14:06
Table '41' 8-max Seat #2 is the button
Seat 1: b693fb30 (55,521 in chips)
Seat 2: 6790c807 (22,602 in chips)
Seat 3: c64bea35 (1,364 in chips)
Seat 4: 47290573 (25,520 in chips)
Seat 5: 219efa03 (32,182 in chips)
Seat 6: 24271d8c (25,260 in chips)
Seat 7: Hero (27,629 in chips)
Seat 8: 11bb7b7f (7,305 in chips)
c64bea35: posts the ante 50
24271d8c: posts the ante 50
6790c807: posts the ante 50
Hero: posts the ante 50
47290573: posts the ante 50
11bb7b7f: posts the ante 50
b693fb30: posts the ante 50
219efa03: posts the ante 50
c64bea35: posts small blind 200
47290573: posts big blind 400
*** HOLE CARDS ***
Dealt to b693fb30 
Dealt to 6790c807 
Dealt to c64bea35 
Dealt to 47290573 
Dealt to 219efa03 
Dealt to 24271d8c 
Dealt to Hero [9c 4s]
Dealt to 11bb7b7f 
219efa03: folds
24271d8c: raises 800 to 1,200
Hero: folds
11bb7b7f: folds
b693fb30: raises 3,400 to 4,600
6790c807: folds
c64bea35: folds
47290573: folds
24271d8c: folds
Uncalled bet (3,400) returned to b693fb30
*** SHOWDOWN ***
b693fb30 collected 3,400 from pot
*** SUMMARY ***
Total pot 3,400 | Rake 0 | Jackpot 0 | Bingo 0 | Fortune 0 | Tax 0
Seat 1: b693fb30 collected (3,400)
Seat 2: 6790c807 (button) folded before Flop
Seat 3: c64bea35 (small blind) folded before Flop
Seat 4: 47290573 (big blind) folded before Flop
Seat 5: 219efa03 folded before Flop
Seat 6: 24271d8c folded before Flop
Seat 7: Hero folded before Flop
Seat 8: 11bb7b7f folded before Flop


Poker Hand #TM5614074979: Tournament #264779532, APL Series: ¥110 Zodiac Bounty + Rat Hold'em No Limit - Level9(200/400(50)) - 2026/02/21 17:13:41
Table '41' 8-max Seat #1 is the button
Seat 1: b693fb30 (55,571 in chips)
Seat 2: 6790c807 (19,452 in chips)
Seat 3: c64bea35 (1,814 in chips)
Seat 4: 47290573 (26,370 in chips)
Seat 5: 219efa03 (32,232 in chips)
Seat 6: 24271d8c (26,910 in chips)
Seat 7: Hero (27,679 in chips)
Seat 8: 11bb7b7f (7,355 in chips)
c64bea35: posts the ante 50
24271d8c: posts the ante 50
Hero: posts the ante 50
47290573: posts the ante 50
6790c807: posts the ante 50
11bb7b7f: posts the ante 50
b693fb30: posts the ante 50
219efa03: posts the ante 50
6790c807: posts small blind 200
c64bea35: posts big blind 400
*** HOLE CARDS ***
Dealt to b693fb30 
Dealt to 6790c807 
Dealt to c64bea35 
Dealt to 47290573 
Dealt to 219efa03 
Dealt to 24271d8c 
Dealt to Hero [9c Kd]
Dealt to 11bb7b7f 
47290573: raises 400 to 800
219efa03: folds
24271d8c: raises 800 to 1,600
Hero: folds
11bb7b7f: folds
b693fb30: folds
6790c807: raises 1,200 to 2,800
c64bea35: folds
47290573: folds
24271d8c: folds
Uncalled bet (1,200) returned to 6790c807
*** SHOWDOWN ***
6790c807 collected 4,800 from pot
*** SUMMARY ***
Total pot 4,800 | Rake 0 | Jackpot 0 | Bingo 0 | Fortune 0 | Tax 0
Seat 1: b693fb30 (button) folded before Flop
Seat 2: 6790c807 (small blind) collected (4,800)
Seat 3: c64bea35 (big blind) folded before Flop
Seat 4: 47290573 folded before Flop
Seat 5: 219efa03 folded before Flop
Seat 6: 24271d8c folded before Flop
Seat 7: Hero folded before Flop
Seat 8: 11bb7b7f folded before Flop


Poker Hand #TM5614074974: Tournament #264779532, APL Series: ¥110 Zodiac Bounty + Rat Hold'em No Limit - Level9(200/400(50)) - 2026/02/21 17:13:08
Table '41' 8-max Seat #8 is the button
Seat 1: b693fb30 (55,821 in chips)
Seat 2: 6790c807 (17,302 in chips)
Seat 3: c64bea35 (1,864 in chips)
Seat 4: 47290573 (26,420 in chips)
Seat 5: 219efa03 (32,282 in chips)
Seat 6: 24271d8c (26,960 in chips)
Seat 7: Hero (27,729 in chips)
Seat 8: 11bb7b7f (9,005 in chips)
c64bea35: posts the ante 50
24271d8c: posts the ante 50
Hero: posts the ante 50
47290573: posts the ante 50
6790c807: posts the ante 50
11bb7b7f: posts the ante 50
b693fb30: posts the ante 50
219efa03: posts the ante 50
b693fb30: posts small blind 200
6790c807: posts big blind 400
*** HOLE CARDS ***
Dealt to b693fb30 
Dealt to 6790c807 
Dealt to c64bea35 
Dealt to 47290573 
Dealt to 219efa03 
Dealt to 24271d8c 
Dealt to Hero [Ac 6d]
Dealt to 11bb7b7f 
c64bea35: folds
47290573: folds
219efa03: folds
24271d8c: folds
Hero: folds
11bb7b7f: raises 400 to 800
b693fb30: folds
6790c807: calls 400
*** FLOP *** [9h 8d Ts]
6790c807: checks
11bb7b7f: checks
*** TURN *** [9h 8d Ts] [5d]
6790c807: bets 800
11bb7b7f: calls 800
*** RIVER *** [9h 8d Ts 5d] [3h]
6790c807: bets 1,900
11bb7b7f: folds
Uncalled bet (1,900) returned to 6790c807
*** SHOWDOWN ***
6790c807 collected 3,800 from pot
*** SUMMARY ***
Total pot 3,800 | Rake 0 | Jackpot 0 | Bingo 0 | Fortune 0 | Tax 0
Board [9h 8d Ts 5d 3h]
Seat 1: b693fb30 (small blind) folded before Flop
Seat 2: 6790c807 (big blind) won (3,800)
Seat 3: c64bea35 folded before Flop
Seat 4: 47290573 folded before Flop
Seat 5: 219efa03 folded before Flop
Seat 6: 24271d8c folded before Flop
Seat 7: Hero folded before Flop
Seat 8: 11bb7b7f (button) folded on the River


Poker Hand #TM5614074964: Tournament #264779532, APL Series: ¥110 Zodiac Bounty + Rat Hold'em No Limit - Level9(200/400(50)) - 2026/02/21 17:11:50
Table '41' 8-max Seat #7 is the button
Seat 1: b693fb30 (56,671 in chips)
Seat 2: 6790c807 (17,352 in chips)
Seat 3: c64bea35 (14,394 in chips)
Seat 4: 47290573 (26,470 in chips)
Seat 5: 219efa03 (32,332 in chips)
Seat 6: 24271d8c (12,530 in chips)
Seat 7: Hero (27,779 in chips)
Seat 8: 11bb7b7f (9,855 in chips)
c64bea35: posts the ante 50
24271d8c: posts the ante 50
Hero: posts the ante 50
47290573: posts the ante 50
6790c807: posts the ante 50
11bb7b7f: posts the ante 50
b693fb30: posts the ante 50
219efa03: posts the ante 50
11bb7b7f: posts small blind 200
b693fb30: posts big blind 400
*** HOLE CARDS ***
Dealt to b693fb30 
Dealt to 6790c807 
Dealt to c64bea35 
Dealt to 47290573 
Dealt to 219efa03 
Dealt to 24271d8c 
Dealt to Hero [7c 2s]
Dealt to 11bb7b7f 
6790c807: folds
c64bea35: raises 400 to 800
47290573: folds
219efa03: folds
24271d8c: calls 800
Hero: folds
11bb7b7f: calls 600
b693fb30: calls 400
*** FLOP *** [4s 5h 7d]
11bb7b7f: checks
b693fb30: checks
c64bea35: bets 3,600
24271d8c: raises 8,080 to 11,680 and is all-in
11bb7b7f: folds
b693fb30: folds
c64bea35: calls 8,080
24271d8c: shows [9d 9s] (a pair of Nines)
c64bea35: shows [7s As] (a pair of Sevens)
*** TURN *** [4s 5h 7d] [2h]
*** RIVER *** [4s 5h 7d 2h] [4d]
*** SHOWDOWN ***
24271d8c collected 26,960 from pot
*** SUMMARY ***
Total pot 26,960 | Rake 0 | Jackpot 0 | Bingo 0 | Fortune 0 | Tax 0
Board [4s 5h 7d 2h 4d]
Seat 1: b693fb30 (big blind) folded on the Flop
Seat 2: 6790c807 folded before Flop
Seat 3: c64bea35 showed [7s As] and lost with two pair, Sevens and Fours
Seat 4: 47290573 folded before Flop
Seat 5: 219efa03 folded before Flop
Seat 6: 24271d8c showed [9d 9s] and won (26,960) with two pair, Nines and Fours
Seat 7: Hero (button) folded before Flop
Seat 8: 11bb7b7f (small blind) folded on the Flop


Poker Hand #TM5614074958: Tournament #264779532, APL Series: ¥110 Zodiac Bounty + Rat Hold'em No Limit - Level9(200/400(50)) - 2026/02/21 17:11:14
Table '41' 8-max Seat #6 is the button
Seat 1: b693fb30 (56,721 in chips)
Seat 2: 6790c807 (17,402 in chips)
Seat 3: c64bea35 (13,044 in chips)
Seat 4: 47290573 (26,520 in chips)
Seat 5: 219efa03 (32,382 in chips)
Seat 6: 24271d8c (12,580 in chips)
Seat 7: Hero (28,029 in chips)
Seat 8: 11bb7b7f (10,705 in chips)
c64bea35: posts the ante 50
24271d8c: posts the ante 50
47290573: posts the ante 50
6790c807: posts the ante 50
Hero: posts the ante 50
11bb7b7f: posts the ante 50
b693fb30: posts the ante 50
219efa03: posts the ante 50
Hero: posts small blind 200
11bb7b7f: posts big blind 400
*** HOLE CARDS ***
Dealt to b693fb30 
Dealt to 6790c807 
Dealt to c64bea35 
Dealt to 47290573 
Dealt to 219efa03 
Dealt to 24271d8c 
Dealt to Hero [Jh 2s]
Dealt to 11bb7b7f 
b693fb30: folds
6790c807: folds
c64bea35: raises 400 to 800
47290573: folds
219efa03: folds
24271d8c: folds
Hero: folds
11bb7b7f: calls 400
*** FLOP *** [3h 9h 6s]
11bb7b7f: checks
c64bea35: bets 1,400
11bb7b7f: folds
Uncalled bet (1,400) returned to c64bea35
*** SHOWDOWN ***
c64bea35 collected 2,200 from pot
*** SUMMARY ***
Total pot 2,200 | Rake 0 | Jackpot 0 | Bingo 0 | Fortune 0 | Tax 0
Board [3h 9h 6s]
Seat 1: b693fb30 folded before Flop
Seat 2: 6790c807 folded before Flop
Seat 3: c64bea35 won (2,200)
Seat 4: 47290573 folded before Flop
Seat 5: 219efa03 folded before Flop
Seat 6: 24271d8c (button) folded before Flop
Seat 7: Hero (small blind) folded before Flop
Seat 8: 11bb7b7f (big blind) folded on the Flop


Poker Hand #TM5614074952: Tournament #264779532, APL Series: ¥110 Zodiac Bounty + Rat Hold'em No Limit - Level9(200/400(50)) - 2026/02/21 17:10:38
Table '41' 8-max Seat #5 is the button
Seat 1: b693fb30 (56,771 in chips)
Seat 2: 6790c807 (17,452 in chips)
Seat 3: c64bea35 (13,094 in chips)
Seat 4: 47290573 (27,370 in chips)
Seat 5: 219efa03 (32,432 in chips)
Seat 6: 24271d8c (12,830 in chips)
Seat 7: Hero (26,679 in chips)
Seat 8: 11bb7b7f (10,755 in chips)
c64bea35: posts the ante 50
24271d8c: posts the ante 50
47290573: posts the ante 50
6790c807: posts the ante 50
Hero: posts the ante 50
11bb7b7f: posts the ante 50
b693fb30: posts the ante 50
219efa03: posts the ante 50
24271d8c: posts small blind 200
Hero: posts big blind 400
*** HOLE CARDS ***
Dealt to b693fb30 
Dealt to 6790c807 
Dealt to c64bea35 
Dealt to 47290573 
Dealt to 219efa03 
Dealt to 24271d8c 
Dealt to Hero [6s 5c]
Dealt to 11bb7b7f 
11bb7b7f: folds
b693fb30: folds
6790c807: folds
c64bea35: folds
47290573: raises 400 to 800
219efa03: folds
24271d8c: folds
Hero: calls 400
*** FLOP *** [4s Ks 8c]
Hero: checks
47290573: checks
*** TURN *** [4s Ks 8c] [2h]
Hero: checks
47290573: checks
*** RIVER *** [4s Ks 8c 2h] [6d]
Hero: checks
47290573: checks
Hero: shows [6s 5c] (a pair of Sixes)
47290573: shows [Qd 7d] (King high)
*** SHOWDOWN ***
Hero collected 2,200 from pot
*** SUMMARY ***
Total pot 2,200 | Rake 0 | Jackpot 0 | Bingo 0 | Fortune 0 | Tax 0
Board [4s Ks 8c 2h 6d]
Seat 1: b693fb30 folded before Flop
Seat 2: 6790c807 folded before Flop
Seat 3: c64bea35 folded before Flop
Seat 4: 47290573 showed [Qd 7d] and lost with King high
Seat 5: 219efa03 (button) folded before Flop
Seat 6: 24271d8c (small blind) folded before Flop
Seat 7: Hero (big blind) showed [6s 5c] and won (2,200) with a pair of Sixes
Seat 8: 11bb7b7f folded before Flop


Poker Hand #TM5614074949: Tournament #264779532, APL Series: ¥110 Zodiac Bounty + Rat Hold'em No Limit - Level9(200/400(50)) - 2026/02/21 17:10:00
Table '41' 8-max Seat #4 is the button
Seat 1: b693fb30 (56,821 in chips)
Seat 2: 6790c807 (17,502 in chips)
Seat 3: c64bea35 (13,144 in chips)
Seat 4: 47290573 (29,980 in chips)
Seat 5: 219efa03 (29,122 in chips)
Seat 6: 24271d8c (13,280 in chips)
Seat 7: Hero (26,729 in chips)
Seat 8: 11bb7b7f (10,805 in chips)
c64bea35: posts the ante 50
24271d8c: posts the ante 50
47290573: posts the ante 50
6790c807: posts the ante 50
Hero: posts the ante 50
11bb7b7f: posts the ante 50
b693fb30: posts the ante 50
219efa03: posts the ante 50
219efa03: posts small blind 200
24271d8c: posts big blind 400
*** HOLE CARDS ***
Dealt to b693fb30 
Dealt to 6790c807 
Dealt to c64bea35 
Dealt to 47290573 
Dealt to 219efa03 
Dealt to 24271d8c 
Dealt to Hero [Th 6c]
Dealt to 11bb7b7f 
Hero: folds
11bb7b7f: folds
b693fb30: folds
6790c807: folds
c64bea35: folds
47290573: raises 400 to 800
219efa03: raises 1,760 to 2,560
24271d8c: folds
47290573: calls 1,760
*** FLOP *** [Kh Ks Qc]
219efa03: bets 1,954
47290573: folds
Uncalled bet (1,954) returned to 219efa03
*** SHOWDOWN ***
219efa03 collected 5,920 from pot
*** SUMMARY ***
Total pot 5,920 | Rake 0 | Jackpot 0 | Bingo 0 | Fortune 0 | Tax 0
Board [Kh Ks Qc]
Seat 1: b693fb30 folded before Flop
Seat 2: 6790c807 folded before Flop
Seat 3: c64bea35 folded before Flop
Seat 4: 47290573 (button) folded on the Flop
Seat 5: 219efa03 (small blind) won (5,920)
Seat 6: 24271d8c (big blind) folded before Flop
Seat 7: Hero folded before Flop
Seat 8: 11bb7b7f folded before Flop


Poker Hand #TM5614074942: Tournament #264779532, APL Series: ¥110 Zodiac Bounty + Rat Hold'em No Limit - Level9(200/400(50)) - 2026/02/21 17:09:16
Table '41' 8-max Seat #3 is the button
Seat 1: b693fb30 (57,671 in chips)
Seat 2: 6790c807 (17,552 in chips)
Seat 3: c64bea35 (13,994 in chips)
Seat 4: 47290573 (27,630 in chips)
Seat 5: 219efa03 (29,572 in chips)
Seat 6: 24271d8c (13,330 in chips)
Seat 7: Hero (26,779 in chips)
Seat 8: 11bb7b7f (10,855 in chips)
c64bea35: posts the ante 50
24271d8c: posts the ante 50
6790c807: posts the ante 50
Hero: posts the ante 50
47290573: posts the ante 50
11bb7b7f: posts the ante 50
b693fb30: posts the ante 50
219efa03: posts the ante 50
47290573: posts small blind 200
219efa03: posts big blind 400
*** HOLE CARDS ***
Dealt to b693fb30 
Dealt to 6790c807 
Dealt to c64bea35 
Dealt to 47290573 
Dealt to 219efa03 
Dealt to 24271d8c 
Dealt to Hero [7c Js]
Dealt to 11bb7b7f 
24271d8c: folds
Hero: folds
11bb7b7f: folds
b693fb30: raises 400 to 800
6790c807: folds
c64bea35: calls 800
47290573: calls 600
219efa03: folds
*** FLOP *** [2c 5s 9s]
47290573: checks
b693fb30: checks
c64bea35: checks
*** TURN *** [2c 5s 9s] [6c]
47290573: bets 1,056
b693fb30: folds
c64bea35: folds
Uncalled bet (1,056) returned to 47290573
*** SHOWDOWN ***
47290573 collected 3,200 from pot
*** SUMMARY ***
Total pot 3,200 | Rake 0 | Jackpot 0 | Bingo 0 | Fortune 0 | Tax 0
Board [2c 5s 9s 6c]
Seat 1: b693fb30 folded on the Turn
Seat 2: 6790c807 folded before Flop
Seat 3: c64bea35 (button) folded on the Turn
Seat 4: 47290573 (small blind) won (3,200)
Seat 5: 219efa03 (big blind) folded before Flop
Seat 6: 24271d8c folded before Flop
Seat 7: Hero folded before Flop
Seat 8: 11bb7b7f folded before Flop


Poker Hand #TM5614074936: Tournament #264779532, APL Series: ¥110 Zodiac Bounty + Rat Hold'em No Limit - Level9(200/400(50)) - 2026/02/21 17:08:46
Table '41' 8-max Seat #2 is the button
Seat 1: b693fb30 (57,721 in chips)
Seat 2: 6790c807 (17,602 in chips)
Seat 3: c64bea35 (13,244 in chips)
Seat 4: 47290573 (28,080 in chips)
Seat 5: 219efa03 (29,622 in chips)
Seat 6: 24271d8c (13,380 in chips)
Seat 7: Hero (26,829 in chips)
Seat 8: 11bb7b7f (10,905 in chips)
c64bea35: posts the ante 50
24271d8c: posts the ante 50
6790c807: posts the ante 50
Hero: posts the ante 50
47290573: posts the ante 50
11bb7b7f: posts the ante 50
b693fb30: posts the ante 50
219efa03: posts the ante 50
c64bea35: posts small blind 200
47290573: posts big blind 400
*** HOLE CARDS ***
Dealt to b693fb30 
Dealt to 6790c807 
Dealt to c64bea35 
Dealt to 47290573 
Dealt to 219efa03 
Dealt to 24271d8c 
Dealt to Hero [Ad 8h]
Dealt to 11bb7b7f 
219efa03: folds
24271d8c: folds
Hero: folds
11bb7b7f: folds
b693fb30: folds
6790c807: folds
c64bea35: calls 200
47290573: checks
*** FLOP *** [Ts Ks Jc]
c64bea35: bets 400
47290573: folds
Uncalled bet (400) returned to c64bea35
*** SHOWDOWN ***
c64bea35 collected 1,200 from pot
*** SUMMARY ***
Total pot 1,200 | Rake 0 | Jackpot 0 | Bingo 0 | Fortune 0 | Tax 0
Board [Ts Ks Jc]
Seat 1: b693fb30 folded before Flop
Seat 2: 6790c807 (button) folded before Flop
Seat 3: c64bea35 (small blind) won (1,200)
Seat 4: 47290573 (big blind) folded on the Flop
Seat 5: 219efa03 folded before Flop
Seat 6: 24271d8c folded before Flop
Seat 7: Hero folded before Flop
Seat 8: 11bb7b7f folded before Flop


Poker Hand #TM5614074921: Tournament #264779532, APL Series: ¥110 Zodiac Bounty + Rat Hold'em No Limit - Level9(200/400(50)) - 2026/02/21 17:07:07
Table '41' 8-max Seat #1 is the button
Seat 1: b693fb30 (57,771 in chips)
Seat 2: 6790c807 (17,852 in chips)
Seat 3: c64bea35 (14,174 in chips)
Seat 4: 47290573 (28,130 in chips)
Seat 5: 219efa03 (31,622 in chips)
Seat 6: 24271d8c (10,000 in chips)
Seat 7: Hero (26,879 in chips)
Seat 8: 11bb7b7f (10,955 in chips)
c64bea35: posts the ante 50
24271d8c: posts the ante 50
Hero: posts the ante 50
47290573: posts the ante 50
6790c807: posts the ante 50
11bb7b7f: posts the ante 50
b693fb30: posts the ante 50
219efa03: posts the ante 50
6790c807: posts small blind 200
c64bea35: posts big blind 400
*** HOLE CARDS ***
Dealt to b693fb30 
Dealt to 6790c807 
Dealt to c64bea35 
Dealt to 47290573 
Dealt to 219efa03 
Dealt to 24271d8c 
Dealt to Hero [8d 7s]
Dealt to 11bb7b7f 
47290573: folds
219efa03: raises 480 to 880
24271d8c: calls 880
Hero: folds
11bb7b7f: folds
b693fb30: folds
6790c807: folds
c64bea35: calls 480
*** FLOP *** [Ks Kh 4s]
c64bea35: checks
219efa03: bets 1,070
24271d8c: calls 1,070
c64bea35: folds
*** TURN *** [Ks Kh 4s] [3s]
219efa03: checks
24271d8c: bets 2,400
219efa03: folds
Uncalled bet (2,400) returned to 24271d8c
*** SHOWDOWN ***
24271d8c collected 5,380 from pot
*** SUMMARY ***
Total pot 5,380 | Rake 0 | Jackpot 0 | Bingo 0 | Fortune 0 | Tax 0
Board [Ks Kh 4s 3s]
Seat 1: b693fb30 (button) folded before Flop
Seat 2: 6790c807 (small blind) folded before Flop
Seat 3: c64bea35 (big blind) folded on the Flop
Seat 4: 47290573 folded before Flop
Seat 5: 219efa03 folded on the Turn
Seat 6: 24271d8c won (5,380)
Seat 7: Hero folded before Flop
Seat 8: 11bb7b7f folded before Flop


Poker Hand #TM5614074914: Tournament #264779532, APL Series: ¥110 Zodiac Bounty + Rat Hold'em No Limit - Level9(200/400(50)) - 2026/02/21 17:06:05
Table '41' 8-max Seat #8 is the button
Seat 1: b693fb30 (58,021 in chips)
Seat 2: 6790c807 (19,412 in chips)
Seat 3: c64bea35 (14,224 in chips)
Seat 4: 47290573 (28,180 in chips)
Seat 5: 219efa03 (31,672 in chips)
Seat 7: Hero (26,929 in chips)
Seat 8: 11bb7b7f (8,945 in chips)
c64bea35: posts the ante 50
Hero: posts the ante 50
47290573: posts the ante 50
6790c807: posts the ante 50
11bb7b7f: posts the ante 50
b693fb30: posts the ante 50
219efa03: posts the ante 50
b693fb30: posts small blind 200
6790c807: posts big blind 400
*** HOLE CARDS ***
Dealt to b693fb30 
Dealt to 6790c807 
Dealt to c64bea35 
Dealt to 47290573 
Dealt to 219efa03 
Dealt to Hero [Qc 3s]
Dealt to 11bb7b7f 
c64bea35: folds
47290573: folds
219efa03: folds
Hero: folds
11bb7b7f: raises 400 to 800
b693fb30: folds
6790c807: calls 400
*** FLOP *** [7h Tc Td]
6790c807: checks
11bb7b7f: bets 710
6790c807: calls 710
*** TURN *** [7h Tc Td] [Kc]
6790c807: checks
11bb7b7f: bets 1,785
6790c807: folds
Uncalled bet (1,785) returned to 11bb7b7f
*** SHOWDOWN ***
11bb7b7f collected 3,570 from pot
*** SUMMARY ***
Total pot 3,570 | Rake 0 | Jackpot 0 | Bingo 0 | Fortune 0 | Tax 0
Board [7h Tc Td Kc]
Seat 1: b693fb30 (small blind) folded before Flop
Seat 2: 6790c807 (big blind) folded on the Turn
Seat 3: c64bea35 folded before Flop
Seat 4: 47290573 folded before Flop
Seat 5: 219efa03 folded before Flop
Seat 7: Hero folded before Flop
Seat 8: 11bb7b7f (button) won (3,570)


Poker Hand #TM5614074907: Tournament #264779532, APL Series: ¥110 Zodiac Bounty + Rat Hold'em No Limit - Level9(200/400(50)) - 2026/02/21 17:05:05
Table '41' 8-max Seat #7 is the button
Seat 1: b693fb30 (68,017 in chips)
Seat 2: 6790c807 (19,462 in chips)
Seat 3: c64bea35 (14,274 in chips)
Seat 4: 47290573 (9,996 in chips)
Seat 5: 219efa03 (31,722 in chips)
Seat 6: 73f29549 (7,738 in chips)
Seat 7: Hero (26,979 in chips)
Seat 8: 11bb7b7f (9,195 in chips)
c64bea35: posts the ante 50
Hero: posts the ante 50
47290573: posts the ante 50
6790c807: posts the ante 50
11bb7b7f: posts the ante 50
b693fb30: posts the ante 50
73f29549: posts the ante 50
219efa03: posts the ante 50
11bb7b7f: posts small blind 200
b693fb30: posts big blind 400
*** HOLE CARDS ***
Dealt to b693fb30 
Dealt to 6790c807 
Dealt to c64bea35 
Dealt to 47290573 
Dealt to 219efa03 
Dealt to 73f29549 
Dealt to Hero [Qc Ks]
Dealt to 11bb7b7f 
6790c807: folds
c64bea35: folds
47290573: raises 400 to 800
219efa03: folds
73f29549: raises 6,888 to 7,688 and is all-in
Hero: folds
11bb7b7f: folds
b693fb30: raises 60,279 to 67,967 and is all-in
47290573: calls 9,146 and is all-in
Uncalled bet (58,021) returned to b693fb30
b693fb30: shows [Qh Tc]
47290573: shows [Th As]
73f29549: shows [Jh Js]
*** FLOP *** [Qd Ac 4h]
*** TURN *** [Qd Ac 4h] [6c]
*** RIVER *** [Qd Ac 4h 6c] [9s]
*** SHOWDOWN ***
47290573 collected 23,664 from pot
47290573 collected 4,516 from pot
*** SUMMARY ***
Total pot 28,180 | Rake 0 | Jackpot 0 | Bingo 0 | Fortune 0 | Tax 0
Board [Qd Ac 4h 6c 9s]
Seat 1: b693fb30 (big blind) showed [Qh Tc] and lost with a pair of Queens
Seat 2: 6790c807 folded before Flop
Seat 3: c64bea35 folded before Flop
Seat 4: 47290573 showed [Th As] and won (28,180) with a pair of Aces
Seat 5: 219efa03 folded before Flop
Seat 6: 73f29549 showed [Jh Js] and lost with a pair of Jacks
Seat 7: Hero (button) folded before Flop
Seat 8: 11bb7b7f (small blind) folded before Flop


Poker Hand #TM5614074900: Tournament #264779532, APL Series: ¥110 Zodiac Bounty + Rat Hold'em No Limit - Level8(175/350(35)) - 2026/02/21 17:04:16
Table '41' 8-max Seat #6 is the button
Seat 1: b693fb30 (68,052 in chips)
Seat 2: 6790c807 (18,342 in chips)
Seat 3: c64bea35 (14,309 in chips)
Seat 4: 47290573 (10,031 in chips)
Seat 5: 219efa03 (31,757 in chips)
Seat 6: 73f29549 (7,773 in chips)
Seat 7: Hero (27,189 in chips)
Seat 8: 11bb7b7f (9,930 in chips)
c64bea35: posts the ante 35
47290573: posts the ante 35
6790c807: posts the ante 35
Hero: posts the ante 35
11bb7b7f: posts the ante 35
b693fb30: posts the ante 35
73f29549: posts the ante 35
219efa03: posts the ante 35
Hero: posts small blind 175
11bb7b7f: posts big blind 350
*** HOLE CARDS ***
Dealt to b693fb30 
Dealt to 6790c807 
Dealt to c64bea35 
Dealt to 47290573 
Dealt to 219efa03 
Dealt to 73f29549 
Dealt to Hero [4h Qs]
Dealt to 11bb7b7f 
b693fb30: folds
6790c807: raises 350 to 700
c64bea35: folds
47290573: folds
219efa03: folds
73f29549: folds
Hero: folds
11bb7b7f: calls 350
*** FLOP *** [Ah 7c 6c]
11bb7b7f: checks
6790c807: bets 928
11bb7b7f: folds
Uncalled bet (928) returned to 6790c807
*** SHOWDOWN ***
6790c807 collected 1,855 from pot
*** SUMMARY ***
Total pot 1,855 | Rake 0 | Jackpot 0 | Bingo 0 | Fortune 0 | Tax 0
Board [Ah 7c 6c]
Seat 1: b693fb30 folded before Flop
Seat 2: 6790c807 won (1,855)
Seat 3: c64bea35 folded before Flop
Seat 4: 47290573 folded before Flop
Seat 5: 219efa03 folded before Flop
Seat 6: 73f29549 (button) folded before Flop
Seat 7: Hero (small blind) folded before Flop
Seat 8: 11bb7b7f (big blind) folded on the Flop


Poker Hand #TM5614074894: Tournament #264779532, APL Series: ¥110 Zodiac Bounty + Rat Hold'em No Limit - Level8(175/350(35)) - 2026/02/21 17:03:26
Table '41' 8-max Seat #5 is the button
Seat 1: b693fb30 (68,087 in chips)
Seat 2: 6790c807 (18,377 in chips)
Seat 3: c64bea35 (14,344 in chips)
Seat 4: 47290573 (10,066 in chips)
Seat 5: 219efa03 (31,792 in chips)
Seat 6: 73f29549 (7,178 in chips)
Seat 7: Hero (27,574 in chips)
Seat 8: 11bb7b7f (9,965 in chips)
c64bea35: posts the ante 35
47290573: posts the ante 35
6790c807: posts the ante 35
Hero: posts the ante 35
11bb7b7f: posts the ante 35
b693fb30: posts the ante 35
73f29549: posts the ante 35
219efa03: posts the ante 35
73f29549: posts small blind 175
Hero: posts big blind 350
*** HOLE CARDS ***
Dealt to b693fb30 
Dealt to 6790c807 
Dealt to c64bea35 
Dealt to 47290573 
Dealt to 219efa03 
Dealt to 73f29549 
Dealt to Hero [Kc 3s]
Dealt to 11bb7b7f 
11bb7b7f: folds
b693fb30: folds
6790c807: folds
c64bea35: folds
47290573: folds
219efa03: folds
73f29549: calls 175
Hero: checks
*** FLOP *** [5c 7s Ts]
73f29549: bets 350
Hero: folds
Uncalled bet (350) returned to 73f29549
*** SHOWDOWN ***
73f29549 collected 980 from pot
*** SUMMARY ***
Total pot 980 | Rake 0 | Jackpot 0 | Bingo 0 | Fortune 0 | Tax 0
Board [5c 7s Ts]
Seat 1: b693fb30 folded before Flop
Seat 2: 6790c807 folded before Flop
Seat 3: c64bea35 folded before Flop
Seat 4: 47290573 folded before Flop
Seat 5: 219efa03 (button) folded before Flop
Seat 6: 73f29549 (small blind) won (980)
Seat 7: Hero (big blind) folded on the Flop
Seat 8: 11bb7b7f folded before Flop


Poker Hand #TM5614074887: Tournament #264779532, APL Series: ¥110 Zodiac Bounty + Rat Hold'em No Limit - Level8(175/350(35)) - 2026/02/21 17:02:32
Table '41' 8-max Seat #4 is the button
Seat 1: b693fb30 (68,122 in chips)
Seat 2: 6790c807 (18,412 in chips)
Seat 3: c64bea35 (14,379 in chips)
Seat 4: 47290573 (10,451 in chips)
Seat 5: 219efa03 (32,002 in chips)
Seat 6: 73f29549 (6,408 in chips)
Seat 7: Hero (27,609 in chips)
Seat 8: 11bb7b7f (10,000 in chips)
c64bea35: posts the ante 35
47290573: posts the ante 35
6790c807: posts the ante 35
Hero: posts the ante 35
11bb7b7f: posts the ante 35
b693fb30: posts the ante 35
73f29549: posts the ante 35
219efa03: posts the ante 35
219efa03: posts small blind 175
73f29549: posts big blind 350
*** HOLE CARDS ***
Dealt to b693fb30 
Dealt to 6790c807 
Dealt to c64bea35 
Dealt to 47290573 
Dealt to 219efa03 
Dealt to 73f29549 
Dealt to Hero [5h Jh]
Dealt to 11bb7b7f 
Hero: folds
11bb7b7f: folds
b693fb30: folds
6790c807: folds
c64bea35: folds
47290573: calls 350
219efa03: folds
73f29549: raises 6,023 to 6,373 and is all-in
47290573: folds
Uncalled bet (6,023) returned to 73f29549
*** SHOWDOWN ***
73f29549 collected 1,155 from pot
*** SUMMARY ***
Total pot 1,155 | Rake 0 | Jackpot 0 | Bingo 0 | Fortune 0 | Tax 0
Seat 1: b693fb30 folded before Flop
Seat 2: 6790c807 folded before Flop
Seat 3: c64bea35 folded before Flop
Seat 4: 47290573 (button) folded before Flop
Seat 5: 219efa03 (small blind) folded before Flop
Seat 6: 73f29549 (big blind) collected (1,155)
Seat 7: Hero folded before Flop
Seat 8: 11bb7b7f folded before Flop


Poker Hand #TM5614074872: Tournament #264779532, APL Series: ¥110 Zodiac Bounty + Rat Hold'em No Limit - Level8(175/350(35)) - 2026/02/21 16:54:32
Table '41' 8-max Seat #3 is the button
Seat 1: b693fb30 (64,289 in chips)
Seat 2: 6790c807 (18,447 in chips)
Seat 3: c64bea35 (14,414 in chips)
Seat 4: 47290573 (11,186 in chips)
Seat 5: 219efa03 (32,737 in chips)
Seat 6: 73f29549 (6,443 in chips)
Seat 7: Hero (29,867 in chips)
c64bea35: posts the ante 35
6790c807: posts the ante 35
Hero: posts the ante 35
47290573: posts the ante 35
b693fb30: posts the ante 35
73f29549: posts the ante 35
219efa03: posts the ante 35
47290573: posts small blind 175
219efa03: posts big blind 350
*** HOLE CARDS ***
Dealt to b693fb30 
Dealt to 6790c807 
Dealt to c64bea35 
Dealt to 47290573 
Dealt to 219efa03 
Dealt to 73f29549 
Dealt to Hero [Ac Qd]
73f29549: folds
Hero: raises 350 to 700
b693fb30: calls 700
6790c807: folds
c64bea35: folds
47290573: calls 525
219efa03: calls 350
*** FLOP *** [8s 8h Jd]
47290573: checks
219efa03: checks
Hero: checks
b693fb30: bets 1,523
47290573: folds
219efa03: folds
Hero: calls 1,523
*** TURN *** [8s 8h Jd] [5c]
Hero: checks
b693fb30: checks
*** RIVER *** [8s 8h Jd 5c] [6c]
Hero: checks
b693fb30: checks
Hero: shows [Ac Qd] (a pair of Eights)
b693fb30: shows [Js Kd] (two pair, Jacks and Eights)
*** SHOWDOWN ***
b693fb30 collected 6,091 from pot
*** SUMMARY ***
Total pot 6,091 | Rake 0 | Jackpot 0 | Bingo 0 | Fortune 0 | Tax 0
Board [8s 8h Jd 5c 6c]
Seat 1: b693fb30 showed [Js Kd] and won (6,091) with two pair, Jacks and Eights
Seat 2: 6790c807 folded before Flop
Seat 3: c64bea35 (button) folded before Flop
Seat 4: 47290573 (small blind) folded on the Flop
Seat 5: 219efa03 (big blind) folded on the Flop
Seat 6: 73f29549 folded before Flop
Seat 7: Hero showed [Ac Qd] and lost with a pair of Eights


Poker Hand #TM5614074869: Tournament #264779532, APL Series: ¥110 Zodiac Bounty + Rat Hold'em No Limit - Level8(175/350(35)) - 2026/02/21 16:53:53
Table '41' 8-max Seat #2 is the button
Seat 1: b693fb30 (64,324 in chips)
Seat 2: 6790c807 (12,975 in chips)
Seat 3: c64bea35 (14,624 in chips)
Seat 4: 47290573 (11,571 in chips)
Seat 5: 219efa03 (32,772 in chips)
Seat 6: 73f29549 (6,478 in chips)
Seat 7: Hero (29,902 in chips)
Seat 8: 9b92d235 (4,737 in chips)
c64bea35: posts the ante 35
6790c807: posts the ante 35
Hero: posts the ante 35
47290573: posts the ante 35
9b92d235: posts the ante 35
b693fb30: posts the ante 35
73f29549: posts the ante 35
219efa03: posts the ante 35
c64bea35: posts small blind 175
47290573: posts big blind 350
*** HOLE CARDS ***
Dealt to b693fb30 
Dealt to 6790c807 
Dealt to c64bea35 
Dealt to 47290573 
Dealt to 219efa03 
Dealt to 73f29549 
Dealt to Hero [Td 8c]
Dealt to 9b92d235 
219efa03: folds
73f29549: folds
Hero: folds
9b92d235: raises 4,352 to 4,702 and is all-in
b693fb30: folds
6790c807: raises 8,238 to 12,940 and is all-in
c64bea35: folds
47290573: folds
Uncalled bet (8,238) returned to 6790c807
6790c807: shows [As 8h]
9b92d235: shows [Ac Kc]
*** FLOP *** [9h 7h 9d]
*** TURN *** [9h 7h 9d] [8s]
*** RIVER *** [9h 7h 9d 8s] [Jh]
*** SHOWDOWN ***
6790c807 collected 10,209 from pot
*** SUMMARY ***
Total pot 10,209 | Rake 0 | Jackpot 0 | Bingo 0 | Fortune 0 | Tax 0
Board [9h 7h 9d 8s Jh]
Seat 1: b693fb30 folded before Flop
Seat 2: 6790c807 (button) showed [As 8h] and won (10,209) with two pair, Nines and Eights
Seat 3: c64bea35 (small blind) folded before Flop
Seat 4: 47290573 (big blind) folded before Flop
Seat 5: 219efa03 folded before Flop
Seat 6: 73f29549 folded before Flop
Seat 7: Hero folded before Flop
Seat 8: 9b92d235 showed [Ac Kc] and lost with a pair of Nines


Poker Hand #TM5614074863: Tournament #264779532, APL Series: ¥110 Zodiac Bounty + Rat Hold'em No Limit - Level8(175/350(35)) - 2026/02/21 16:52:46
Table '41' 8-max Seat #1 is the button
Seat 1: b693fb30 (66,424 in chips)
Seat 2: 6790c807 (9,615 in chips)
Seat 3: c64bea35 (15,009 in chips)
Seat 4: 47290573 (11,606 in chips)
Seat 5: 219efa03 (32,807 in chips)
Seat 6: 73f29549 (6,513 in chips)
Seat 7: Hero (30,637 in chips)
Seat 8: 9b92d235 (4,772 in chips)
c64bea35: posts the ante 35
Hero: posts the ante 35
47290573: posts the ante 35
6790c807: posts the ante 35
9b92d235: posts the ante 35
b693fb30: posts the ante 35
73f29549: posts the ante 35
219efa03: posts the ante 35
6790c807: posts small blind 175
c64bea35: posts big blind 350
*** HOLE CARDS ***
Dealt to b693fb30 
Dealt to 6790c807 
Dealt to c64bea35 
Dealt to 47290573 
Dealt to 219efa03 
Dealt to 73f29549 
Dealt to Hero [8c 9c]
Dealt to 9b92d235 
47290573: folds
219efa03: folds
73f29549: folds
Hero: raises 350 to 700
9b92d235: folds
b693fb30: calls 700
6790c807: calls 525
c64bea35: folds
*** FLOP *** [2h 5h 3d]
6790c807: checks
Hero: checks
b693fb30: bets 1,365
6790c807: calls 1,365
Hero: folds
*** TURN *** [2h 5h 3d] [3s]
6790c807: checks
b693fb30: checks
*** RIVER *** [2h 5h 3d 3s] [Jd]
6790c807: bets 7,515 and is all-in
b693fb30: folds
Uncalled bet (7,515) returned to 6790c807
*** SHOWDOWN ***
6790c807 collected 5,460 from pot
*** SUMMARY ***
Total pot 5,460 | Rake 0 | Jackpot 0 | Bingo 0 | Fortune 0 | Tax 0
Board [2h 5h 3d 3s Jd]
Seat 1: b693fb30 (button) folded on the River
Seat 2: 6790c807 (small blind) won (5,460)
Seat 3: c64bea35 (big blind) folded before Flop
Seat 4: 47290573 folded before Flop
Seat 5: 219efa03 folded before Flop
Seat 6: 73f29549 folded before Flop
Seat 7: Hero folded on the Flop
Seat 8: 9b92d235 folded before Flop


Poker Hand #TM5614074850: Tournament #264779532, APL Series: ¥110 Zodiac Bounty + Rat Hold'em No Limit - Level8(175/350(35)) - 2026/02/21 16:51:10
Table '41' 8-max Seat #8 is the button
Seat 1: b693fb30 (66,634 in chips)
Seat 2: 6790c807 (10,000 in chips)
Seat 3: c64bea35 (15,744 in chips)
Seat 4: 47290573 (11,641 in chips)
Seat 5: 219efa03 (32,842 in chips)
Seat 6: 73f29549 (6,548 in chips)
Seat 7: Hero (14,601 in chips)
Seat 8: 9b92d235 (19,373 in chips)
c64bea35: posts the ante 35
Hero: posts the ante 35
47290573: posts the ante 35
6790c807: posts the ante 35
9b92d235: posts the ante 35
b693fb30: posts the ante 35
73f29549: posts the ante 35
219efa03: posts the ante 35
b693fb30: posts small blind 175
6790c807: posts big blind 350
*** HOLE CARDS ***
Dealt to b693fb30 
Dealt to 6790c807 
Dealt to c64bea35 
Dealt to 47290573 
Dealt to 219efa03 
Dealt to 73f29549 
Dealt to Hero [4d 4h]
Dealt to 9b92d235 
c64bea35: raises 350 to 700
47290573: folds
219efa03: folds
73f29549: folds
Hero: calls 700
9b92d235: raises 2,179 to 2,879
b693fb30: folds
6790c807: folds
c64bea35: folds
Hero: calls 2,179
*** FLOP *** [Qh 8h 8c]
Hero: checks
9b92d235: bets 2,397
Hero: calls 2,397
*** TURN *** [Qh 8h 8c] [7s]
Hero: checks
9b92d235: checks
*** RIVER *** [Qh 8h 8c 7s] [9s]
Hero: checks
9b92d235: bets 9,800
Hero: calls 9,290 and is all-in
Uncalled bet (510) returned to 9b92d235
9b92d235: shows [Js As] (a pair of Eights)
Hero: shows [4d 4h] (two pair, Eights and Fours)
*** SHOWDOWN ***
Hero collected 30,637 from pot
*** SUMMARY ***
Total pot 30,637 | Rake 0 | Jackpot 0 | Bingo 0 | Fortune 0 | Tax 0
Board [Qh 8h 8c 7s 9s]
Seat 1: b693fb30 (small blind) folded before Flop
Seat 2: 6790c807 (big blind) folded before Flop
Seat 3: c64bea35 folded before Flop
Seat 4: 47290573 folded before Flop
Seat 5: 219efa03 folded before Flop
Seat 6: 73f29549 folded before Flop
Seat 7: Hero showed [4d 4h] and won (30,637) with two pair, Eights and Fours
Seat 8: 9b92d235 (button) showed [Js As] and lost with a pair of Eights


Poker Hand #TM5614074844: Tournament #264779532, APL Series: ¥110 Zodiac Bounty + Rat Hold'em No Limit - Level8(175/350(35)) - 2026/02/21 16:50:18
Table '41' 8-max Seat #7 is the button
Seat 1: b693fb30 (69,075 in chips)
Seat 3: c64bea35 (12,953 in chips)
Seat 4: 47290573 (11,676 in chips)
Seat 5: 219efa03 (32,877 in chips)
Seat 6: 73f29549 (6,583 in chips)
Seat 7: Hero (14,636 in chips)
Seat 8: 9b92d235 (19,583 in chips)
c64bea35: posts the ante 35
Hero: posts the ante 35
47290573: posts the ante 35
9b92d235: posts the ante 35
b693fb30: posts the ante 35
73f29549: posts the ante 35
219efa03: posts the ante 35
9b92d235: posts small blind 175
b693fb30: posts big blind 350
*** HOLE CARDS ***
Dealt to b693fb30 
Dealt to c64bea35 
Dealt to 47290573 
Dealt to 219efa03 
Dealt to 73f29549 
Dealt to Hero [8h 6s]
Dealt to 9b92d235 
c64bea35: raises 350 to 700
47290573: folds
219efa03: folds
73f29549: folds
Hero: folds
9b92d235: folds
b693fb30: calls 350
*** FLOP *** [7s 6h 6c]
b693fb30: checks
c64bea35: bets 455
b693fb30: raises 1,251 to 1,706
c64bea35: raises 2,144 to 3,850
b693fb30: folds
Uncalled bet (2,144) returned to c64bea35
*** SHOWDOWN ***
c64bea35 collected 5,232 from pot
*** SUMMARY ***
Total pot 5,232 | Rake 0 | Jackpot 0 | Bingo 0 | Fortune 0 | Tax 0
Board [7s 6h 6c]
Seat 1: b693fb30 (big blind) folded on the Flop
Seat 3: c64bea35 won (5,232)
Seat 4: 47290573 folded before Flop
Seat 5: 219efa03 folded before Flop
Seat 6: 73f29549 folded before Flop
Seat 7: Hero (button) folded before Flop
Seat 8: 9b92d235 (small blind) folded before Flop


Poker Hand #TM5614074834: Tournament #264779532, APL Series: ¥110 Zodiac Bounty + Rat Hold'em No Limit - Level8(175/350(35)) - 2026/02/21 16:49:10
Table '41' 8-max Seat #6 is the button
Seat 1: b693fb30 (69,110 in chips)
Seat 3: c64bea35 (12,988 in chips)
Seat 4: 47290573 (22,614 in chips)
Seat 5: 219efa03 (21,239 in chips)
Seat 6: 73f29549 (6,618 in chips)
Seat 7: Hero (14,846 in chips)
Seat 8: 9b92d235 (19,968 in chips)
c64bea35: posts the ante 35
47290573: posts the ante 35
Hero: posts the ante 35
9b92d235: posts the ante 35
b693fb30: posts the ante 35
73f29549: posts the ante 35
219efa03: posts the ante 35
Hero: posts small blind 175
9b92d235: posts big blind 350
*** HOLE CARDS ***
Dealt to b693fb30 
Dealt to c64bea35 
Dealt to 47290573 
Dealt to 219efa03 
Dealt to 73f29549 
Dealt to Hero [3s 4h]
Dealt to 9b92d235 
b693fb30: folds
c64bea35: folds
47290573: raises 350 to 700
219efa03: raises 1,470 to 2,170
73f29549: folds
Hero: folds
9b92d235: folds
47290573: calls 1,470
*** FLOP *** [7d Js Ah]
47290573: checks
219efa03: checks
*** TURN *** [7d Js Ah] [5h]
47290573: checks
219efa03: bets 1,960
47290573: calls 1,960
*** RIVER *** [7d Js Ah 5h] [Kc]
47290573: checks
219efa03: bets 6,773
47290573: calls 6,773
219efa03: shows [Ad Ac] (three of a kind, Aces)
47290573: shows [Jd Qc] (a pair of Jacks)
*** SHOWDOWN ***
219efa03 collected 22,576 from pot
*** SUMMARY ***
Total pot 22,576 | Rake 0 | Jackpot 0 | Bingo 0 | Fortune 0 | Tax 0
Board [7d Js Ah 5h Kc]
Seat 1: b693fb30 folded before Flop
Seat 3: c64bea35 folded before Flop
Seat 4: 47290573 showed [Jd Qc] and lost with a pair of Jacks
Seat 5: 219efa03 showed [Ad Ac] and won (22,576) with three of a kind, Aces
Seat 6: 73f29549 (button) folded before Flop
Seat 7: Hero (small blind) folded before Flop
Seat 8: 9b92d235 (big blind) folded before Flop


Poker Hand #TM5614074830: Tournament #264779532, APL Series: ¥110 Zodiac Bounty + Rat Hold'em No Limit - Level8(175/350(35)) - 2026/02/21 16:48:44
Table '41' 8-max Seat #5 is the button
Seat 1: b693fb30 (68,025 in chips)
Seat 3: c64bea35 (13,023 in chips)
Seat 4: 47290573 (22,649 in chips)
Seat 5: 219efa03 (21,274 in chips)
Seat 6: 73f29549 (6,828 in chips)
Seat 7: Hero (15,581 in chips)
Seat 8: 9b92d235 (20,003 in chips)
c64bea35: posts the ante 35
47290573: posts the ante 35
Hero: posts the ante 35
9b92d235: posts the ante 35
b693fb30: posts the ante 35
73f29549: posts the ante 35
219efa03: posts the ante 35
73f29549: posts small blind 175
Hero: posts big blind 350
*** HOLE CARDS ***
Dealt to b693fb30 
Dealt to c64bea35 
Dealt to 47290573 
Dealt to 219efa03 
Dealt to 73f29549 
Dealt to Hero [Js 8h]
Dealt to 9b92d235 
9b92d235: folds
b693fb30: raises 350 to 700
c64bea35: folds
47290573: folds
219efa03: folds
73f29549: folds
Hero: calls 350
*** FLOP *** [9s 4h Kd]
Hero: checks
b693fb30: bets 910
Hero: folds
Uncalled bet (910) returned to b693fb30
*** SHOWDOWN ***
b693fb30 collected 1,820 from pot
*** SUMMARY ***
Total pot 1,820 | Rake 0 | Jackpot 0 | Bingo 0 | Fortune 0 | Tax 0
Board [9s 4h Kd]
Seat 1: b693fb30 won (1,820)
Seat 3: c64bea35 folded before Flop
Seat 4: 47290573 folded before Flop
Seat 5: 219efa03 (button) folded before Flop
Seat 6: 73f29549 (small blind) folded before Flop
Seat 7: Hero (big blind) folded on the Flop
Seat 8: 9b92d235 folded before Flop


Poker Hand #TM5614074823: Tournament #264779532, APL Series: ¥110 Zodiac Bounty + Rat Hold'em No Limit - Level8(175/350(35)) - 2026/02/21 16:47:49
Table '41' 8-max Seat #4 is the button
Seat 1: b693fb30 (58,250 in chips)
Seat 2: 65942ac8 (9,040 in chips)
Seat 3: c64bea35 (13,058 in chips)
Seat 4: 47290573 (22,684 in chips)
Seat 5: 219efa03 (21,484 in chips)
Seat 6: 73f29549 (7,213 in chips)
Seat 7: Hero (15,616 in chips)
Seat 8: 9b92d235 (20,038 in chips)
c64bea35: posts the ante 35
47290573: posts the ante 35
Hero: posts the ante 35
9b92d235: posts the ante 35
b693fb30: posts the ante 35
73f29549: posts the ante 35
219efa03: posts the ante 35
65942ac8: posts the ante 35
219efa03: posts small blind 175
73f29549: posts big blind 350
*** HOLE CARDS ***
Dealt to b693fb30 
Dealt to 65942ac8 
Dealt to c64bea35 
Dealt to 47290573 
Dealt to 219efa03 
Dealt to 73f29549 
Dealt to Hero [Kd 2s]
Dealt to 9b92d235 
Hero: folds
9b92d235: folds
b693fb30: raises 350 to 700
65942ac8: raises 1,453 to 2,153
c64bea35: folds
47290573: folds
219efa03: folds
73f29549: folds
b693fb30: raises 56,062 to 58,215 and is all-in
65942ac8: calls 6,852 and is all-in
Uncalled bet (49,210) returned to b693fb30
b693fb30: shows [As Qs]
65942ac8: shows [Tc Ts]
*** FLOP *** [4s 8h Th]
*** TURN *** [4s 8h Th] [Js]
*** RIVER *** [4s 8h Th Js] [5s]
*** SHOWDOWN ***
b693fb30 collected 18,815 from pot
*** SUMMARY ***
Total pot 18,815 | Rake 0 | Jackpot 0 | Bingo 0 | Fortune 0 | Tax 0
Board [4s 8h Th Js 5s]
Seat 1: b693fb30 showed [As Qs] and won (18,815) with a flush Ace high
Seat 2: 65942ac8 showed [Tc Ts] and lost with three of a kind, Tens
Seat 3: c64bea35 folded before Flop
Seat 4: 47290573 (button) folded before Flop
Seat 5: 219efa03 (small blind) folded before Flop
Seat 6: 73f29549 (big blind) folded before Flop
Seat 7: Hero folded before Flop
Seat 8: 9b92d235 folded before Flop


Poker Hand #TM5614074815: Tournament #264779532, APL Series: ¥110 Zodiac Bounty + Rat Hold'em No Limit - Level7(150/300(35)) - 2026/02/21 16:46:30
Table '41' 8-max Seat #3 is the button
Seat 1: b693fb30 (58,285 in chips)
Seat 2: 65942ac8 (9,075 in chips)
Seat 3: c64bea35 (15,488 in chips)
Seat 4: 47290573 (22,869 in chips)
Seat 5: 219efa03 (21,819 in chips)
Seat 6: 73f29549 (7,248 in chips)
Seat 7: Hero (15,651 in chips)
Seat 8: 9b92d235 (16,948 in chips)
c64bea35: posts the ante 35
Hero: posts the ante 35
47290573: posts the ante 35
9b92d235: posts the ante 35
b693fb30: posts the ante 35
73f29549: posts the ante 35
219efa03: posts the ante 35
65942ac8: posts the ante 35
47290573: posts small blind 150
219efa03: posts big blind 300
*** HOLE CARDS ***
Dealt to b693fb30 
Dealt to 65942ac8 
Dealt to c64bea35 
Dealt to 47290573 
Dealt to 219efa03 
Dealt to 73f29549 
Dealt to Hero [6s Td]
Dealt to 9b92d235 
73f29549: folds
Hero: folds
9b92d235: calls 300
b693fb30: folds
65942ac8: folds
c64bea35: calls 300
47290573: folds
219efa03: checks
*** FLOP *** [Kd 5h 8d]
219efa03: checks
9b92d235: bets 439
c64bea35: calls 439
219efa03: folds
*** TURN *** [Kd 5h 8d] [7h]
9b92d235: bets 1,656
c64bea35: calls 1,656
*** RIVER *** [Kd 5h 8d 7h] [4s]
9b92d235: checks
c64bea35: checks
9b92d235: shows [2h 2c] (a pair of Twos)
c64bea35: shows [9d Ad] (Ace high)
*** SHOWDOWN ***
9b92d235 collected 5,520 from pot
*** SUMMARY ***
Total pot 5,520 | Rake 0 | Jackpot 0 | Bingo 0 | Fortune 0 | Tax 0
Board [Kd 5h 8d 7h 4s]
Seat 1: b693fb30 folded before Flop
Seat 2: 65942ac8 folded before Flop
Seat 3: c64bea35 (button) showed [9d Ad] and lost with Ace high
Seat 4: 47290573 (small blind) folded before Flop
Seat 5: 219efa03 (big blind) folded on the Flop
Seat 6: 73f29549 folded before Flop
Seat 7: Hero folded before Flop
Seat 8: 9b92d235 showed [2h 2c] and won (5,520) with a pair of Twos


Poker Hand #TM5614074812: Tournament #264779532, APL Series: ¥110 Zodiac Bounty + Rat Hold'em No Limit - Level7(150/300(35)) - 2026/02/21 16:46:01
Table '41' 8-max Seat #2 is the button
Seat 1: b693fb30 (58,320 in chips)
Seat 2: 65942ac8 (9,110 in chips)
Seat 3: c64bea35 (15,673 in chips)
Seat 4: 47290573 (22,474 in chips)
Seat 5: 219efa03 (21,854 in chips)
Seat 6: 73f29549 (7,283 in chips)
Seat 7: Hero (15,686 in chips)
Seat 8: 9b92d235 (16,983 in chips)
c64bea35: posts the ante 35
Hero: posts the ante 35
47290573: posts the ante 35
9b92d235: posts the ante 35
b693fb30: posts the ante 35
73f29549: posts the ante 35
219efa03: posts the ante 35
65942ac8: posts the ante 35
c64bea35: posts small blind 150
47290573: posts big blind 300
*** HOLE CARDS ***
Dealt to b693fb30 
Dealt to 65942ac8 
Dealt to c64bea35 
Dealt to 47290573 
Dealt to 219efa03 
Dealt to 73f29549 
Dealt to Hero [Ad 5c]
Dealt to 9b92d235 
219efa03: folds
73f29549: folds
Hero: folds
9b92d235: folds
b693fb30: folds
65942ac8: folds
c64bea35: folds
Uncalled bet (150) returned to 47290573
*** SHOWDOWN ***
47290573 collected 580 from pot
*** SUMMARY ***
Total pot 580 | Rake 0 | Jackpot 0 | Bingo 0 | Fortune 0 | Tax 0
Seat 1: b693fb30 folded before Flop
Seat 2: 65942ac8 (button) folded before Flop
Seat 3: c64bea35 (small blind) folded before Flop
Seat 4: 47290573 (big blind) collected (580)
Seat 5: 219efa03 folded before Flop
Seat 6: 73f29549 folded before Flop
Seat 7: Hero folded before Flop
Seat 8: 9b92d235 folded before Flop


Poker Hand #TM5614074809: Tournament #264779532, APL Series: ¥110 Zodiac Bounty + Rat Hold'em No Limit - Level7(150/300(35)) - 2026/02/21 16:45:36
Table '41' 8-max Seat #1 is the button
Seat 1: b693fb30 (58,355 in chips)
Seat 2: 65942ac8 (9,295 in chips)
Seat 3: c64bea35 (15,278 in chips)
Seat 4: 47290573 (22,509 in chips)
Seat 5: 219efa03 (21,889 in chips)
Seat 6: 73f29549 (7,318 in chips)
Seat 7: Hero (15,721 in chips)
Seat 8: 9b92d235 (17,018 in chips)
c64bea35: posts the ante 35
Hero: posts the ante 35
47290573: posts the ante 35
9b92d235: posts the ante 35
b693fb30: posts the ante 35
73f29549: posts the ante 35
219efa03: posts the ante 35
65942ac8: posts the ante 35
65942ac8: posts small blind 150
c64bea35: posts big blind 300
*** HOLE CARDS ***
Dealt to b693fb30 
Dealt to 65942ac8 
Dealt to c64bea35 
Dealt to 47290573 
Dealt to 219efa03 
Dealt to 73f29549 
Dealt to Hero [Jd 2s]
Dealt to 9b92d235 
47290573: folds
219efa03: folds
73f29549: folds
Hero: folds
9b92d235: folds
b693fb30: folds
65942ac8: folds
Uncalled bet (150) returned to c64bea35
*** SHOWDOWN ***
c64bea35 collected 580 from pot
*** SUMMARY ***
Total pot 580 | Rake 0 | Jackpot 0 | Bingo 0 | Fortune 0 | Tax 0
Seat 1: b693fb30 (button) folded before Flop
Seat 2: 65942ac8 (small blind) folded before Flop
Seat 3: c64bea35 (big blind) collected (580)
Seat 4: 47290573 folded before Flop
Seat 5: 219efa03 folded before Flop
Seat 6: 73f29549 folded before Flop
Seat 7: Hero folded before Flop
Seat 8: 9b92d235 folded before Flop


Poker Hand #TM5614074800: Tournament #264779532, APL Series: ¥110 Zodiac Bounty + Rat Hold'em No Limit - Level7(150/300(35)) - 2026/02/21 16:44:31
Table '41' 8-max Seat #8 is the button
Seat 1: b693fb30 (58,990 in chips)
Seat 2: 65942ac8 (9,930 in chips)
Seat 3: c64bea35 (15,313 in chips)
Seat 4: 47290573 (20,464 in chips)
Seat 5: 219efa03 (21,924 in chips)
Seat 6: 73f29549 (7,353 in chips)
Seat 7: Hero (15,756 in chips)
Seat 8: 9b92d235 (17,653 in chips)
c64bea35: posts the ante 35
Hero: posts the ante 35
47290573: posts the ante 35
9b92d235: posts the ante 35
b693fb30: posts the ante 35
73f29549: posts the ante 35
219efa03: posts the ante 35
65942ac8: posts the ante 35
b693fb30: posts small blind 150
65942ac8: posts big blind 300
*** HOLE CARDS ***
Dealt to b693fb30 
Dealt to 65942ac8 
Dealt to c64bea35 
Dealt to 47290573 
Dealt to 219efa03 
Dealt to 73f29549 
Dealt to Hero [9h 6s]
Dealt to 9b92d235 
c64bea35: folds
47290573: raises 300 to 600
219efa03: folds
73f29549: folds
Hero: folds
9b92d235: calls 600
b693fb30: calls 450
65942ac8: calls 300
*** FLOP *** [9c 9d 2s]
b693fb30: checks
65942ac8: checks
47290573: bets 885
9b92d235: folds
b693fb30: folds
65942ac8: folds
Uncalled bet (885) returned to 47290573
*** SHOWDOWN ***
47290573 collected 2,680 from pot
*** SUMMARY ***
Total pot 2,680 | Rake 0 | Jackpot 0 | Bingo 0 | Fortune 0 | Tax 0
Board [9c 9d 2s]
Seat 1: b693fb30 (small blind) folded on the Flop
Seat 2: 65942ac8 (big blind) folded on the Flop
Seat 3: c64bea35 folded before Flop
Seat 4: 47290573 won (2,680)
Seat 5: 219efa03 folded before Flop
Seat 6: 73f29549 folded before Flop
Seat 7: Hero folded before Flop
Seat 8: 9b92d235 (button) folded on the Flop


Poker Hand #TM5614074796: Tournament #264779532, APL Series: ¥110 Zodiac Bounty + Rat Hold'em No Limit - Level7(150/300(35)) - 2026/02/21 16:44:12
Table '41' 8-max Seat #7 is the button
Seat 1: b693fb30 (58,595 in chips)
Seat 2: 65942ac8 (9,965 in chips)
Seat 3: c64bea35 (15,348 in chips)
Seat 4: 47290573 (20,499 in chips)
Seat 5: 219efa03 (21,959 in chips)
Seat 6: 73f29549 (7,388 in chips)
Seat 7: Hero (15,791 in chips)
Seat 8: 9b92d235 (17,838 in chips)
c64bea35: posts the ante 35
Hero: posts the ante 35
47290573: posts the ante 35
9b92d235: posts the ante 35
b693fb30: posts the ante 35
73f29549: posts the ante 35
219efa03: posts the ante 35
65942ac8: posts the ante 35
9b92d235: posts small blind 150
b693fb30: posts big blind 300
*** HOLE CARDS ***
Dealt to b693fb30 
Dealt to 65942ac8 
Dealt to c64bea35 
Dealt to 47290573 
Dealt to 219efa03 
Dealt to 73f29549 
Dealt to Hero [4s 3h]
Dealt to 9b92d235 
65942ac8: folds
c64bea35: folds
47290573: folds
219efa03: folds
73f29549: folds
Hero: folds
9b92d235: folds
Uncalled bet (150) returned to b693fb30
*** SHOWDOWN ***
b693fb30 collected 580 from pot
*** SUMMARY ***
Total pot 580 | Rake 0 | Jackpot 0 | Bingo 0 | Fortune 0 | Tax 0
Seat 1: b693fb30 (big blind) collected (580)
Seat 2: 65942ac8 folded before Flop
Seat 3: c64bea35 folded before Flop
Seat 4: 47290573 folded before Flop
Seat 5: 219efa03 folded before Flop
Seat 6: 73f29549 folded before Flop
Seat 7: Hero (button) folded before Flop
Seat 8: 9b92d235 (small blind) folded before Flop


Poker Hand #TM5614074788: Tournament #264779532, APL Series: ¥110 Zodiac Bounty + Rat Hold'em No Limit - Level7(150/300(35)) - 2026/02/21 16:42:52
Table '41' 8-max Seat #6 is the button
Seat 1: b693fb30 (58,630 in chips)
Seat 2: 65942ac8 (10,000 in chips)
Seat 3: c64bea35 (7,089 in chips)
Seat 4: 47290573 (27,588 in chips)
Seat 5: 219efa03 (21,994 in chips)
Seat 6: 73f29549 (7,423 in chips)
Seat 7: Hero (16,486 in chips)
Seat 8: 9b92d235 (18,173 in chips)
c64bea35: posts the ante 35
47290573: posts the ante 35
Hero: posts the ante 35
9b92d235: posts the ante 35
b693fb30: posts the ante 35
73f29549: posts the ante 35
219efa03: posts the ante 35
65942ac8: posts the ante 35
Hero: posts small blind 150
9b92d235: posts big blind 300
*** HOLE CARDS ***
Dealt to b693fb30 
Dealt to 65942ac8 
Dealt to c64bea35 
Dealt to 47290573 
Dealt to 219efa03 
Dealt to 73f29549 
Dealt to Hero [Kh Tc]
Dealt to 9b92d235 
b693fb30: folds
65942ac8: folds
c64bea35: raises 360 to 660
47290573: calls 660
219efa03: folds
73f29549: folds
Hero: calls 510
9b92d235: folds
*** FLOP *** [2d 4h 3d]
Hero: checks
c64bea35: bets 1,800
47290573: calls 1,800
Hero: folds
*** TURN *** [2d 4h 3d] [Kc]
c64bea35: bets 4,594 and is all-in
47290573: calls 4,594
c64bea35: shows [9d 9h] (a pair of Nines)
47290573: shows [3h Ah] (a pair of Threes)
*** RIVER *** [2d 4h 3d Kc] [8h]
9b92d235: shows [3s] (a pair of Threes)
*** SHOWDOWN ***
c64bea35 collected 15,348 from pot
*** SUMMARY ***
Total pot 15,348 | Rake 0 | Jackpot 0 | Bingo 0 | Fortune 0 | Tax 0
Board [2d 4h 3d Kc 8h]
Seat 1: b693fb30 folded before Flop
Seat 2: 65942ac8 folded before Flop
Seat 3: c64bea35 showed [9d 9h] and won (15,348) with a pair of Nines
Seat 4: 47290573 showed [3h Ah] and lost with a pair of Threes
Seat 5: 219efa03 folded before Flop
Seat 6: 73f29549 (button) folded before Flop
Seat 7: Hero (small blind) folded on the Flop
Seat 8: 9b92d235 (big blind) folded before Flop


Poker Hand #TM5614074781: Tournament #264779532, APL Series: ¥110 Zodiac Bounty + Rat Hold'em No Limit - Level7(150/300(35)) - 2026/02/21 16:41:55
Table '41' 8-max Seat #5 is the button
Seat 1: b693fb30 (58,665 in chips)
Seat 3: c64bea35 (7,124 in chips)
Seat 4: 47290573 (27,923 in chips)
Seat 5: 219efa03 (22,029 in chips)
Seat 6: 73f29549 (7,608 in chips)
Seat 7: Hero (15,526 in chips)
Seat 8: 9b92d235 (18,508 in chips)
c64bea35: posts the ante 35
47290573: posts the ante 35
Hero: posts the ante 35
9b92d235: posts the ante 35
b693fb30: posts the ante 35
73f29549: posts the ante 35
219efa03: posts the ante 35
73f29549: posts small blind 150
Hero: posts big blind 300
*** HOLE CARDS ***
Dealt to b693fb30 
Dealt to c64bea35 
Dealt to 47290573 
Dealt to 219efa03 
Dealt to 73f29549 
Dealt to Hero [4s Kd]
Dealt to 9b92d235 
9b92d235: calls 300
b693fb30: folds
c64bea35: folds
47290573: calls 300
219efa03: folds
73f29549: folds
Hero: checks
*** FLOP *** [Jc 5s 4c]
Hero: checks
9b92d235: checks
47290573: checks
*** TURN *** [Jc 5s 4c] [3h]
Hero: checks
9b92d235: checks
47290573: checks
*** RIVER *** [Jc 5s 4c 3h] [Jd]
Hero: checks
9b92d235: checks
47290573: checks
Hero: shows [4s Kd] (two pair, Jacks and Fours)
9b92d235: shows [Ts Qs] (a pair of Jacks)
47290573: shows [7d Td] (a pair of Jacks)
*** SHOWDOWN ***
Hero collected 1,295 from pot
*** SUMMARY ***
Total pot 1,295 | Rake 0 | Jackpot 0 | Bingo 0 | Fortune 0 | Tax 0
Board [Jc 5s 4c 3h Jd]
Seat 1: b693fb30 folded before Flop
Seat 3: c64bea35 folded before Flop
Seat 4: 47290573 showed [7d Td] and lost with a pair of Jacks
Seat 5: 219efa03 (button) folded before Flop
Seat 6: 73f29549 (small blind) folded before Flop
Seat 7: Hero (big blind) showed [4s Kd] and won (1,295) with two pair, Jacks and Fours
Seat 8: 9b92d235 showed [Ts Qs] and lost with a pair of Jacks


Poker Hand #TM5614074777: Tournament #264779532, APL Series: ¥110 Zodiac Bounty + Rat Hold'em No Limit - Level7(150/300(35)) - 2026/02/21 16:40:58
Table '41' 8-max Seat #4 is the button
Seat 1: b693fb30 (58,700 in chips)
Seat 2: b95113 (6,159 in chips)
Seat 3: c64bea35 (12,887 in chips)
Seat 4: 47290573 (27,958 in chips)
Seat 5: 219efa03 (22,214 in chips)
Seat 6: 73f29549 (7,943 in chips)
Seat 7: Hero (15,561 in chips)
Seat 8: 9b92d235 (5,961 in chips)
c64bea35: posts the ante 35
47290573: posts the ante 35
Hero: posts the ante 35
b95113: posts the ante 35
9b92d235: posts the ante 35
b693fb30: posts the ante 35
73f29549: posts the ante 35
219efa03: posts the ante 35
219efa03: posts small blind 150
73f29549: posts big blind 300
*** HOLE CARDS ***
Dealt to b693fb30 
Dealt to b95113 
Dealt to c64bea35 
Dealt to 47290573 
Dealt to 219efa03 
Dealt to 73f29549 
Dealt to Hero [5c 3c]
Dealt to 9b92d235 
Hero: folds
9b92d235: raises 5,626 to 5,926 and is all-in
b693fb30: folds
b95113: raises 198 to 6,124 and is all-in
c64bea35: raises 6,728 to 12,852 and is all-in
47290573: folds
219efa03: folds
73f29549: folds
Uncalled bet (6,728) returned to c64bea35
c64bea35: shows [Jd Kd]
9b92d235: shows [Js Jh]
b95113: shows [Th Qs]
*** FLOP *** [As 6s 4c]
*** TURN *** [As 6s 4c] [6c]
*** RIVER *** [As 6s 4c 6c] [9c]
Hero: shows [5c 3c] (a flush Nine high)
*** SHOWDOWN ***
9b92d235 collected 18,508 from pot
c64bea35 collected 396 from pot
*** SUMMARY ***
Total pot 18,904 | Rake 0 | Jackpot 0 | Bingo 0 | Fortune 0 | Tax 0
Board [As 6s 4c 6c 9c]
Seat 1: b693fb30 folded before Flop
Seat 2: b95113 showed [Th Qs] and lost with a pair of Sixes
Seat 3: c64bea35 showed [Jd Kd] and won (396) with a pair of Sixes
Seat 4: 47290573 (button) folded before Flop
Seat 5: 219efa03 (small blind) folded before Flop
Seat 6: 73f29549 (big blind) folded before Flop
Seat 7: Hero folded before Flop
Seat 8: 9b92d235 showed [Js Jh] and won (18,508) with two pair, Jacks and Sixes


Poker Hand #TM5614074767: Tournament #264779532, APL Series: ¥110 Zodiac Bounty + Rat Hold'em No Limit - Level7(150/300(35)) - 2026/02/21 16:39:57
Table '41' 8-max Seat #3 is the button
Seat 1: b693fb30 (58,735 in chips)
Seat 2: b95113 (9,440 in chips)
Seat 3: c64bea35 (12,922 in chips)
Seat 4: 47290573 (31,239 in chips)
Seat 5: 219efa03 (14,877 in chips)
Seat 6: 73f29549 (7,978 in chips)
Seat 7: Hero (16,196 in chips)
Seat 8: 9b92d235 (5,996 in chips)
c64bea35: posts the ante 35
Hero: posts the ante 35
47290573: posts the ante 35
b95113: posts the ante 35
9b92d235: posts the ante 35
b693fb30: posts the ante 35
73f29549: posts the ante 35
219efa03: posts the ante 35
47290573: posts small blind 150
219efa03: posts big blind 300
*** HOLE CARDS ***
Dealt to b693fb30 
Dealt to b95113 
Dealt to c64bea35 
Dealt to 47290573 
Dealt to 219efa03 
Dealt to 73f29549 
Dealt to Hero [8s Ac]
Dealt to 9b92d235 
73f29549: folds
Hero: raises 300 to 600
9b92d235: folds
b693fb30: folds
b95113: calls 600
c64bea35: folds
47290573: calls 450
219efa03: calls 300
*** FLOP *** [Th 5s 9h]
47290573: checks
219efa03: checks
Hero: checks
b95113: bets 885
47290573: calls 885
219efa03: calls 885
Hero: folds
*** TURN *** [Th 5s 9h] [4c]
47290573: checks
219efa03: checks
b95113: checks
*** RIVER *** [Th 5s 9h 4c] [Qh]
47290573: checks
219efa03: bets 1,761
b95113: calls 1,761
47290573: calls 1,761
219efa03: shows [Qc Td] (two pair, Queens and Tens)
b95113: shows [Qs Jh] (a pair of Queens)
47290573: shows [Ad Tc] (a pair of Tens)
*** SHOWDOWN ***
219efa03 collected 10,618 from pot
*** SUMMARY ***
Total pot 10,618 | Rake 0 | Jackpot 0 | Bingo 0 | Fortune 0 | Tax 0
Board [Th 5s 9h 4c Qh]
Seat 1: b693fb30 folded before Flop
Seat 2: b95113 showed [Qs Jh] and lost with a pair of Queens
Seat 3: c64bea35 (button) folded before Flop
Seat 4: 47290573 (small blind) showed [Ad Tc] and lost with a pair of Tens
Seat 5: 219efa03 (big blind) showed [Qc Td] and won (10,618) with two pair, Queens and Tens
Seat 6: 73f29549 folded before Flop
Seat 7: Hero folded on the Flop
Seat 8: 9b92d235 folded before Flop


Poker Hand #TM5614074760: Tournament #264779532, APL Series: ¥110 Zodiac Bounty + Rat Hold'em No Limit - Level7(150/300(35)) - 2026/02/21 16:39:03
Table '41' 8-max Seat #2 is the button
Seat 1: b693fb30 (58,770 in chips)
Seat 2: b95113 (9,475 in chips)
Seat 3: c64bea35 (13,107 in chips)
Seat 4: 47290573 (41,239 in chips)
Seat 6: 73f29549 (8,013 in chips)
Seat 7: Hero (10,000 in chips)
Seat 8: 9b92d235 (1,902 in chips)
c64bea35: posts the ante 35
Hero: posts the ante 35
47290573: posts the ante 35
b95113: posts the ante 35
9b92d235: posts the ante 35
b693fb30: posts the ante 35
73f29549: posts the ante 35
c64bea35: posts small blind 150
47290573: posts big blind 300
*** HOLE CARDS ***
Dealt to b693fb30 
Dealt to b95113 
Dealt to c64bea35 
Dealt to 47290573 
Dealt to 73f29549 
Dealt to Hero [8h Kd]
Dealt to 9b92d235 
73f29549: folds
Hero: raises 300 to 600
9b92d235: raises 1,267 to 1,867 and is all-in
b693fb30: folds
b95113: folds
c64bea35: folds
47290573: calls 1,567
Hero: raises 8,098 to 9,965 and is all-in
47290573: calls 8,098
Hero: shows [8h Kd]
9b92d235: shows [Jc Jd]
47290573: shows [7h Qh]
*** FLOP *** [3d Ts 8c]
*** TURN *** [3d Ts 8c] [2c]
*** RIVER *** [3d Ts 8c 2c] [7d]
*** SHOWDOWN ***
9b92d235 collected 5,996 from pot
Hero collected 16,196 from pot
*** SUMMARY ***
Total pot 22,192 | Rake 0 | Jackpot 0 | Bingo 0 | Fortune 0 | Tax 0
Board [3d Ts 8c 2c 7d]
Seat 1: b693fb30 folded before Flop
Seat 2: b95113 (button) folded before Flop
Seat 3: c64bea35 (small blind) folded before Flop
Seat 4: 47290573 (big blind) showed [7h Qh] and lost with a pair of Sevens
Seat 6: 73f29549 folded before Flop
Seat 7: Hero showed [8h Kd] and won (16,196) with a pair of Eights
Seat 8: 9b92d235 showed [Jc Jd] and won (5,996) with a pair of Jacks


