Poker Hand #TM5561386475: Tournament #261966765, Bounty Hunters Sunday Special $8.88 Hold'em No Limit - Level4(100/200(30)) - 2026/02/08 22:21:19
Table '139' 8-max Seat #2 is the button
Seat 1: 26083753 (10,275 in chips)
Seat 2: 7013039a (11,219 in chips)
Seat 3: Hero (4,896 in chips)
Seat 4: 46bb818d (39,609 in chips)
Seat 5: b66a92f7 (8,338 in chips)
Seat 6: efb3b418 (11,215 in chips)
Seat 7: ce0f66bd (28,596 in chips)
Seat 8: d4908392 (7,537 in chips)
46bb818d: posts the ante 30
7013039a: posts the ante 30
efb3b418: posts the ante 30
Hero: posts the ante 30
26083753: posts the ante 30
d4908392: posts the ante 30
b66a92f7: posts the ante 30
ce0f66bd: posts the ante 30
Hero: posts small blind 100
46bb818d: posts big blind 200
*** HOLE CARDS ***
Dealt to 26083753 
Dealt to 7013039a 
Dealt to Hero [Qh As]
Dealt to 46bb818d 
Dealt to b66a92f7 
Dealt to efb3b418 
Dealt to ce0f66bd 
Dealt to d4908392 
b66a92f7: folds
efb3b418: folds
ce0f66bd: folds
d4908392: folds
26083753: raises 200 to 400
7013039a: folds
Hero: raises 4,466 to 4,866 and is all-in
46bb818d: raises 34,713 to 39,579 and is all-in
26083753: folds
Uncalled bet (34,713) returned to 46bb818d
46bb818d: shows [7s 6s]
Hero: shows [Qh As]
*** FLOP *** [7h Qs 8d]
*** TURN *** [7h Qs 8d] [Js]
*** RIVER *** [7h Qs 8d Js] [8s]
*** SHOWDOWN ***
46bb818d collected 10,372 from pot
*** SUMMARY ***
Total pot 10,372 | Rake 0 | Jackpot 0 | Bingo 0 | Fortune 0 | Tax 0
Board [7h Qs 8d Js 8s]
Seat 1: 26083753 folded before Flop
Seat 2: 7013039a (button) folded before Flop
Seat 3: Hero (small blind) showed [Qh As] and lost with two pair, Queens and Eights
Seat 4: 46bb818d (big blind) showed [7s 6s] and won (10,372) with a flush Queen high
Seat 5: b66a92f7 folded before Flop
Seat 6: efb3b418 folded before Flop
Seat 7: ce0f66bd folded before Flop
Seat 8: d4908392 folded before Flop


Poker Hand #TM5561386397: Tournament #261966765, Bounty Hunters Sunday Special $8.88 Hold'em No Limit - Level4(100/200(30)) - 2026/02/08 22:19:45
Table '139' 8-max Seat #1 is the button
Seat 1: 26083753 (11,040 in chips)
Seat 2: 7013039a (11,349 in chips)
Seat 3: Hero (5,126 in chips)
Seat 4: 46bb818d (39,639 in chips)
Seat 5: b66a92f7 (8,368 in chips)
Seat 6: efb3b418 (9,970 in chips)
Seat 7: ce0f66bd (28,626 in chips)
Seat 8: d4908392 (7,567 in chips)
46bb818d: posts the ante 30
efb3b418: posts the ante 30
7013039a: posts the ante 30
Hero: posts the ante 30
26083753: posts the ante 30
d4908392: posts the ante 30
b66a92f7: posts the ante 30
ce0f66bd: posts the ante 30
7013039a: posts small blind 100
Hero: posts big blind 200
*** HOLE CARDS ***
Dealt to 26083753 
Dealt to 7013039a 
Dealt to Hero [3c 7h]
Dealt to 46bb818d 
Dealt to b66a92f7 
Dealt to efb3b418 
Dealt to ce0f66bd 
Dealt to d4908392 
46bb818d: folds
b66a92f7: folds
efb3b418: raises 200 to 400
ce0f66bd: folds
d4908392: folds
26083753: calls 400
7013039a: folds
Hero: folds
*** FLOP *** [9s 7c Td]
efb3b418: checks
26083753: bets 335
efb3b418: calls 335
*** TURN *** [9s 7c Td] [Tc]
efb3b418: checks
26083753: checks
*** RIVER *** [9s 7c Td Tc] [4c]
efb3b418: bets 700
26083753: folds
Uncalled bet (700) returned to efb3b418
*** SHOWDOWN ***
efb3b418 collected 2,010 from pot
*** SUMMARY ***
Total pot 2,010 | Rake 0 | Jackpot 0 | Bingo 0 | Fortune 0 | Tax 0
Board [9s 7c Td Tc 4c]
Seat 1: 26083753 (button) folded on the River
Seat 2: 7013039a (small blind) folded before Flop
Seat 3: Hero (big blind) folded before Flop
Seat 4: 46bb818d folded before Flop
Seat 5: b66a92f7 folded before Flop
Seat 6: efb3b418 won (2,010)
Seat 7: ce0f66bd folded before Flop
Seat 8: d4908392 folded before Flop


Poker Hand #TM5561386300: Tournament #261966765, Bounty Hunters Sunday Special $8.88 Hold'em No Limit - Level4(100/200(30)) - 2026/02/08 22:17:57
Table '139' 8-max Seat #8 is the button
Seat 1: 26083753 (25,163 in chips)
Seat 2: 7013039a (11,579 in chips)
Seat 3: Hero (5,156 in chips)
Seat 4: 46bb818d (39,669 in chips)
Seat 5: b66a92f7 (8,398 in chips)
Seat 6: efb3b418 (10,000 in chips)
Seat 7: ce0f66bd (14,123 in chips)
Seat 8: d4908392 (7,597 in chips)
46bb818d: posts the ante 30
efb3b418: posts the ante 30
7013039a: posts the ante 30
Hero: posts the ante 30
26083753: posts the ante 30
d4908392: posts the ante 30
b66a92f7: posts the ante 30
ce0f66bd: posts the ante 30
26083753: posts small blind 100
7013039a: posts big blind 200
*** HOLE CARDS ***
Dealt to 26083753 
Dealt to 7013039a 
Dealt to Hero [3h 6h]
Dealt to 46bb818d 
Dealt to b66a92f7 
Dealt to efb3b418 
Dealt to ce0f66bd 
Dealt to d4908392 
Hero: folds
46bb818d: folds
b66a92f7: folds
efb3b418: folds
ce0f66bd: raises 200 to 400
d4908392: folds
26083753: raises 1,400 to 1,800
7013039a: folds
ce0f66bd: raises 12,293 to 14,093 and is all-in
26083753: calls 12,293
ce0f66bd: shows [9s 9d]
26083753: shows [Jd Js]
*** FLOP *** [Td 5c 9c]
*** TURN *** [Td 5c 9c] [Qc]
*** RIVER *** [Td 5c 9c Qc] [Ac]
*** SHOWDOWN ***
ce0f66bd collected 28,626 from pot
*** SUMMARY ***
Total pot 28,626 | Rake 0 | Jackpot 0 | Bingo 0 | Fortune 0 | Tax 0
Board [Td 5c 9c Qc Ac]
Seat 1: 26083753 (small blind) showed [Jd Js] and lost with a pair of Jacks
Seat 2: 7013039a (big blind) folded before Flop
Seat 3: Hero folded before Flop
Seat 4: 46bb818d folded before Flop
Seat 5: b66a92f7 folded before Flop
Seat 6: efb3b418 folded before Flop
Seat 7: ce0f66bd showed [9s 9d] and won (28,626) with three of a kind, Nines
Seat 8: d4908392 (button) folded before Flop


Poker Hand #TM5561386218: Tournament #261966765, Bounty Hunters Sunday Special $8.88 Hold'em No Limit - Level4(100/200(30)) - 2026/02/08 22:16:26
Table '139' 8-max Seat #7 is the button
Seat 1: 26083753 (23,585 in chips)
Seat 2: 7013039a (11,609 in chips)
Seat 3: Hero (5,186 in chips)
Seat 4: 46bb818d (39,699 in chips)
Seat 5: b66a92f7 (8,428 in chips)
Seat 7: ce0f66bd (14,153 in chips)
Seat 8: d4908392 (9,025 in chips)
46bb818d: posts the ante 30
7013039a: posts the ante 30
Hero: posts the ante 30
26083753: posts the ante 30
d4908392: posts the ante 30
b66a92f7: posts the ante 30
ce0f66bd: posts the ante 30
d4908392: posts small blind 100
26083753: posts big blind 200
*** HOLE CARDS ***
Dealt to 26083753 
Dealt to 7013039a 
Dealt to Hero [6s Qh]
Dealt to 46bb818d 
Dealt to b66a92f7 
Dealt to ce0f66bd 
Dealt to d4908392 
7013039a: folds
Hero: folds
46bb818d: folds
b66a92f7: folds
ce0f66bd: folds
d4908392: calls 100
26083753: raises 600 to 800
d4908392: calls 600
*** FLOP *** [3c Ad Jc]
d4908392: checks
26083753: bets 598
d4908392: calls 598
*** TURN *** [3c Ad Jc] [9c]
d4908392: checks
26083753: checks
*** RIVER *** [3c Ad Jc 9c] [4d]
d4908392: checks
26083753: bets 2,000
d4908392: folds
Uncalled bet (2,000) returned to 26083753
*** SHOWDOWN ***
26083753 collected 3,006 from pot
*** SUMMARY ***
Total pot 3,006 | Rake 0 | Jackpot 0 | Bingo 0 | Fortune 0 | Tax 0
Board [3c Ad Jc 9c 4d]
Seat 1: 26083753 (big blind) won (3,006)
Seat 2: 7013039a folded before Flop
Seat 3: Hero folded before Flop
Seat 4: 46bb818d folded before Flop
Seat 5: b66a92f7 folded before Flop
Seat 7: ce0f66bd (button) folded before Flop
Seat 8: d4908392 (small blind) folded on the River


Poker Hand #TM5561386137: Tournament #261966765, Bounty Hunters Sunday Special $8.88 Hold'em No Limit - Level4(100/200(30)) - 2026/02/08 22:14:49
Table '139' 8-max Seat #6 is the button
Seat 1: 26083753 (12,852 in chips)
Seat 2: 7013039a (11,639 in chips)
Seat 3: Hero (5,216 in chips)
Seat 4: 46bb818d (39,729 in chips)
Seat 5: b66a92f7 (8,458 in chips)
Seat 6: df55681a (10,253 in chips)
Seat 7: ce0f66bd (14,283 in chips)
Seat 8: d4908392 (9,255 in chips)
46bb818d: posts the ante 30
7013039a: posts the ante 30
Hero: posts the ante 30
26083753: posts the ante 30
d4908392: posts the ante 30
b66a92f7: posts the ante 30
ce0f66bd: posts the ante 30
df55681a: posts the ante 30
ce0f66bd: posts small blind 100
d4908392: posts big blind 200
*** HOLE CARDS ***
Dealt to 26083753 
Dealt to 7013039a 
Dealt to Hero [9c Tc]
Dealt to 46bb818d 
Dealt to b66a92f7 
Dealt to df55681a 
Dealt to ce0f66bd 
Dealt to d4908392 
26083753: raises 200 to 400
7013039a: folds
Hero: folds
46bb818d: folds
b66a92f7: folds
df55681a: raises 670 to 1,070
ce0f66bd: folds
d4908392: folds
26083753: calls 670
*** FLOP *** [7h 4h 8d]
26083753: checks
df55681a: bets 885
26083753: raises 1,515 to 2,400
df55681a: calls 1,515
*** TURN *** [7h 4h 8d] [Qh]
26083753: bets 9,352 and is all-in
df55681a: calls 6,753 and is all-in
Uncalled bet (2,599) returned to 26083753
26083753: shows [Jh Kh] (a flush King high)
df55681a: shows [Qd As] (a pair of Queens)
*** RIVER *** [7h 4h 8d Qh] [Ac]
*** SHOWDOWN ***
26083753 collected 20,986 from pot
*** SUMMARY ***
Total pot 20,986 | Rake 0 | Jackpot 0 | Bingo 0 | Fortune 0 | Tax 0
Board [7h 4h 8d Qh Ac]
Seat 1: 26083753 showed [Jh Kh] and won (20,986) with a flush King high
Seat 2: 7013039a folded before Flop
Seat 3: Hero folded before Flop
Seat 4: 46bb818d folded before Flop
Seat 5: b66a92f7 folded before Flop
Seat 6: df55681a (button) showed [Qd As] and lost with two pair, Aces and Queens
Seat 7: ce0f66bd (small blind) folded before Flop
Seat 8: d4908392 (big blind) folded before Flop


Poker Hand #TM5561386067: Tournament #261966765, Bounty Hunters Sunday Special $8.88 Hold'em No Limit - Level4(100/200(30)) - 2026/02/08 22:13:41
Table '139' 8-max Seat #5 is the button
Seat 1: 26083753 (12,882 in chips)
Seat 2: 7013039a (11,669 in chips)
Seat 3: Hero (5,246 in chips)
Seat 4: 46bb818d (39,759 in chips)
Seat 5: b66a92f7 (8,488 in chips)
Seat 6: df55681a (9,233 in chips)
Seat 7: ce0f66bd (15,123 in chips)
Seat 8: d4908392 (9,285 in chips)
46bb818d: posts the ante 30
7013039a: posts the ante 30
Hero: posts the ante 30
26083753: posts the ante 30
d4908392: posts the ante 30
b66a92f7: posts the ante 30
ce0f66bd: posts the ante 30
df55681a: posts the ante 30
df55681a: posts small blind 100
ce0f66bd: posts big blind 200
*** HOLE CARDS ***
Dealt to 26083753 
Dealt to 7013039a 
Dealt to Hero [Qd 4s]
Dealt to 46bb818d 
Dealt to b66a92f7 
Dealt to df55681a 
Dealt to ce0f66bd 
Dealt to d4908392 
d4908392: folds
26083753: folds
7013039a: folds
Hero: folds
46bb818d: folds
b66a92f7: folds
df55681a: raises 240 to 440
ce0f66bd: calls 240
*** FLOP *** [5s 7c Ks]
df55681a: bets 370
ce0f66bd: calls 370
*** TURN *** [5s 7c Ks] [4h]
df55681a: bets 614
ce0f66bd: folds
Uncalled bet (614) returned to df55681a
*** SHOWDOWN ***
df55681a collected 1,860 from pot
*** SUMMARY ***
Total pot 1,860 | Rake 0 | Jackpot 0 | Bingo 0 | Fortune 0 | Tax 0
Board [5s 7c Ks 4h]
Seat 1: 26083753 folded before Flop
Seat 2: 7013039a folded before Flop
Seat 3: Hero folded before Flop
Seat 4: 46bb818d folded before Flop
Seat 5: b66a92f7 (button) folded before Flop
Seat 6: df55681a (small blind) showed [5h] and won (1,860)
Seat 7: ce0f66bd (big blind) folded on the Turn
Seat 8: d4908392 folded before Flop


Poker Hand #TM5561386004: Tournament #261966765, Bounty Hunters Sunday Special $8.88 Hold'em No Limit - Level3(75/150(20)) - 2026/02/08 22:12:33
Table '139' 8-max Seat #4 is the button
Seat 1: 26083753 (12,902 in chips)
Seat 2: 7013039a (11,689 in chips)
Seat 3: Hero (6,466 in chips)
Seat 4: 46bb818d (39,779 in chips)
Seat 5: b66a92f7 (6,998 in chips)
Seat 6: df55681a (9,403 in chips)
Seat 7: ce0f66bd (15,143 in chips)
Seat 8: d4908392 (9,305 in chips)
46bb818d: posts the ante 20
7013039a: posts the ante 20
Hero: posts the ante 20
26083753: posts the ante 20
d4908392: posts the ante 20
b66a92f7: posts the ante 20
ce0f66bd: posts the ante 20
df55681a: posts the ante 20
b66a92f7: posts small blind 75
df55681a: posts big blind 150
*** HOLE CARDS ***
Dealt to 26083753 
Dealt to 7013039a 
Dealt to Hero [As Ts]
Dealt to 46bb818d 
Dealt to b66a92f7 
Dealt to df55681a 
Dealt to ce0f66bd 
Dealt to d4908392 
ce0f66bd: folds
d4908392: folds
26083753: folds
7013039a: folds
Hero: raises 150 to 300
46bb818d: folds
b66a92f7: raises 900 to 1,200
df55681a: folds
Hero: calls 900
*** FLOP *** [7c Qd 4c]
b66a92f7: bets 651
Hero: folds
Uncalled bet (651) returned to b66a92f7
*** SHOWDOWN ***
b66a92f7 collected 2,710 from pot
*** SUMMARY ***
Total pot 2,710 | Rake 0 | Jackpot 0 | Bingo 0 | Fortune 0 | Tax 0
Board [7c Qd 4c]
Seat 1: 26083753 folded before Flop
Seat 2: 7013039a folded before Flop
Seat 3: Hero folded on the Flop
Seat 4: 46bb818d (button) folded before Flop
Seat 5: b66a92f7 (small blind) won (2,710)
Seat 6: df55681a (big blind) folded before Flop
Seat 7: ce0f66bd folded before Flop
Seat 8: d4908392 folded before Flop


Poker Hand #TM5561385936: Tournament #261966765, Bounty Hunters Sunday Special $8.88 Hold'em No Limit - Level3(75/150(20)) - 2026/02/08 22:11:29
Table '139' 8-max Seat #3 is the button
Seat 1: 26083753 (12,922 in chips)
Seat 2: 7013039a (11,709 in chips)
Seat 3: Hero (6,486 in chips)
Seat 4: 46bb818d (40,129 in chips)
Seat 5: b66a92f7 (7,348 in chips)
Seat 6: df55681a (8,603 in chips)
Seat 7: ce0f66bd (15,163 in chips)
Seat 8: d4908392 (9,325 in chips)
46bb818d: posts the ante 20
7013039a: posts the ante 20
Hero: posts the ante 20
26083753: posts the ante 20
d4908392: posts the ante 20
b66a92f7: posts the ante 20
ce0f66bd: posts the ante 20
df55681a: posts the ante 20
46bb818d: posts small blind 75
b66a92f7: posts big blind 150
*** HOLE CARDS ***
Dealt to 26083753 
Dealt to 7013039a 
Dealt to Hero [2c 6s]
Dealt to 46bb818d 
Dealt to b66a92f7 
Dealt to df55681a 
Dealt to ce0f66bd 
Dealt to d4908392 
df55681a: raises 180 to 330
ce0f66bd: folds
d4908392: folds
26083753: folds
7013039a: folds
Hero: folds
46bb818d: calls 255
b66a92f7: calls 180
*** FLOP *** [7d 4h 6c]
46bb818d: checks
b66a92f7: checks
df55681a: bets 575
46bb818d: folds
b66a92f7: folds
Uncalled bet (575) returned to df55681a
*** SHOWDOWN ***
df55681a collected 1,150 from pot
*** SUMMARY ***
Total pot 1,150 | Rake 0 | Jackpot 0 | Bingo 0 | Fortune 0 | Tax 0
Board [7d 4h 6c]
Seat 1: 26083753 folded before Flop
Seat 2: 7013039a folded before Flop
Seat 3: Hero (button) folded before Flop
Seat 4: 46bb818d (small blind) folded on the Flop
Seat 5: b66a92f7 (big blind) folded on the Flop
Seat 6: df55681a won (1,150)
Seat 7: ce0f66bd folded before Flop
Seat 8: d4908392 folded before Flop


Poker Hand #TM5561385888: Tournament #261966765, Bounty Hunters Sunday Special $8.88 Hold'em No Limit - Level3(75/150(20)) - 2026/02/08 22:10:30
Table '139' 8-max Seat #2 is the button
Seat 1: 26083753 (12,942 in chips)
Seat 2: 7013039a (12,355 in chips)
Seat 3: Hero (6,581 in chips)
Seat 4: 46bb818d (40,299 in chips)
Seat 5: b66a92f7 (7,368 in chips)
Seat 6: df55681a (8,623 in chips)
Seat 7: ce0f66bd (15,183 in chips)
Seat 8: d4908392 (8,334 in chips)
46bb818d: posts the ante 20
7013039a: posts the ante 20
Hero: posts the ante 20
26083753: posts the ante 20
d4908392: posts the ante 20
b66a92f7: posts the ante 20
ce0f66bd: posts the ante 20
df55681a: posts the ante 20
Hero: posts small blind 75
46bb818d: posts big blind 150
*** HOLE CARDS ***
Dealt to 26083753 
Dealt to 7013039a 
Dealt to Hero [4s Jh]
Dealt to 46bb818d 
Dealt to b66a92f7 
Dealt to df55681a 
Dealt to ce0f66bd 
Dealt to d4908392 
b66a92f7: folds
df55681a: folds
ce0f66bd: folds
d4908392: raises 150 to 300
26083753: folds
7013039a: calls 300
Hero: folds
46bb818d: folds
*** FLOP *** [5c Ah Th]
d4908392: bets 326
7013039a: calls 326
*** TURN *** [5c Ah Th] [2c]
d4908392: bets 1,650
7013039a: folds
Uncalled bet (1,650) returned to d4908392
*** SHOWDOWN ***
d4908392 collected 1,637 from pot
*** SUMMARY ***
Total pot 1,637 | Rake 0 | Jackpot 0 | Bingo 0 | Fortune 0 | Tax 0
Board [5c Ah Th 2c]
Seat 1: 26083753 folded before Flop
Seat 2: 7013039a (button) folded on the Turn
Seat 3: Hero (small blind) folded before Flop
Seat 4: 46bb818d (big blind) folded before Flop
Seat 5: b66a92f7 folded before Flop
Seat 6: df55681a folded before Flop
Seat 7: ce0f66bd folded before Flop
Seat 8: d4908392 won (1,637)


Poker Hand #TM5561385819: Tournament #261966765, Bounty Hunters Sunday Special $8.88 Hold'em No Limit - Level3(75/150(20)) - 2026/02/08 22:09:25
Table '139' 8-max Seat #1 is the button
Seat 1: 26083753 (12,962 in chips)
Seat 2: 7013039a (9,830 in chips)
Seat 3: Hero (8,656 in chips)
Seat 4: 46bb818d (40,319 in chips)
Seat 5: b66a92f7 (7,388 in chips)
Seat 6: df55681a (8,973 in chips)
Seat 7: ce0f66bd (15,203 in chips)
Seat 8: d4908392 (8,354 in chips)
46bb818d: posts the ante 20
7013039a: posts the ante 20
Hero: posts the ante 20
26083753: posts the ante 20
d4908392: posts the ante 20
b66a92f7: posts the ante 20
ce0f66bd: posts the ante 20
df55681a: posts the ante 20
7013039a: posts small blind 75
Hero: posts big blind 150
*** HOLE CARDS ***
Dealt to 26083753 
Dealt to 7013039a 
Dealt to Hero [2c Qh]
Dealt to 46bb818d 
Dealt to b66a92f7 
Dealt to df55681a 
Dealt to ce0f66bd 
Dealt to d4908392 
46bb818d: folds
b66a92f7: folds
df55681a: raises 180 to 330
ce0f66bd: folds
d4908392: folds
26083753: folds
7013039a: calls 255
Hero: calls 180
*** FLOP *** [Th 9h Ks]
7013039a: checks
Hero: checks
df55681a: checks
*** TURN *** [Th 9h Ks] [Jh]
7013039a: checks
Hero: bets 575
df55681a: folds
7013039a: calls 575
*** RIVER *** [Th 9h Ks Jh] [Tc]
7013039a: bets 1,150
Hero: calls 1,150
7013039a: shows [Ah 4h] (a flush Ace high)
Hero: shows [2c Qh] (a straight, King to Nine)
*** SHOWDOWN ***
7013039a collected 4,600 from pot
*** SUMMARY ***
Total pot 4,600 | Rake 0 | Jackpot 0 | Bingo 0 | Fortune 0 | Tax 0
Board [Th 9h Ks Jh Tc]
Seat 1: 26083753 (button) folded before Flop
Seat 2: 7013039a (small blind) showed [Ah 4h] and won (4,600) with a flush Ace high
Seat 3: Hero (big blind) showed [2c Qh] and lost with a straight, King to Nine
Seat 4: 46bb818d folded before Flop
Seat 5: b66a92f7 folded before Flop
Seat 6: df55681a folded on the Turn
Seat 7: ce0f66bd folded before Flop
Seat 8: d4908392 folded before Flop


Poker Hand #TM5561385767: Tournament #261966765, Bounty Hunters Sunday Special $8.88 Hold'em No Limit - Level3(75/150(20)) - 2026/02/08 22:08:29
Table '139' 8-max Seat #8 is the button
Seat 1: 26083753 (13,057 in chips)
Seat 2: 7013039a (10,000 in chips)
Seat 3: Hero (8,676 in chips)
Seat 4: 46bb818d (40,339 in chips)
Seat 5: b66a92f7 (7,708 in chips)
Seat 6: df55681a (8,993 in chips)
Seat 7: ce0f66bd (15,223 in chips)
Seat 8: d4908392 (7,689 in chips)
46bb818d: posts the ante 20
7013039a: posts the ante 20
Hero: posts the ante 20
26083753: posts the ante 20
d4908392: posts the ante 20
b66a92f7: posts the ante 20
ce0f66bd: posts the ante 20
df55681a: posts the ante 20
26083753: posts small blind 75
7013039a: posts big blind 150
*** HOLE CARDS ***
Dealt to 26083753 
Dealt to 7013039a 
Dealt to Hero [9h Kc]
Dealt to 46bb818d 
Dealt to b66a92f7 
Dealt to df55681a 
Dealt to ce0f66bd 
Dealt to d4908392 
Hero: folds
46bb818d: folds
b66a92f7: raises 150 to 300
df55681a: folds
ce0f66bd: folds
d4908392: raises 600 to 900
26083753: folds
7013039a: folds
b66a92f7: folds
Uncalled bet (600) returned to d4908392
*** SHOWDOWN ***
d4908392 collected 985 from pot
*** SUMMARY ***
Total pot 985 | Rake 0 | Jackpot 0 | Bingo 0 | Fortune 0 | Tax 0
Seat 1: 26083753 (small blind) folded before Flop
Seat 2: 7013039a (big blind) folded before Flop
Seat 3: Hero folded before Flop
Seat 4: 46bb818d folded before Flop
Seat 5: b66a92f7 folded before Flop
Seat 6: df55681a folded before Flop
Seat 7: ce0f66bd folded before Flop
Seat 8: d4908392 (button) collected (985)


Poker Hand #TM5561385718: Tournament #261966765, Bounty Hunters Sunday Special $8.88 Hold'em No Limit - Level3(75/150(20)) - 2026/02/08 22:07:38
Table '139' 8-max Seat #7 is the button
Seat 1: 26083753 (13,227 in chips)
Seat 3: Hero (8,696 in chips)
Seat 4: 46bb818d (40,359 in chips)
Seat 5: b66a92f7 (7,728 in chips)
Seat 6: df55681a (9,343 in chips)
Seat 7: ce0f66bd (16,143 in chips)
Seat 8: d4908392 (6,189 in chips)
46bb818d: posts the ante 20
Hero: posts the ante 20
26083753: posts the ante 20
d4908392: posts the ante 20
b66a92f7: posts the ante 20
ce0f66bd: posts the ante 20
df55681a: posts the ante 20
d4908392: posts small blind 75
26083753: posts big blind 150
*** HOLE CARDS ***
Dealt to 26083753 
Dealt to Hero [8h Th]
Dealt to 46bb818d 
Dealt to b66a92f7 
Dealt to df55681a 
Dealt to ce0f66bd 
Dealt to d4908392 
Hero: folds
46bb818d: folds
b66a92f7: folds
df55681a: raises 180 to 330
ce0f66bd: raises 570 to 900
d4908392: raises 5,269 to 6,169 and is all-in
26083753: folds
df55681a: folds
ce0f66bd: folds
Uncalled bet (5,269) returned to d4908392
*** SHOWDOWN ***
d4908392 collected 2,420 from pot
*** SUMMARY ***
Total pot 2,420 | Rake 0 | Jackpot 0 | Bingo 0 | Fortune 0 | Tax 0
Seat 1: 26083753 (big blind) folded before Flop
Seat 3: Hero folded before Flop
Seat 4: 46bb818d folded before Flop
Seat 5: b66a92f7 folded before Flop
Seat 6: df55681a folded before Flop
Seat 7: ce0f66bd (button) folded before Flop
Seat 8: d4908392 (small blind) collected (2,420)


Poker Hand #TM5561385620: Tournament #261966765, Bounty Hunters Sunday Special $8.88 Hold'em No Limit - Level3(75/150(20)) - 2026/02/08 22:06:06
Table '139' 8-max Seat #6 is the button
Seat 1: 26083753 (13,247 in chips)
Seat 2: aecb950f (8,662 in chips)
Seat 3: Hero (8,716 in chips)
Seat 4: 46bb818d (31,026 in chips)
Seat 5: b66a92f7 (7,748 in chips)
Seat 6: df55681a (9,363 in chips)
Seat 7: ce0f66bd (16,313 in chips)
Seat 8: d4908392 (6,610 in chips)
46bb818d: posts the ante 20
aecb950f: posts the ante 20
Hero: posts the ante 20
26083753: posts the ante 20
d4908392: posts the ante 20
b66a92f7: posts the ante 20
ce0f66bd: posts the ante 20
df55681a: posts the ante 20
ce0f66bd: posts small blind 75
d4908392: posts big blind 150
*** HOLE CARDS ***
Dealt to 26083753 
Dealt to aecb950f 
Dealt to Hero [8c Th]
Dealt to 46bb818d 
Dealt to b66a92f7 
Dealt to df55681a 
Dealt to ce0f66bd 
Dealt to d4908392 
26083753: folds
aecb950f: calls 150
Hero: folds
46bb818d: calls 150
b66a92f7: folds
df55681a: folds
ce0f66bd: calls 75
d4908392: checks
*** FLOP *** [6d 3s 2h]
ce0f66bd: checks
d4908392: bets 251
aecb950f: calls 251
46bb818d: raises 1,135 to 1,386
ce0f66bd: folds
d4908392: folds
aecb950f: raises 7,106 to 8,492 and is all-in
46bb818d: calls 7,106
aecb950f: shows [2d 2c] (three of a kind, Twos)
46bb818d: shows [6c 6h] (three of a kind, Sixes)
*** TURN *** [6d 3s 2h] [Kd]
*** RIVER *** [6d 3s 2h Kd] [5h]
df55681a: shows [4h] (a straight, Six to Two)
*** SHOWDOWN ***
46bb818d collected 17,995 from pot
*** SUMMARY ***
Total pot 17,995 | Rake 0 | Jackpot 0 | Bingo 0 | Fortune 0 | Tax 0
Board [6d 3s 2h Kd 5h]
Seat 1: 26083753 folded before Flop
Seat 2: aecb950f showed [2d 2c] and lost with three of a kind, Twos
Seat 3: Hero folded before Flop
Seat 4: 46bb818d showed [6c 6h] and won (17,995) with three of a kind, Sixes
Seat 5: b66a92f7 folded before Flop
Seat 6: df55681a (button) folded before Flop
Seat 7: ce0f66bd (small blind) folded on the Flop
Seat 8: d4908392 (big blind) folded on the Flop


Poker Hand #TM5561385568: Tournament #261966765, Bounty Hunters Sunday Special $8.88 Hold'em No Limit - Level3(75/150(20)) - 2026/02/08 22:05:16
Table '139' 8-max Seat #5 is the button
Seat 1: 26083753 (13,267 in chips)
Seat 2: aecb950f (8,682 in chips)
Seat 3: Hero (8,736 in chips)
Seat 4: 46bb818d (32,546 in chips)
Seat 5: b66a92f7 (5,883 in chips)
Seat 6: df55681a (9,458 in chips)
Seat 7: ce0f66bd (16,483 in chips)
Seat 8: d4908392 (6,630 in chips)
46bb818d: posts the ante 20
aecb950f: posts the ante 20
Hero: posts the ante 20
26083753: posts the ante 20
d4908392: posts the ante 20
b66a92f7: posts the ante 20
ce0f66bd: posts the ante 20
df55681a: posts the ante 20
df55681a: posts small blind 75
ce0f66bd: posts big blind 150
*** HOLE CARDS ***
Dealt to 26083753 
Dealt to aecb950f 
Dealt to Hero [Qd 3s]
Dealt to 46bb818d 
Dealt to b66a92f7 
Dealt to df55681a 
Dealt to ce0f66bd 
Dealt to d4908392 
d4908392: folds
26083753: folds
aecb950f: folds
Hero: folds
46bb818d: raises 150 to 300
b66a92f7: calls 300
df55681a: folds
ce0f66bd: folds
*** FLOP *** [Kc 4s Qc]
46bb818d: checks
b66a92f7: bets 300
46bb818d: raises 900 to 1,200
b66a92f7: raises 900 to 2,100
46bb818d: folds
Uncalled bet (900) returned to b66a92f7
*** SHOWDOWN ***
b66a92f7 collected 3,385 from pot
*** SUMMARY ***
Total pot 3,385 | Rake 0 | Jackpot 0 | Bingo 0 | Fortune 0 | Tax 0
Board [Kc 4s Qc]
Seat 1: 26083753 folded before Flop
Seat 2: aecb950f folded before Flop
Seat 3: Hero folded before Flop
Seat 4: 46bb818d folded on the Flop
Seat 5: b66a92f7 (button) won (3,385)
Seat 6: df55681a (small blind) folded before Flop
Seat 7: ce0f66bd (big blind) folded before Flop
Seat 8: d4908392 folded before Flop


Poker Hand #TM5561385502: Tournament #261966765, Bounty Hunters Sunday Special $8.88 Hold'em No Limit - Level3(75/150(20)) - 2026/02/08 22:04:11
Table '139' 8-max Seat #4 is the button
Seat 1: 26083753 (13,587 in chips)
Seat 2: aecb950f (8,702 in chips)
Seat 3: Hero (8,756 in chips)
Seat 4: 46bb818d (32,566 in chips)
Seat 5: b66a92f7 (6,203 in chips)
Seat 6: df55681a (8,718 in chips)
Seat 7: ce0f66bd (16,503 in chips)
Seat 8: d4908392 (6,650 in chips)
46bb818d: posts the ante 20
aecb950f: posts the ante 20
Hero: posts the ante 20
26083753: posts the ante 20
d4908392: posts the ante 20
b66a92f7: posts the ante 20
ce0f66bd: posts the ante 20
df55681a: posts the ante 20
b66a92f7: posts small blind 75
df55681a: posts big blind 150
*** HOLE CARDS ***
Dealt to 26083753 
Dealt to aecb950f 
Dealt to Hero [2h 6c]
Dealt to 46bb818d 
Dealt to b66a92f7 
Dealt to df55681a 
Dealt to ce0f66bd 
Dealt to d4908392 
ce0f66bd: folds
d4908392: folds
26083753: raises 150 to 300
aecb950f: folds
Hero: folds
46bb818d: folds
b66a92f7: calls 225
df55681a: calls 150
*** FLOP *** [Jc Qh Kc]
b66a92f7: checks
df55681a: bets 350
26083753: folds
b66a92f7: folds
Uncalled bet (350) returned to df55681a
*** SHOWDOWN ***
df55681a collected 1,060 from pot
*** SUMMARY ***
Total pot 1,060 | Rake 0 | Jackpot 0 | Bingo 0 | Fortune 0 | Tax 0
Board [Jc Qh Kc]
Seat 1: 26083753 folded on the Flop
Seat 2: aecb950f folded before Flop
Seat 3: Hero folded before Flop
Seat 4: 46bb818d (button) folded before Flop
Seat 5: b66a92f7 (small blind) folded on the Flop
Seat 6: df55681a (big blind) won (1,060)
Seat 7: ce0f66bd folded before Flop
Seat 8: d4908392 folded before Flop


Poker Hand #TM5561385436: Tournament #261966765, Bounty Hunters Sunday Special $8.88 Hold'em No Limit - Level3(75/150(20)) - 2026/02/08 22:03:07
Table '139' 8-max Seat #3 is the button
Seat 1: 26083753 (13,607 in chips)
Seat 2: aecb950f (9,747 in chips)
Seat 3: Hero (6,961 in chips)
Seat 4: 46bb818d (32,901 in chips)
Seat 5: b66a92f7 (6,538 in chips)
Seat 6: df55681a (8,738 in chips)
Seat 7: ce0f66bd (16,523 in chips)
Seat 8: d4908392 (6,670 in chips)
46bb818d: posts the ante 20
aecb950f: posts the ante 20
Hero: posts the ante 20
26083753: posts the ante 20
d4908392: posts the ante 20
b66a92f7: posts the ante 20
ce0f66bd: posts the ante 20
df55681a: posts the ante 20
46bb818d: posts small blind 75
b66a92f7: posts big blind 150
*** HOLE CARDS ***
Dealt to 26083753 
Dealt to aecb950f 
Dealt to Hero [Jh 9h]
Dealt to 46bb818d 
Dealt to b66a92f7 
Dealt to df55681a 
Dealt to ce0f66bd 
Dealt to d4908392 
df55681a: folds
ce0f66bd: folds
d4908392: folds
26083753: folds
aecb950f: raises 165 to 315
Hero: calls 315
46bb818d: calls 240
b66a92f7: calls 165
*** FLOP *** [8h Tc 4d]
46bb818d: checks
b66a92f7: checks
aecb950f: checks
Hero: bets 710
46bb818d: folds
b66a92f7: folds
aecb950f: calls 710
*** TURN *** [8h Tc 4d] [2h]
aecb950f: checks
Hero: bets 2,130
aecb950f: folds
Uncalled bet (2,130) returned to Hero
*** SHOWDOWN ***
Hero collected 2,840 from pot
*** SUMMARY ***
Total pot 2,840 | Rake 0 | Jackpot 0 | Bingo 0 | Fortune 0 | Tax 0
Board [8h Tc 4d 2h]
Seat 1: 26083753 folded before Flop
Seat 2: aecb950f folded on the Turn
Seat 3: Hero (button) won (2,840)
Seat 4: 46bb818d (small blind) folded on the Flop
Seat 5: b66a92f7 (big blind) folded on the Flop
Seat 6: df55681a folded before Flop
Seat 7: ce0f66bd folded before Flop
Seat 8: d4908392 folded before Flop


Poker Hand #TM5561385362: Tournament #261966765, Bounty Hunters Sunday Special $8.88 Hold'em No Limit - Level3(75/150(20)) - 2026/02/08 22:01:51
Table '139' 8-max Seat #2 is the button
Seat 1: 26083753 (13,627 in chips)
Seat 2: aecb950f (9,767 in chips)
Seat 3: Hero (6,021 in chips)
Seat 4: 46bb818d (33,721 in chips)
Seat 5: b66a92f7 (6,558 in chips)
Seat 6: df55681a (8,758 in chips)
Seat 7: ce0f66bd (16,543 in chips)
Seat 8: d4908392 (6,690 in chips)
46bb818d: posts the ante 20
aecb950f: posts the ante 20
Hero: posts the ante 20
26083753: posts the ante 20
d4908392: posts the ante 20
b66a92f7: posts the ante 20
ce0f66bd: posts the ante 20
df55681a: posts the ante 20
Hero: posts small blind 75
46bb818d: posts big blind 150
*** HOLE CARDS ***
Dealt to 26083753 
Dealt to aecb950f 
Dealt to Hero [Ad As]
Dealt to 46bb818d 
Dealt to b66a92f7 
Dealt to df55681a 
Dealt to ce0f66bd 
Dealt to d4908392 
b66a92f7: folds
df55681a: folds
ce0f66bd: folds
d4908392: folds
26083753: folds
aecb950f: folds
Hero: raises 300 to 450
46bb818d: calls 300
*** FLOP *** [Ac 8h Kc]
Hero: bets 350
46bb818d: calls 350
*** TURN *** [Ac 8h Kc] [6d]
Hero: checks
46bb818d: checks
*** RIVER *** [Ac 8h Kc 6d] [4s]
Hero: bets 1,760
46bb818d: folds
Uncalled bet (1,760) returned to Hero
*** SHOWDOWN ***
Hero collected 1,760 from pot
*** SUMMARY ***
Total pot 1,760 | Rake 0 | Jackpot 0 | Bingo 0 | Fortune 0 | Tax 0
Board [Ac 8h Kc 6d 4s]
Seat 1: 26083753 folded before Flop
Seat 2: aecb950f (button) folded before Flop
Seat 3: Hero (small blind) won (1,760)
Seat 4: 46bb818d (big blind) folded on the River
Seat 5: b66a92f7 folded before Flop
Seat 6: df55681a folded before Flop
Seat 7: ce0f66bd folded before Flop
Seat 8: d4908392 folded before Flop


Poker Hand #TM5561385262: Tournament #261966765, Bounty Hunters Sunday Special $8.88 Hold'em No Limit - Level3(75/150(20)) - 2026/02/08 21:54:03
Table '139' 8-max Seat #1 is the button
Seat 1: 26083753 (10,826 in chips)
Seat 2: aecb950f (9,862 in chips)
Seat 3: Hero (8,627 in chips)
Seat 4: 46bb818d (33,741 in chips)
Seat 5: b66a92f7 (6,578 in chips)
Seat 6: df55681a (8,778 in chips)
Seat 7: ce0f66bd (16,563 in chips)
Seat 8: d4908392 (6,710 in chips)
46bb818d: posts the ante 20
aecb950f: posts the ante 20
Hero: posts the ante 20
26083753: posts the ante 20
d4908392: posts the ante 20
b66a92f7: posts the ante 20
ce0f66bd: posts the ante 20
df55681a: posts the ante 20
aecb950f: posts small blind 75
Hero: posts big blind 150
*** HOLE CARDS ***
Dealt to 26083753 
Dealt to aecb950f 
Dealt to Hero [Tc Kd]
Dealt to 46bb818d 
Dealt to b66a92f7 
Dealt to df55681a 
Dealt to ce0f66bd 
Dealt to d4908392 
46bb818d: folds
b66a92f7: folds
df55681a: folds
ce0f66bd: folds
d4908392: folds
26083753: raises 150 to 300
aecb950f: folds
Hero: calls 150
*** FLOP *** [Ts 8s 7d]
Hero: checks
26083753: bets 334
Hero: raises 752 to 1,086
26083753: calls 752
*** TURN *** [Ts 8s 7d] [8c]
Hero: checks
26083753: bets 1,200
Hero: calls 1,200
*** RIVER *** [Ts 8s 7d 8c] [7s]
Hero: checks
26083753: checks
Hero: shows [Tc Kd] (two pair, Tens and Eights)
26083753: shows [Ks Kh] (two pair, Kings and Eights)
*** SHOWDOWN ***
26083753 collected 5,407 from pot
*** SUMMARY ***
Total pot 5,407 | Rake 0 | Jackpot 0 | Bingo 0 | Fortune 0 | Tax 0
Board [Ts 8s 7d 8c 7s]
Seat 1: 26083753 (button) showed [Ks Kh] and won (5,407) with two pair, Kings and Eights
Seat 2: aecb950f (small blind) folded before Flop
Seat 3: Hero (big blind) showed [Tc Kd] and lost with two pair, Tens and Eights
Seat 4: 46bb818d folded before Flop
Seat 5: b66a92f7 folded before Flop
Seat 6: df55681a folded before Flop
Seat 7: ce0f66bd folded before Flop
Seat 8: d4908392 folded before Flop


Poker Hand #TM5561385207: Tournament #261966765, Bounty Hunters Sunday Special $8.88 Hold'em No Limit - Level2(60/120(18)) - 2026/02/08 21:53:04
Table '139' 8-max Seat #8 is the button
Seat 1: 26083753 (10,904 in chips)
Seat 2: aecb950f (10,000 in chips)
Seat 3: Hero (8,645 in chips)
Seat 4: 46bb818d (33,759 in chips)
Seat 5: b66a92f7 (6,596 in chips)
Seat 6: df55681a (11,989 in chips)
Seat 7: ce0f66bd (16,581 in chips)
Seat 8: d4908392 (3,211 in chips)
46bb818d: posts the ante 18
aecb950f: posts the ante 18
Hero: posts the ante 18
26083753: posts the ante 18
d4908392: posts the ante 18
b66a92f7: posts the ante 18
ce0f66bd: posts the ante 18
df55681a: posts the ante 18
26083753: posts small blind 60
aecb950f: posts big blind 120
*** HOLE CARDS ***
Dealt to 26083753 
Dealt to aecb950f 
Dealt to Hero [7c 9s]
Dealt to 46bb818d 
Dealt to b66a92f7 
Dealt to df55681a 
Dealt to ce0f66bd 
Dealt to d4908392 
Hero: folds
46bb818d: folds
b66a92f7: folds
df55681a: raises 144 to 264
ce0f66bd: folds
d4908392: raises 2,929 to 3,193 and is all-in
26083753: folds
aecb950f: folds
df55681a: calls 2,929
d4908392: shows [Ah 9c]
df55681a: shows [6d 7d]
*** FLOP *** [Jh Qs 5c]
*** TURN *** [Jh Qs 5c] [Qh]
*** RIVER *** [Jh Qs 5c Qh] [2s]
*** SHOWDOWN ***
d4908392 collected 6,710 from pot
*** SUMMARY ***
Total pot 6,710 | Rake 0 | Jackpot 0 | Bingo 0 | Fortune 0 | Tax 0
Board [Jh Qs 5c Qh 2s]
Seat 1: 26083753 (small blind) folded before Flop
Seat 2: aecb950f (big blind) folded before Flop
Seat 3: Hero folded before Flop
Seat 4: 46bb818d folded before Flop
Seat 5: b66a92f7 folded before Flop
Seat 6: df55681a showed [6d 7d] and lost with a pair of Queens
Seat 7: ce0f66bd folded before Flop
Seat 8: d4908392 (button) showed [Ah 9c] and won (6,710) with a pair of Queens


Poker Hand #TM5561385164: Tournament #261966765, Bounty Hunters Sunday Special $8.88 Hold'em No Limit - Level2(60/120(18)) - 2026/02/08 21:52:10
Table '139' 8-max Seat #7 is the button
Seat 1: 26083753 (10,000 in chips)
Seat 3: Hero (8,663 in chips)
Seat 4: 46bb818d (33,777 in chips)
Seat 5: b66a92f7 (6,614 in chips)
Seat 6: df55681a (12,743 in chips)
Seat 7: ce0f66bd (16,599 in chips)
Seat 8: d4908392 (3,289 in chips)
46bb818d: posts the ante 18
Hero: posts the ante 18
26083753: posts the ante 18
d4908392: posts the ante 18
b66a92f7: posts the ante 18
ce0f66bd: posts the ante 18
df55681a: posts the ante 18
d4908392: posts small blind 60
26083753: posts big blind 120
*** HOLE CARDS ***
Dealt to 26083753 
Dealt to Hero [8c As]
Dealt to 46bb818d 
Dealt to b66a92f7 
Dealt to df55681a 
Dealt to ce0f66bd 
Dealt to d4908392 
Hero: folds
46bb818d: folds
b66a92f7: folds
df55681a: raises 144 to 264
ce0f66bd: folds
d4908392: folds
26083753: calls 144
*** FLOP *** [5s 2s 6h]
26083753: checks
df55681a: checks
*** TURN *** [5s 2s 6h] [Td]
26083753: bets 472
df55681a: calls 472
*** RIVER *** [5s 2s 6h Td] [Jc]
26083753: bets 1,320
df55681a: folds
Uncalled bet (1,320) returned to 26083753
*** SHOWDOWN ***
26083753 collected 1,658 from pot
*** SUMMARY ***
Total pot 1,658 | Rake 0 | Jackpot 0 | Bingo 0 | Fortune 0 | Tax 0
Board [5s 2s 6h Td Jc]
Seat 1: 26083753 (big blind) won (1,658)
Seat 3: Hero folded before Flop
Seat 4: 46bb818d folded before Flop
Seat 5: b66a92f7 folded before Flop
Seat 6: df55681a folded on the River
Seat 7: ce0f66bd (button) folded before Flop
Seat 8: d4908392 (small blind) folded before Flop


Poker Hand #TM5561286422: Tournament #261966765, Bounty Hunters Sunday Special $8.88 Hold'em No Limit - Level2(60/120(18)) - 2026/02/08 21:51:01
Table '48' 8-max Seat #1 is the button
Seat 1: 7d1d2ef3 (10,096 in chips)
Seat 2: 1ed3616f (11,243 in chips)
Seat 3: f59ffa60 (5,269 in chips)
Seat 4: Hero (8,681 in chips)
Seat 5: ec22b447 (14,594 in chips)
Seat 6: b991fa9e (8,155 in chips)
Seat 7: 26cc8d6c (11,362 in chips)
Seat 8: ac911b1d (9,088 in chips)
7d1d2ef3: posts the ante 18
26cc8d6c: posts the ante 18
Hero: posts the ante 18
1ed3616f: posts the ante 18
ec22b447: posts the ante 18
ac911b1d: posts the ante 18
f59ffa60: posts the ante 18
b991fa9e: posts the ante 18
1ed3616f: posts small blind 60
f59ffa60: posts big blind 120
*** HOLE CARDS ***
Dealt to 7d1d2ef3 
Dealt to 1ed3616f 
Dealt to f59ffa60 
Dealt to Hero [5h Jh]
Dealt to ec22b447 
Dealt to b991fa9e 
Dealt to 26cc8d6c 
Dealt to ac911b1d 
Hero: folds
ec22b447: folds
b991fa9e: folds
26cc8d6c: raises 120 to 240
ac911b1d: folds
7d1d2ef3: folds
1ed3616f: folds
f59ffa60: calls 120
*** FLOP *** [Jd 8d 6s]
f59ffa60: checks
26cc8d6c: bets 192
f59ffa60: folds
Uncalled bet (192) returned to 26cc8d6c
*** SHOWDOWN ***
26cc8d6c collected 684 from pot
*** SUMMARY ***
Total pot 684 | Rake 0 | Jackpot 0 | Bingo 0 | Fortune 0 | Tax 0
Board [Jd 8d 6s]
Seat 1: 7d1d2ef3 (button) folded before Flop
Seat 2: 1ed3616f (small blind) folded before Flop
Seat 3: f59ffa60 (big blind) folded on the Flop
Seat 4: Hero folded before Flop
Seat 5: ec22b447 folded before Flop
Seat 6: b991fa9e folded before Flop
Seat 7: 26cc8d6c won (684)
Seat 8: ac911b1d folded before Flop


Poker Hand #TM5561286343: Tournament #261966765, Bounty Hunters Sunday Special $8.88 Hold'em No Limit - Level2(60/120(18)) - 2026/02/08 21:49:32
Table '48' 8-max Seat #8 is the button
Seat 1: 7d1d2ef3 (10,174 in chips)
Seat 2: 1ed3616f (11,381 in chips)
Seat 3: f59ffa60 (5,287 in chips)
Seat 4: Hero (8,699 in chips)
Seat 5: ec22b447 (12,886 in chips)
Seat 6: b991fa9e (8,173 in chips)
Seat 7: 26cc8d6c (12,782 in chips)
Seat 8: ac911b1d (9,106 in chips)
26cc8d6c: posts the ante 18
7d1d2ef3: posts the ante 18
Hero: posts the ante 18
1ed3616f: posts the ante 18
ec22b447: posts the ante 18
ac911b1d: posts the ante 18
f59ffa60: posts the ante 18
b991fa9e: posts the ante 18
7d1d2ef3: posts small blind 60
1ed3616f: posts big blind 120
*** HOLE CARDS ***
Dealt to 7d1d2ef3 
Dealt to 1ed3616f 
Dealt to f59ffa60 
Dealt to Hero [Qc Jd]
Dealt to ec22b447 
Dealt to b991fa9e 
Dealt to 26cc8d6c 
Dealt to ac911b1d 
f59ffa60: folds
Hero: folds
ec22b447: raises 120 to 240
b991fa9e: folds
26cc8d6c: raises 600 to 840
ac911b1d: folds
7d1d2ef3: folds
1ed3616f: folds
ec22b447: calls 600
*** FLOP *** [Kd Tc As]
ec22b447: checks
26cc8d6c: bets 562
ec22b447: calls 562
*** TURN *** [Kd Tc As] [Qd]
ec22b447: checks
26cc8d6c: checks
*** RIVER *** [Kd Tc As Qd] [6s]
ec22b447: bets 3,379
26cc8d6c: folds
Uncalled bet (3,379) returned to ec22b447
*** SHOWDOWN ***
ec22b447 collected 3,128 from pot
*** SUMMARY ***
Total pot 3,128 | Rake 0 | Jackpot 0 | Bingo 0 | Fortune 0 | Tax 0
Board [Kd Tc As Qd 6s]
Seat 1: 7d1d2ef3 (small blind) folded before Flop
Seat 2: 1ed3616f (big blind) folded before Flop
Seat 3: f59ffa60 folded before Flop
Seat 4: Hero folded before Flop
Seat 5: ec22b447 won (3,128)
Seat 6: b991fa9e folded before Flop
Seat 7: 26cc8d6c folded on the River
Seat 8: ac911b1d (button) folded before Flop


Poker Hand #TM5561286281: Tournament #261966765, Bounty Hunters Sunday Special $8.88 Hold'em No Limit - Level2(60/120(18)) - 2026/02/08 21:48:32
Table '48' 8-max Seat #7 is the button
Seat 1: 7d1d2ef3 (9,736 in chips)
Seat 2: 1ed3616f (11,399 in chips)
Seat 3: f59ffa60 (5,305 in chips)
Seat 4: Hero (8,717 in chips)
Seat 5: ec22b447 (12,904 in chips)
Seat 6: b991fa9e (8,191 in chips)
Seat 7: 26cc8d6c (12,800 in chips)
Seat 8: ac911b1d (9,436 in chips)
26cc8d6c: posts the ante 18
7d1d2ef3: posts the ante 18
Hero: posts the ante 18
1ed3616f: posts the ante 18
ec22b447: posts the ante 18
ac911b1d: posts the ante 18
f59ffa60: posts the ante 18
b991fa9e: posts the ante 18
ac911b1d: posts small blind 60
7d1d2ef3: posts big blind 120
*** HOLE CARDS ***
Dealt to 7d1d2ef3 
Dealt to 1ed3616f 
Dealt to f59ffa60 
Dealt to Hero [Ts 5c]
Dealt to ec22b447 
Dealt to b991fa9e 
Dealt to 26cc8d6c 
Dealt to ac911b1d 
1ed3616f: folds
f59ffa60: folds
Hero: folds
ec22b447: folds
b991fa9e: folds
26cc8d6c: folds
ac911b1d: calls 60
7d1d2ef3: checks
*** FLOP *** [8h 8c Kd]
ac911b1d: checks
7d1d2ef3: checks
*** TURN *** [8h 8c Kd] [3h]
ac911b1d: checks
7d1d2ef3: checks
*** RIVER *** [8h 8c Kd 3h] [6s]
ac911b1d: checks
7d1d2ef3: bets 192
ac911b1d: calls 192
7d1d2ef3: shows [6h 6c] (a full house, Sixes full of Eights)
ac911b1d: shows [Kh 2c] (two pair, Kings and Eights)
*** SHOWDOWN ***
7d1d2ef3 collected 768 from pot
*** SUMMARY ***
Total pot 768 | Rake 0 | Jackpot 0 | Bingo 0 | Fortune 0 | Tax 0
Board [8h 8c Kd 3h 6s]
Seat 1: 7d1d2ef3 (big blind) showed [6h 6c] and won (768) with a full house, Sixes full of Eights
Seat 2: 1ed3616f folded before Flop
Seat 3: f59ffa60 folded before Flop
Seat 4: Hero folded before Flop
Seat 5: ec22b447 folded before Flop
Seat 6: b991fa9e folded before Flop
Seat 7: 26cc8d6c (button) folded before Flop
Seat 8: ac911b1d (small blind) showed [Kh 2c] and lost with two pair, Kings and Eights


Poker Hand #TM5561286231: Tournament #261966765, Bounty Hunters Sunday Special $8.88 Hold'em No Limit - Level2(60/120(18)) - 2026/02/08 21:47:37
Table '48' 8-max Seat #6 is the button
Seat 1: 7d1d2ef3 (9,754 in chips)
Seat 2: 1ed3616f (11,417 in chips)
Seat 3: f59ffa60 (5,323 in chips)
Seat 4: Hero (8,735 in chips)
Seat 5: ec22b447 (12,922 in chips)
Seat 6: b991fa9e (8,209 in chips)
Seat 7: 26cc8d6c (12,218 in chips)
Seat 8: ac911b1d (9,910 in chips)
7d1d2ef3: posts the ante 18
26cc8d6c: posts the ante 18
Hero: posts the ante 18
1ed3616f: posts the ante 18
ec22b447: posts the ante 18
ac911b1d: posts the ante 18
f59ffa60: posts the ante 18
b991fa9e: posts the ante 18
26cc8d6c: posts small blind 60
ac911b1d: posts big blind 120
*** HOLE CARDS ***
Dealt to 7d1d2ef3 
Dealt to 1ed3616f 
Dealt to f59ffa60 
Dealt to Hero [7c 9c]
Dealt to ec22b447 
Dealt to b991fa9e 
Dealt to 26cc8d6c 
Dealt to ac911b1d 
7d1d2ef3: folds
1ed3616f: folds
f59ffa60: folds
Hero: folds
ec22b447: folds
b991fa9e: folds
26cc8d6c: raises 336 to 456
ac911b1d: calls 336
*** FLOP *** [Td 2d Kh]
26cc8d6c: checks
ac911b1d: checks
*** TURN *** [Td 2d Kh] [Ac]
26cc8d6c: bets 416
ac911b1d: folds
Uncalled bet (416) returned to 26cc8d6c
*** SHOWDOWN ***
26cc8d6c collected 1,056 from pot
*** SUMMARY ***
Total pot 1,056 | Rake 0 | Jackpot 0 | Bingo 0 | Fortune 0 | Tax 0
Board [Td 2d Kh Ac]
Seat 1: 7d1d2ef3 folded before Flop
Seat 2: 1ed3616f folded before Flop
Seat 3: f59ffa60 folded before Flop
Seat 4: Hero folded before Flop
Seat 5: ec22b447 folded before Flop
Seat 6: b991fa9e (button) folded before Flop
Seat 7: 26cc8d6c (small blind) won (1,056)
Seat 8: ac911b1d (big blind) folded on the Turn


Poker Hand #TM5561286194: Tournament #261966765, Bounty Hunters Sunday Special $8.88 Hold'em No Limit - Level2(60/120(18)) - 2026/02/08 21:46:51
Table '48' 8-max Seat #5 is the button
Seat 1: 7d1d2ef3 (9,772 in chips)
Seat 2: 1ed3616f (11,435 in chips)
Seat 3: f59ffa60 (5,827 in chips)
Seat 4: Hero (8,753 in chips)
Seat 5: ec22b447 (12,940 in chips)
Seat 6: b991fa9e (7,477 in chips)
Seat 7: 26cc8d6c (12,356 in chips)
Seat 8: ac911b1d (9,928 in chips)
7d1d2ef3: posts the ante 18
26cc8d6c: posts the ante 18
Hero: posts the ante 18
1ed3616f: posts the ante 18
ec22b447: posts the ante 18
ac911b1d: posts the ante 18
f59ffa60: posts the ante 18
b991fa9e: posts the ante 18
b991fa9e: posts small blind 60
26cc8d6c: posts big blind 120
*** HOLE CARDS ***
Dealt to 7d1d2ef3 
Dealt to 1ed3616f 
Dealt to f59ffa60 
Dealt to Hero [6d 2h]
Dealt to ec22b447 
Dealt to b991fa9e 
Dealt to 26cc8d6c 
Dealt to ac911b1d 
ac911b1d: folds
7d1d2ef3: folds
1ed3616f: folds
f59ffa60: raises 120 to 240
Hero: folds
ec22b447: folds
b991fa9e: calls 180
26cc8d6c: folds
*** FLOP *** [6c 8d 5h]
b991fa9e: checks
f59ffa60: bets 246
b991fa9e: calls 246
*** TURN *** [6c 8d 5h] [Jd]
b991fa9e: checks
f59ffa60: checks
*** RIVER *** [6c 8d 5h Jd] [3h]
b991fa9e: bets 927
f59ffa60: folds
Uncalled bet (927) returned to b991fa9e
*** SHOWDOWN ***
b991fa9e collected 1,236 from pot
*** SUMMARY ***
Total pot 1,236 | Rake 0 | Jackpot 0 | Bingo 0 | Fortune 0 | Tax 0
Board [6c 8d 5h Jd 3h]
Seat 1: 7d1d2ef3 folded before Flop
Seat 2: 1ed3616f folded before Flop
Seat 3: f59ffa60 folded on the River
Seat 4: Hero folded before Flop
Seat 5: ec22b447 (button) folded before Flop
Seat 6: b991fa9e (small blind) won (1,236)
Seat 7: 26cc8d6c (big blind) folded before Flop
Seat 8: ac911b1d folded before Flop


Poker Hand #TM5561286164: Tournament #261966765, Bounty Hunters Sunday Special $8.88 Hold'em No Limit - Level2(60/120(18)) - 2026/02/08 21:46:20
Table '48' 8-max Seat #4 is the button
Seat 1: 7d1d2ef3 (9,790 in chips)
Seat 2: 1ed3616f (11,129 in chips)
Seat 3: f59ffa60 (5,845 in chips)
Seat 4: Hero (8,771 in chips)
Seat 5: ec22b447 (13,018 in chips)
Seat 6: b991fa9e (7,615 in chips)
Seat 7: 26cc8d6c (12,374 in chips)
Seat 8: ac911b1d (9,946 in chips)
7d1d2ef3: posts the ante 18
26cc8d6c: posts the ante 18
Hero: posts the ante 18
1ed3616f: posts the ante 18
ec22b447: posts the ante 18
ac911b1d: posts the ante 18
f59ffa60: posts the ante 18
b991fa9e: posts the ante 18
ec22b447: posts small blind 60
b991fa9e: posts big blind 120
*** HOLE CARDS ***
Dealt to 7d1d2ef3 
Dealt to 1ed3616f 
Dealt to f59ffa60 
Dealt to Hero [6d As]
Dealt to ec22b447 
Dealt to b991fa9e 
Dealt to 26cc8d6c 
Dealt to ac911b1d 
26cc8d6c: folds
ac911b1d: folds
7d1d2ef3: folds
1ed3616f: raises 120 to 240
f59ffa60: folds
Hero: folds
ec22b447: folds
b991fa9e: folds
Uncalled bet (120) returned to 1ed3616f
*** SHOWDOWN ***
1ed3616f collected 444 from pot
*** SUMMARY ***
Total pot 444 | Rake 0 | Jackpot 0 | Bingo 0 | Fortune 0 | Tax 0
Seat 1: 7d1d2ef3 folded before Flop
Seat 2: 1ed3616f collected (444)
Seat 3: f59ffa60 folded before Flop
Seat 4: Hero (button) folded before Flop
Seat 5: ec22b447 (small blind) folded before Flop
Seat 6: b991fa9e (big blind) folded before Flop
Seat 7: 26cc8d6c folded before Flop
Seat 8: ac911b1d folded before Flop


Poker Hand #TM5561286143: Tournament #261966765, Bounty Hunters Sunday Special $8.88 Hold'em No Limit - Level2(60/120(18)) - 2026/02/08 21:45:58
Table '48' 8-max Seat #3 is the button
Seat 1: 7d1d2ef3 (9,808 in chips)
Seat 2: 1ed3616f (11,147 in chips)
Seat 3: f59ffa60 (5,863 in chips)
Seat 4: Hero (8,849 in chips)
Seat 5: ec22b447 (13,156 in chips)
Seat 6: b991fa9e (7,633 in chips)
Seat 7: 26cc8d6c (12,068 in chips)
Seat 8: ac911b1d (9,964 in chips)
7d1d2ef3: posts the ante 18
26cc8d6c: posts the ante 18
1ed3616f: posts the ante 18
Hero: posts the ante 18
ec22b447: posts the ante 18
ac911b1d: posts the ante 18
f59ffa60: posts the ante 18
b991fa9e: posts the ante 18
Hero: posts small blind 60
ec22b447: posts big blind 120
*** HOLE CARDS ***
Dealt to 7d1d2ef3 
Dealt to 1ed3616f 
Dealt to f59ffa60 
Dealt to Hero [9h Js]
Dealt to ec22b447 
Dealt to b991fa9e 
Dealt to 26cc8d6c 
Dealt to ac911b1d 
b991fa9e: folds
26cc8d6c: raises 120 to 240
ac911b1d: folds
7d1d2ef3: folds
1ed3616f: folds
f59ffa60: folds
Hero: folds
ec22b447: folds
Uncalled bet (120) returned to 26cc8d6c
*** SHOWDOWN ***
26cc8d6c collected 444 from pot
*** SUMMARY ***
Total pot 444 | Rake 0 | Jackpot 0 | Bingo 0 | Fortune 0 | Tax 0
Seat 1: 7d1d2ef3 folded before Flop
Seat 2: 1ed3616f folded before Flop
Seat 3: f59ffa60 (button) folded before Flop
Seat 4: Hero (small blind) folded before Flop
Seat 5: ec22b447 (big blind) folded before Flop
Seat 6: b991fa9e folded before Flop
Seat 7: 26cc8d6c collected (444)
Seat 8: ac911b1d folded before Flop


Poker Hand #TM5561286122: Tournament #261966765, Bounty Hunters Sunday Special $8.88 Hold'em No Limit - Level2(60/120(18)) - 2026/02/08 21:45:32
Table '48' 8-max Seat #2 is the button
Seat 1: 7d1d2ef3 (9,826 in chips)
Seat 2: 1ed3616f (11,165 in chips)
Seat 3: f59ffa60 (5,941 in chips)
Seat 4: Hero (8,987 in chips)
Seat 5: ec22b447 (12,850 in chips)
Seat 6: b991fa9e (7,651 in chips)
Seat 7: 26cc8d6c (12,086 in chips)
Seat 8: ac911b1d (9,982 in chips)
7d1d2ef3: posts the ante 18
26cc8d6c: posts the ante 18
1ed3616f: posts the ante 18
Hero: posts the ante 18
ec22b447: posts the ante 18
ac911b1d: posts the ante 18
f59ffa60: posts the ante 18
b991fa9e: posts the ante 18
f59ffa60: posts small blind 60
Hero: posts big blind 120
*** HOLE CARDS ***
Dealt to 7d1d2ef3 
Dealt to 1ed3616f 
Dealt to f59ffa60 
Dealt to Hero [Qh 2c]
Dealt to ec22b447 
Dealt to b991fa9e 
Dealt to 26cc8d6c 
Dealt to ac911b1d 
ec22b447: raises 132 to 252
b991fa9e: folds
26cc8d6c: folds
ac911b1d: folds
7d1d2ef3: folds
1ed3616f: folds
f59ffa60: folds
Hero: folds
Uncalled bet (132) returned to ec22b447
*** SHOWDOWN ***
ec22b447 collected 444 from pot
*** SUMMARY ***
Total pot 444 | Rake 0 | Jackpot 0 | Bingo 0 | Fortune 0 | Tax 0
Seat 1: 7d1d2ef3 folded before Flop
Seat 2: 1ed3616f (button) folded before Flop
Seat 3: f59ffa60 (small blind) folded before Flop
Seat 4: Hero (big blind) folded before Flop
Seat 5: ec22b447 collected (444)
Seat 6: b991fa9e folded before Flop
Seat 7: 26cc8d6c folded before Flop
Seat 8: ac911b1d folded before Flop


Poker Hand #TM5561286089: Tournament #261966765, Bounty Hunters Sunday Special $8.88 Hold'em No Limit - Level2(60/120(18)) - 2026/02/08 21:45:03
Table '48' 8-max Seat #1 is the button
Seat 1: 7d1d2ef3 (9,844 in chips)
Seat 2: 1ed3616f (11,243 in chips)
Seat 3: f59ffa60 (6,079 in chips)
Seat 4: Hero (9,005 in chips)
Seat 5: ec22b447 (12,868 in chips)
Seat 6: b991fa9e (7,669 in chips)
Seat 7: 26cc8d6c (11,780 in chips)
Seat 8: ac911b1d (10,000 in chips)
7d1d2ef3: posts the ante 18
26cc8d6c: posts the ante 18
Hero: posts the ante 18
1ed3616f: posts the ante 18
ec22b447: posts the ante 18
ac911b1d: posts the ante 18
f59ffa60: posts the ante 18
b991fa9e: posts the ante 18
1ed3616f: posts small blind 60
f59ffa60: posts big blind 120
*** HOLE CARDS ***
Dealt to 7d1d2ef3 
Dealt to 1ed3616f 
Dealt to f59ffa60 
Dealt to Hero [Kd 7d]
Dealt to ec22b447 
Dealt to b991fa9e 
Dealt to 26cc8d6c 
Dealt to ac911b1d 
Hero: folds
ec22b447: folds
b991fa9e: folds
26cc8d6c: raises 120 to 240
ac911b1d: folds
7d1d2ef3: folds
1ed3616f: folds
f59ffa60: folds
Uncalled bet (120) returned to 26cc8d6c
*** SHOWDOWN ***
26cc8d6c collected 444 from pot
*** SUMMARY ***
Total pot 444 | Rake 0 | Jackpot 0 | Bingo 0 | Fortune 0 | Tax 0
Seat 1: 7d1d2ef3 (button) folded before Flop
Seat 2: 1ed3616f (small blind) folded before Flop
Seat 3: f59ffa60 (big blind) folded before Flop
Seat 4: Hero folded before Flop
Seat 5: ec22b447 folded before Flop
Seat 6: b991fa9e folded before Flop
Seat 7: 26cc8d6c collected (444)
Seat 8: ac911b1d folded before Flop


Poker Hand #TM5561286023: Tournament #261966765, Bounty Hunters Sunday Special $8.88 Hold'em No Limit - Level2(60/120(18)) - 2026/02/08 21:44:00
Table '48' 8-max Seat #7 is the button
Seat 1: 7d1d2ef3 (9,922 in chips)
Seat 2: 1ed3616f (9,389 in chips)
Seat 3: f59ffa60 (6,097 in chips)
Seat 4: Hero (10,709 in chips)
Seat 5: ec22b447 (12,886 in chips)
Seat 6: b991fa9e (7,687 in chips)
Seat 7: 26cc8d6c (11,798 in chips)
26cc8d6c: posts the ante 18
7d1d2ef3: posts the ante 18
Hero: posts the ante 18
1ed3616f: posts the ante 18
ec22b447: posts the ante 18
f59ffa60: posts the ante 18
b991fa9e: posts the ante 18
7d1d2ef3: posts small blind 60
1ed3616f: posts big blind 120
*** HOLE CARDS ***
Dealt to 7d1d2ef3 
Dealt to 1ed3616f 
Dealt to f59ffa60 
Dealt to Hero [Kh As]
Dealt to ec22b447 
Dealt to b991fa9e 
Dealt to 26cc8d6c 
f59ffa60: folds
Hero: raises 120 to 240
ec22b447: folds
b991fa9e: folds
26cc8d6c: folds
7d1d2ef3: folds
1ed3616f: calls 120
*** FLOP *** [Jc 7h 6s]
1ed3616f: checks
Hero: bets 220
1ed3616f: calls 220
*** TURN *** [Jc 7h 6s] [9h]
1ed3616f: checks
Hero: bets 553
1ed3616f: raises 673 to 1,226
Hero: calls 673
*** RIVER *** [Jc 7h 6s 9h] [Qc]
1ed3616f: bets 1,779
Hero: folds
Uncalled bet (1,779) returned to 1ed3616f
*** SHOWDOWN ***
1ed3616f collected 3,558 from pot
*** SUMMARY ***
Total pot 3,558 | Rake 0 | Jackpot 0 | Bingo 0 | Fortune 0 | Tax 0
Board [Jc 7h 6s 9h Qc]
Seat 1: 7d1d2ef3 (small blind) folded before Flop
Seat 2: 1ed3616f (big blind) won (3,558)
Seat 3: f59ffa60 folded before Flop
Seat 4: Hero folded on the River
Seat 5: ec22b447 folded before Flop
Seat 6: b991fa9e folded before Flop
Seat 7: 26cc8d6c (button) folded before Flop


Poker Hand #TM5561286010: Tournament #261966765, Bounty Hunters Sunday Special $8.88 Hold'em No Limit - Level2(60/120(18)) - 2026/02/08 21:43:43
Table '48' 8-max Seat #6 is the button
Seat 1: 7d1d2ef3 (10,060 in chips)
Seat 2: 1ed3616f (9,407 in chips)
Seat 3: f59ffa60 (6,115 in chips)
Seat 4: Hero (10,727 in chips)
Seat 5: ec22b447 (12,598 in chips)
Seat 6: b991fa9e (7,705 in chips)
Seat 7: 26cc8d6c (11,876 in chips)
7d1d2ef3: posts the ante 18
26cc8d6c: posts the ante 18
Hero: posts the ante 18
1ed3616f: posts the ante 18
ec22b447: posts the ante 18
f59ffa60: posts the ante 18
b991fa9e: posts the ante 18
26cc8d6c: posts small blind 60
7d1d2ef3: posts big blind 120
*** HOLE CARDS ***
Dealt to 7d1d2ef3 
Dealt to 1ed3616f 
Dealt to f59ffa60 
Dealt to Hero [7s 5d]
Dealt to ec22b447 
Dealt to b991fa9e 
Dealt to 26cc8d6c 
1ed3616f: folds
f59ffa60: folds
Hero: folds
ec22b447: raises 120 to 240
b991fa9e: folds
26cc8d6c: folds
7d1d2ef3: folds
Uncalled bet (120) returned to ec22b447
*** SHOWDOWN ***
ec22b447 collected 426 from pot
*** SUMMARY ***
Total pot 426 | Rake 0 | Jackpot 0 | Bingo 0 | Fortune 0 | Tax 0
Seat 1: 7d1d2ef3 (big blind) folded before Flop
Seat 2: 1ed3616f folded before Flop
Seat 3: f59ffa60 folded before Flop
Seat 4: Hero folded before Flop
Seat 5: ec22b447 collected (426)
Seat 6: b991fa9e (button) folded before Flop
Seat 7: 26cc8d6c (small blind) folded before Flop


Poker Hand #TM5561285961: Tournament #261966765, Bounty Hunters Sunday Special $8.88 Hold'em No Limit - Level2(60/120(18)) - 2026/02/08 21:42:54
Table '48' 8-max Seat #5 is the button
Seat 1: 7d1d2ef3 (10,078 in chips)
Seat 2: 1ed3616f (9,425 in chips)
Seat 3: f59ffa60 (6,373 in chips)
Seat 4: Hero (10,745 in chips)
Seat 5: ec22b447 (12,856 in chips)
Seat 6: b991fa9e (7,783 in chips)
Seat 7: 26cc8d6c (11,210 in chips)
Seat 8: 336af203 (11,530 in chips)
7d1d2ef3: posts the ante 18
26cc8d6c: posts the ante 18
Hero: posts the ante 18
1ed3616f: posts the ante 18
336af203: posts the ante 18
ec22b447: posts the ante 18
f59ffa60: posts the ante 18
b991fa9e: posts the ante 18
b991fa9e: posts small blind 60
26cc8d6c: posts big blind 120
*** HOLE CARDS ***
Dealt to 7d1d2ef3 
Dealt to 1ed3616f 
Dealt to f59ffa60 
Dealt to Hero [Qc Ts]
Dealt to ec22b447 
Dealt to b991fa9e 
Dealt to 26cc8d6c 
Dealt to 336af203 
336af203: folds
7d1d2ef3: folds
1ed3616f: folds
f59ffa60: raises 120 to 240
Hero: folds
ec22b447: calls 240
b991fa9e: folds
26cc8d6c: raises 1,080 to 1,320
f59ffa60: folds
ec22b447: folds
Uncalled bet (1,080) returned to 26cc8d6c
*** SHOWDOWN ***
26cc8d6c collected 924 from pot
*** SUMMARY ***
Total pot 924 | Rake 0 | Jackpot 0 | Bingo 0 | Fortune 0 | Tax 0
Seat 1: 7d1d2ef3 folded before Flop
Seat 2: 1ed3616f folded before Flop
Seat 3: f59ffa60 folded before Flop
Seat 4: Hero folded before Flop
Seat 5: ec22b447 (button) folded before Flop
Seat 6: b991fa9e (small blind) folded before Flop
Seat 7: 26cc8d6c (big blind) collected (924)
Seat 8: 336af203 folded before Flop


Poker Hand #TM5561285883: Tournament #261966765, Bounty Hunters Sunday Special $8.88 Hold'em No Limit - Level1(50/100(15)) - 2026/02/08 21:41:30
Table '48' 8-max Seat #4 is the button
Seat 1: 7d1d2ef3 (11,360 in chips)
Seat 2: 1ed3616f (10,707 in chips)
Seat 3: f59ffa60 (6,388 in chips)
Seat 4: Hero (10,760 in chips)
Seat 5: ec22b447 (10,117 in chips)
Seat 6: b991fa9e (7,898 in chips)
Seat 7: 26cc8d6c (11,225 in chips)
Seat 8: 336af203 (11,545 in chips)
7d1d2ef3: posts the ante 15
26cc8d6c: posts the ante 15
Hero: posts the ante 15
1ed3616f: posts the ante 15
336af203: posts the ante 15
ec22b447: posts the ante 15
f59ffa60: posts the ante 15
b991fa9e: posts the ante 15
ec22b447: posts small blind 50
b991fa9e: posts big blind 100
*** HOLE CARDS ***
Dealt to 7d1d2ef3 
Dealt to 1ed3616f 
Dealt to f59ffa60 
Dealt to Hero [Td Js]
Dealt to ec22b447 
Dealt to b991fa9e 
Dealt to 26cc8d6c 
Dealt to 336af203 
26cc8d6c: folds
336af203: folds
7d1d2ef3: raises 100 to 200
1ed3616f: raises 400 to 600
f59ffa60: folds
Hero: folds
ec22b447: calls 550
b991fa9e: folds
7d1d2ef3: calls 400
*** FLOP *** [7d 9h Ts]
ec22b447: checks
7d1d2ef3: checks
1ed3616f: bets 667
ec22b447: calls 667
7d1d2ef3: calls 667
*** TURN *** [7d 9h Ts] [2s]
ec22b447: checks
7d1d2ef3: checks
1ed3616f: checks
*** RIVER *** [7d 9h Ts 2s] [6d]
ec22b447: bets 8,835 and is all-in
7d1d2ef3: folds
1ed3616f: folds
Uncalled bet (8,835) returned to ec22b447
*** SHOWDOWN ***
ec22b447 collected 4,021 from pot
*** SUMMARY ***
Total pot 4,021 | Rake 0 | Jackpot 0 | Bingo 0 | Fortune 0 | Tax 0
Board [7d 9h Ts 2s 6d]
Seat 1: 7d1d2ef3 folded on the River
Seat 2: 1ed3616f folded on the River
Seat 3: f59ffa60 folded before Flop
Seat 4: Hero (button) folded before Flop
Seat 5: ec22b447 (small blind) won (4,021)
Seat 6: b991fa9e (big blind) folded before Flop
Seat 7: 26cc8d6c folded before Flop
Seat 8: 336af203 folded before Flop


Poker Hand #TM5561285849: Tournament #261966765, Bounty Hunters Sunday Special $8.88 Hold'em No Limit - Level1(50/100(15)) - 2026/02/08 21:40:54
Table '48' 8-max Seat #3 is the button
Seat 1: 7d1d2ef3 (11,375 in chips)
Seat 2: 1ed3616f (10,352 in chips)
Seat 3: f59ffa60 (6,403 in chips)
Seat 4: Hero (10,825 in chips)
Seat 5: ec22b447 (10,332 in chips)
Seat 6: b991fa9e (7,913 in chips)
Seat 7: 26cc8d6c (11,240 in chips)
Seat 8: 336af203 (11,560 in chips)
7d1d2ef3: posts the ante 15
26cc8d6c: posts the ante 15
1ed3616f: posts the ante 15
Hero: posts the ante 15
336af203: posts the ante 15
ec22b447: posts the ante 15
f59ffa60: posts the ante 15
b991fa9e: posts the ante 15
Hero: posts small blind 50
ec22b447: posts big blind 100
*** HOLE CARDS ***
Dealt to 7d1d2ef3 
Dealt to 1ed3616f 
Dealt to f59ffa60 
Dealt to Hero [4s Jh]
Dealt to ec22b447 
Dealt to b991fa9e 
Dealt to 26cc8d6c 
Dealt to 336af203 
b991fa9e: folds
26cc8d6c: folds
336af203: folds
7d1d2ef3: folds
1ed3616f: raises 100 to 200
f59ffa60: folds
Hero: folds
ec22b447: calls 100
*** FLOP *** [Kh 2d Qc]
ec22b447: checks
1ed3616f: bets 189
ec22b447: folds
Uncalled bet (189) returned to 1ed3616f
*** SHOWDOWN ***
1ed3616f collected 570 from pot
*** SUMMARY ***
Total pot 570 | Rake 0 | Jackpot 0 | Bingo 0 | Fortune 0 | Tax 0
Board [Kh 2d Qc]
Seat 1: 7d1d2ef3 folded before Flop
Seat 2: 1ed3616f won (570)
Seat 3: f59ffa60 (button) folded before Flop
Seat 4: Hero (small blind) folded before Flop
Seat 5: ec22b447 (big blind) folded on the Flop
Seat 6: b991fa9e folded before Flop
Seat 7: 26cc8d6c folded before Flop
Seat 8: 336af203 folded before Flop


Poker Hand #TM5561285782: Tournament #261966765, Bounty Hunters Sunday Special $8.88 Hold'em No Limit - Level1(50/100(15)) - 2026/02/08 21:39:46
Table '48' 8-max Seat #2 is the button
Seat 1: 7d1d2ef3 (11,390 in chips)
Seat 2: 1ed3616f (10,567 in chips)
Seat 3: f59ffa60 (7,078 in chips)
Seat 4: Hero (11,040 in chips)
Seat 5: ec22b447 (10,347 in chips)
Seat 6: b991fa9e (7,928 in chips)
Seat 7: 26cc8d6c (10,075 in chips)
Seat 8: 336af203 (11,575 in chips)
7d1d2ef3: posts the ante 15
26cc8d6c: posts the ante 15
1ed3616f: posts the ante 15
Hero: posts the ante 15
336af203: posts the ante 15
ec22b447: posts the ante 15
f59ffa60: posts the ante 15
b991fa9e: posts the ante 15
f59ffa60: posts small blind 50
Hero: posts big blind 100
*** HOLE CARDS ***
Dealt to 7d1d2ef3 
Dealt to 1ed3616f 
Dealt to f59ffa60 
Dealt to Hero [Kc 4d]
Dealt to ec22b447 
Dealt to b991fa9e 
Dealt to 26cc8d6c 
Dealt to 336af203 
ec22b447: folds
b991fa9e: folds
26cc8d6c: raises 100 to 200
336af203: folds
7d1d2ef3: folds
1ed3616f: calls 200
f59ffa60: calls 150
Hero: calls 100
*** FLOP *** [Td 5d 9c]
f59ffa60: checks
Hero: checks
26cc8d6c: bets 460
1ed3616f: folds
f59ffa60: calls 460
Hero: folds
*** TURN *** [Td 5d 9c] [3d]
f59ffa60: checks
26cc8d6c: checks
*** RIVER *** [Td 5d 9c 3d] [5s]
f59ffa60: checks
26cc8d6c: bets 2,500
f59ffa60: folds
Uncalled bet (2,500) returned to 26cc8d6c
*** SHOWDOWN ***
26cc8d6c collected 1,840 from pot
*** SUMMARY ***
Total pot 1,840 | Rake 0 | Jackpot 0 | Bingo 0 | Fortune 0 | Tax 0
Board [Td 5d 9c 3d 5s]
Seat 1: 7d1d2ef3 folded before Flop
Seat 2: 1ed3616f (button) folded on the Flop
Seat 3: f59ffa60 (small blind) folded on the River
Seat 4: Hero (big blind) folded on the Flop
Seat 5: ec22b447 folded before Flop
Seat 6: b991fa9e folded before Flop
Seat 7: 26cc8d6c won (1,840)
Seat 8: 336af203 folded before Flop


Poker Hand #TM5561285724: Tournament #261966765, Bounty Hunters Sunday Special $8.88 Hold'em No Limit - Level1(50/100(15)) - 2026/02/08 21:38:49
Table '48' 8-max Seat #1 is the button
Seat 1: 7d1d2ef3 (11,405 in chips)
Seat 2: 1ed3616f (8,615 in chips)
Seat 3: f59ffa60 (8,940 in chips)
Seat 4: Hero (11,055 in chips)
Seat 5: ec22b447 (10,362 in chips)
Seat 6: b991fa9e (7,943 in chips)
Seat 7: 26cc8d6c (10,090 in chips)
Seat 8: 336af203 (11,590 in chips)
7d1d2ef3: posts the ante 15
26cc8d6c: posts the ante 15
Hero: posts the ante 15
1ed3616f: posts the ante 15
336af203: posts the ante 15
ec22b447: posts the ante 15
f59ffa60: posts the ante 15
b991fa9e: posts the ante 15
1ed3616f: posts small blind 50
f59ffa60: posts big blind 100
*** HOLE CARDS ***
Dealt to 7d1d2ef3 
Dealt to 1ed3616f 
Dealt to f59ffa60 
Dealt to Hero [9c Td]
Dealt to ec22b447 
Dealt to b991fa9e 
Dealt to 26cc8d6c 
Dealt to 336af203 
Hero: folds
ec22b447: folds
b991fa9e: folds
26cc8d6c: folds
336af203: folds
7d1d2ef3: folds
1ed3616f: raises 250 to 350
f59ffa60: calls 250
*** FLOP *** [8s 4d Ac]
1ed3616f: checks
f59ffa60: checks
*** TURN *** [8s 4d Ac] [2d]
1ed3616f: bets 271
f59ffa60: calls 271
*** RIVER *** [8s 4d Ac 2d] [4c]
1ed3616f: bets 1,226
f59ffa60: calls 1,226
1ed3616f: shows [4s Jd] (three of a kind, Fours)
f59ffa60: shows [5h Ad] (two pair, Aces and Fours)
*** SHOWDOWN ***
1ed3616f collected 3,814 from pot
*** SUMMARY ***
Total pot 3,814 | Rake 0 | Jackpot 0 | Bingo 0 | Fortune 0 | Tax 0
Board [8s 4d Ac 2d 4c]
Seat 1: 7d1d2ef3 (button) folded before Flop
Seat 2: 1ed3616f (small blind) showed [4s Jd] and won (3,814) with three of a kind, Fours
Seat 3: f59ffa60 (big blind) showed [5h Ad] and lost with two pair, Aces and Fours
Seat 4: Hero folded before Flop
Seat 5: ec22b447 folded before Flop
Seat 6: b991fa9e folded before Flop
Seat 7: 26cc8d6c folded before Flop
Seat 8: 336af203 folded before Flop


Poker Hand #TM5561285663: Tournament #261966765, Bounty Hunters Sunday Special $8.88 Hold'em No Limit - Level1(50/100(15)) - 2026/02/08 21:37:43
Table '48' 8-max Seat #8 is the button
Seat 1: 7d1d2ef3 (10,185 in chips)
Seat 2: 1ed3616f (8,730 in chips)
Seat 3: f59ffa60 (8,955 in chips)
Seat 4: Hero (11,885 in chips)
Seat 5: ec22b447 (10,377 in chips)
Seat 6: b991fa9e (8,158 in chips)
Seat 7: 26cc8d6c (10,105 in chips)
Seat 8: 336af203 (11,605 in chips)
26cc8d6c: posts the ante 15
7d1d2ef3: posts the ante 15
Hero: posts the ante 15
1ed3616f: posts the ante 15
336af203: posts the ante 15
ec22b447: posts the ante 15
f59ffa60: posts the ante 15
b991fa9e: posts the ante 15
7d1d2ef3: posts small blind 50
1ed3616f: posts big blind 100
*** HOLE CARDS ***
Dealt to 7d1d2ef3 
Dealt to 1ed3616f 
Dealt to f59ffa60 
Dealt to Hero [9s 8s]
Dealt to ec22b447 
Dealt to b991fa9e 
Dealt to 26cc8d6c 
Dealt to 336af203 
f59ffa60: folds
Hero: raises 100 to 200
ec22b447: folds
b991fa9e: calls 200
26cc8d6c: folds
336af203: folds
7d1d2ef3: raises 615 to 815
1ed3616f: folds
Hero: calls 615
b991fa9e: folds
*** FLOP *** [5d Kd 3s]
7d1d2ef3: bets 677
Hero: folds
Uncalled bet (677) returned to 7d1d2ef3
*** SHOWDOWN ***
7d1d2ef3 collected 2,050 from pot
*** SUMMARY ***
Total pot 2,050 | Rake 0 | Jackpot 0 | Bingo 0 | Fortune 0 | Tax 0
Board [5d Kd 3s]
Seat 1: 7d1d2ef3 (small blind) won (2,050)
Seat 2: 1ed3616f (big blind) folded before Flop
Seat 3: f59ffa60 folded before Flop
Seat 4: Hero folded on the Flop
Seat 5: ec22b447 folded before Flop
Seat 6: b991fa9e folded before Flop
Seat 7: 26cc8d6c folded before Flop
Seat 8: 336af203 (button) folded before Flop


Poker Hand #TM5561285646: Tournament #261966765, Bounty Hunters Sunday Special $8.88 Hold'em No Limit - Level1(50/100(15)) - 2026/02/08 21:37:28
Table '48' 8-max Seat #7 is the button
Seat 1: 7d1d2ef3 (10,300 in chips)
Seat 2: 1ed3616f (8,745 in chips)
Seat 3: f59ffa60 (8,970 in chips)
Seat 4: Hero (11,900 in chips)
Seat 5: ec22b447 (10,392 in chips)
Seat 6: b991fa9e (8,173 in chips)
Seat 7: 26cc8d6c (9,850 in chips)
Seat 8: 336af203 (11,670 in chips)
26cc8d6c: posts the ante 15
7d1d2ef3: posts the ante 15
Hero: posts the ante 15
1ed3616f: posts the ante 15
336af203: posts the ante 15
ec22b447: posts the ante 15
f59ffa60: posts the ante 15
b991fa9e: posts the ante 15
336af203: posts small blind 50
7d1d2ef3: posts big blind 100
*** HOLE CARDS ***
Dealt to 7d1d2ef3 
Dealt to 1ed3616f 
Dealt to f59ffa60 
Dealt to Hero [2d 7d]
Dealt to ec22b447 
Dealt to b991fa9e 
Dealt to 26cc8d6c 
Dealt to 336af203 
1ed3616f: folds
f59ffa60: folds
Hero: folds
ec22b447: folds
b991fa9e: folds
26cc8d6c: raises 100 to 200
336af203: folds
7d1d2ef3: folds
Uncalled bet (100) returned to 26cc8d6c
*** SHOWDOWN ***
26cc8d6c collected 370 from pot
*** SUMMARY ***
Total pot 370 | Rake 0 | Jackpot 0 | Bingo 0 | Fortune 0 | Tax 0
Seat 1: 7d1d2ef3 (big blind) folded before Flop
Seat 2: 1ed3616f folded before Flop
Seat 3: f59ffa60 folded before Flop
Seat 4: Hero folded before Flop
Seat 5: ec22b447 folded before Flop
Seat 6: b991fa9e folded before Flop
Seat 7: 26cc8d6c (button) collected (370)
Seat 8: 336af203 (small blind) folded before Flop


Poker Hand #TM5561285553: Tournament #261966765, Bounty Hunters Sunday Special $8.88 Hold'em No Limit - Level1(50/100(15)) - 2026/02/08 21:35:59
Table '48' 8-max Seat #6 is the button
Seat 1: 7d1d2ef3 (10,515 in chips)
Seat 2: 1ed3616f (9,545 in chips)
Seat 3: f59ffa60 (8,985 in chips)
Seat 4: Hero (11,915 in chips)
Seat 5: ec22b447 (10,607 in chips)
Seat 6: b991fa9e (8,973 in chips)
Seat 7: 26cc8d6c (9,915 in chips)
Seat 8: 336af203 (9,545 in chips)
7d1d2ef3: posts the ante 15
26cc8d6c: posts the ante 15
Hero: posts the ante 15
1ed3616f: posts the ante 15
336af203: posts the ante 15
ec22b447: posts the ante 15
f59ffa60: posts the ante 15
b991fa9e: posts the ante 15
26cc8d6c: posts small blind 50
336af203: posts big blind 100
*** HOLE CARDS ***
Dealt to 7d1d2ef3 
Dealt to 1ed3616f 
Dealt to f59ffa60 
Dealt to Hero [3s Qh]
Dealt to ec22b447 
Dealt to b991fa9e 
Dealt to 26cc8d6c 
Dealt to 336af203 
7d1d2ef3: raises 100 to 200
1ed3616f: calls 200
f59ffa60: folds
Hero: folds
ec22b447: calls 200
b991fa9e: calls 200
26cc8d6c: folds
336af203: calls 100
*** FLOP *** [Qs Tc 9d]
336af203: checks
7d1d2ef3: checks
1ed3616f: checks
ec22b447: checks
b991fa9e: checks
*** TURN *** [Qs Tc 9d] [2c]
336af203: bets 585
7d1d2ef3: folds
1ed3616f: calls 585
ec22b447: folds
b991fa9e: calls 585
*** RIVER *** [Qs Tc 9d 2c] [As]
336af203: bets 2,925
1ed3616f: folds
b991fa9e: folds
Uncalled bet (2,925) returned to 336af203
*** SHOWDOWN ***
336af203 collected 2,925 from pot
*** SUMMARY ***
Total pot 2,925 | Rake 0 | Jackpot 0 | Bingo 0 | Fortune 0 | Tax 0
Board [Qs Tc 9d 2c As]
Seat 1: 7d1d2ef3 folded on the Turn
Seat 2: 1ed3616f folded on the River
Seat 3: f59ffa60 folded before Flop
Seat 4: Hero folded before Flop
Seat 5: ec22b447 folded on the Turn
Seat 6: b991fa9e (button) folded on the River
Seat 7: 26cc8d6c (small blind) folded before Flop
Seat 8: 336af203 (big blind) won (2,925)


Poker Hand #TM5561285498: Tournament #261966765, Bounty Hunters Sunday Special $8.88 Hold'em No Limit - Level1(50/100(15)) - 2026/02/08 21:34:56
Table '48' 8-max Seat #5 is the button
Seat 1: 7d1d2ef3 (10,530 in chips)
Seat 2: 1ed3616f (9,560 in chips)
Seat 3: f59ffa60 (9,000 in chips)
Seat 4: Hero (11,930 in chips)
Seat 5: ec22b447 (10,622 in chips)
Seat 6: b991fa9e (9,088 in chips)
Seat 7: 26cc8d6c (9,710 in chips)
Seat 8: 336af203 (9,560 in chips)
7d1d2ef3: posts the ante 15
26cc8d6c: posts the ante 15
Hero: posts the ante 15
1ed3616f: posts the ante 15
336af203: posts the ante 15
ec22b447: posts the ante 15
f59ffa60: posts the ante 15
b991fa9e: posts the ante 15
b991fa9e: posts small blind 50
26cc8d6c: posts big blind 100
*** HOLE CARDS ***
Dealt to 7d1d2ef3 
Dealt to 1ed3616f 
Dealt to f59ffa60 
Dealt to Hero [Ad 2s]
Dealt to ec22b447 
Dealt to b991fa9e 
Dealt to 26cc8d6c 
Dealt to 336af203 
336af203: folds
7d1d2ef3: folds
1ed3616f: folds
f59ffa60: folds
Hero: folds
ec22b447: folds
b991fa9e: calls 50
26cc8d6c: checks
*** FLOP *** [6d Js Th]
b991fa9e: checks
26cc8d6c: checks
*** TURN *** [6d Js Th] [Kc]
b991fa9e: checks
26cc8d6c: checks
*** RIVER *** [6d Js Th Kc] [3s]
b991fa9e: checks
26cc8d6c: checks
b991fa9e: shows [4c Qc] (King high)
26cc8d6c: shows [4d As] (Ace high)
*** SHOWDOWN ***
26cc8d6c collected 320 from pot
*** SUMMARY ***
Total pot 320 | Rake 0 | Jackpot 0 | Bingo 0 | Fortune 0 | Tax 0
Board [6d Js Th Kc 3s]
Seat 1: 7d1d2ef3 folded before Flop
Seat 2: 1ed3616f folded before Flop
Seat 3: f59ffa60 folded before Flop
Seat 4: Hero folded before Flop
Seat 5: ec22b447 (button) folded before Flop
Seat 6: b991fa9e (small blind) showed [4c Qc] and lost with King high
Seat 7: 26cc8d6c (big blind) showed [4d As] and won (320) with Ace high
Seat 8: 336af203 folded before Flop


Poker Hand #TM5561285441: Tournament #261966765, Bounty Hunters Sunday Special $8.88 Hold'em No Limit - Level1(50/100(15)) - 2026/02/08 21:33:54
Table '48' 8-max Seat #4 is the button
Seat 1: 7d1d2ef3 (10,545 in chips)
Seat 2: 1ed3616f (9,575 in chips)
Seat 3: f59ffa60 (9,015 in chips)
Seat 4: Hero (11,575 in chips)
Seat 5: ec22b447 (10,687 in chips)
Seat 6: b991fa9e (9,303 in chips)
Seat 7: 26cc8d6c (9,725 in chips)
Seat 8: 336af203 (9,575 in chips)
7d1d2ef3: posts the ante 15
26cc8d6c: posts the ante 15
Hero: posts the ante 15
1ed3616f: posts the ante 15
336af203: posts the ante 15
ec22b447: posts the ante 15
f59ffa60: posts the ante 15
b991fa9e: posts the ante 15
ec22b447: posts small blind 50
b991fa9e: posts big blind 100
*** HOLE CARDS ***
Dealt to 7d1d2ef3 
Dealt to 1ed3616f 
Dealt to f59ffa60 
Dealt to Hero [Qs Ac]
Dealt to ec22b447 
Dealt to b991fa9e 
Dealt to 26cc8d6c 
Dealt to 336af203 
26cc8d6c: folds
336af203: folds
7d1d2ef3: folds
1ed3616f: folds
f59ffa60: folds
Hero: raises 100 to 200
ec22b447: folds
b991fa9e: calls 100
*** FLOP *** [3c 4c As]
b991fa9e: checks
Hero: bets 285
b991fa9e: folds
Uncalled bet (285) returned to Hero
*** SHOWDOWN ***
Hero collected 570 from pot
*** SUMMARY ***
Total pot 570 | Rake 0 | Jackpot 0 | Bingo 0 | Fortune 0 | Tax 0
Board [3c 4c As]
Seat 1: 7d1d2ef3 folded before Flop
Seat 2: 1ed3616f folded before Flop
Seat 3: f59ffa60 folded before Flop
Seat 4: Hero (button) won (570)
Seat 5: ec22b447 (small blind) folded before Flop
Seat 6: b991fa9e (big blind) folded on the Flop
Seat 7: 26cc8d6c folded before Flop
Seat 8: 336af203 folded before Flop


Poker Hand #TM5561285365: Tournament #261966765, Bounty Hunters Sunday Special $8.88 Hold'em No Limit - Level1(50/100(15)) - 2026/02/08 21:32:27
Table '48' 8-max Seat #3 is the button
Seat 1: 7d1d2ef3 (10,560 in chips)
Seat 2: 1ed3616f (9,590 in chips)
Seat 3: f59ffa60 (9,790 in chips)
Seat 4: Hero (10,310 in chips)
Seat 5: ec22b447 (10,902 in chips)
Seat 6: b991fa9e (9,318 in chips)
Seat 7: 26cc8d6c (9,940 in chips)
Seat 8: 336af203 (9,590 in chips)
7d1d2ef3: posts the ante 15
26cc8d6c: posts the ante 15
1ed3616f: posts the ante 15
Hero: posts the ante 15
336af203: posts the ante 15
ec22b447: posts the ante 15
f59ffa60: posts the ante 15
b991fa9e: posts the ante 15
Hero: posts small blind 50
ec22b447: posts big blind 100
*** HOLE CARDS ***
Dealt to 7d1d2ef3 
Dealt to 1ed3616f 
Dealt to f59ffa60 
Dealt to Hero [Kc 5c]
Dealt to ec22b447 
Dealt to b991fa9e 
Dealt to 26cc8d6c 
Dealt to 336af203 
b991fa9e: folds
26cc8d6c: raises 100 to 200
336af203: folds
7d1d2ef3: folds
1ed3616f: folds
f59ffa60: calls 200
Hero: calls 150
ec22b447: calls 100
*** FLOP *** [2d 2c 7h]
Hero: checks
ec22b447: checks
26cc8d6c: checks
f59ffa60: checks
*** TURN *** [2d 2c 7h] [3d]
Hero: bets 560
ec22b447: folds
26cc8d6c: folds
f59ffa60: calls 560
*** RIVER *** [2d 2c 7h 3d] [7c]
Hero: bets 1,020
f59ffa60: folds
Uncalled bet (1,020) returned to Hero
*** SHOWDOWN ***
Hero collected 2,040 from pot
*** SUMMARY ***
Total pot 2,040 | Rake 0 | Jackpot 0 | Bingo 0 | Fortune 0 | Tax 0
Board [2d 2c 7h 3d 7c]
Seat 1: 7d1d2ef3 folded before Flop
Seat 2: 1ed3616f folded before Flop
Seat 3: f59ffa60 (button) folded on the River
Seat 4: Hero (small blind) won (2,040)
Seat 5: ec22b447 (big blind) folded on the Turn
Seat 6: b991fa9e folded before Flop
Seat 7: 26cc8d6c folded on the Turn
Seat 8: 336af203 folded before Flop


Poker Hand #TM5561285333: Tournament #261966765, Bounty Hunters Sunday Special $8.88 Hold'em No Limit - Level1(50/100(15)) - 2026/02/08 21:31:50
Table '48' 8-max Seat #2 is the button
Seat 1: 7d1d2ef3 (10,575 in chips)
Seat 2: 1ed3616f (9,805 in chips)
Seat 3: f59ffa60 (9,855 in chips)
Seat 4: Hero (9,955 in chips)
Seat 5: ec22b447 (10,917 in chips)
Seat 6: b991fa9e (9,333 in chips)
Seat 7: 26cc8d6c (9,955 in chips)
Seat 8: 336af203 (9,605 in chips)
7d1d2ef3: posts the ante 15
26cc8d6c: posts the ante 15
1ed3616f: posts the ante 15
Hero: posts the ante 15
336af203: posts the ante 15
ec22b447: posts the ante 15
f59ffa60: posts the ante 15
b991fa9e: posts the ante 15
f59ffa60: posts small blind 50
Hero: posts big blind 100
*** HOLE CARDS ***
Dealt to 7d1d2ef3 
Dealt to 1ed3616f 
Dealt to f59ffa60 
Dealt to Hero [Jh As]
Dealt to ec22b447 
Dealt to b991fa9e 
Dealt to 26cc8d6c 
Dealt to 336af203 
ec22b447: folds
b991fa9e: folds
26cc8d6c: folds
336af203: folds
7d1d2ef3: folds
1ed3616f: raises 100 to 200
f59ffa60: folds
Hero: raises 570 to 770
1ed3616f: folds
Uncalled bet (570) returned to Hero
*** SHOWDOWN ***
Hero collected 570 from pot
*** SUMMARY ***
Total pot 570 | Rake 0 | Jackpot 0 | Bingo 0 | Fortune 0 | Tax 0
Seat 1: 7d1d2ef3 folded before Flop
Seat 2: 1ed3616f (button) folded before Flop
Seat 3: f59ffa60 (small blind) folded before Flop
Seat 4: Hero (big blind) collected (570)
Seat 5: ec22b447 folded before Flop
Seat 6: b991fa9e folded before Flop
Seat 7: 26cc8d6c folded before Flop
Seat 8: 336af203 folded before Flop


Poker Hand #TM5561285308: Tournament #261966765, Bounty Hunters Sunday Special $8.88 Hold'em No Limit - Level1(50/100(15)) - 2026/02/08 21:31:23
Table '48' 8-max Seat #1 is the button
Seat 1: 7d1d2ef3 (10,590 in chips)
Seat 2: 1ed3616f (9,870 in chips)
Seat 3: f59ffa60 (9,970 in chips)
Seat 4: Hero (9,970 in chips)
Seat 5: ec22b447 (10,662 in chips)
Seat 6: b991fa9e (9,348 in chips)
Seat 7: 26cc8d6c (9,970 in chips)
Seat 8: 336af203 (9,620 in chips)
7d1d2ef3: posts the ante 15
26cc8d6c: posts the ante 15
Hero: posts the ante 15
1ed3616f: posts the ante 15
336af203: posts the ante 15
ec22b447: posts the ante 15
f59ffa60: posts the ante 15
b991fa9e: posts the ante 15
1ed3616f: posts small blind 50
f59ffa60: posts big blind 100
*** HOLE CARDS ***
Dealt to 7d1d2ef3 
Dealt to 1ed3616f 
Dealt to f59ffa60 
Dealt to Hero [Qh Ts]
Dealt to ec22b447 
Dealt to b991fa9e 
Dealt to 26cc8d6c 
Dealt to 336af203 
Hero: folds
ec22b447: raises 100 to 200
b991fa9e: folds
26cc8d6c: folds
336af203: folds
7d1d2ef3: folds
1ed3616f: folds
f59ffa60: folds
Uncalled bet (100) returned to ec22b447
*** SHOWDOWN ***
ec22b447 collected 370 from pot
*** SUMMARY ***
Total pot 370 | Rake 0 | Jackpot 0 | Bingo 0 | Fortune 0 | Tax 0
Seat 1: 7d1d2ef3 (button) folded before Flop
Seat 2: 1ed3616f (small blind) folded before Flop
Seat 3: f59ffa60 (big blind) folded before Flop
Seat 4: Hero folded before Flop
Seat 5: ec22b447 collected (370)
Seat 6: b991fa9e folded before Flop
Seat 7: 26cc8d6c folded before Flop
Seat 8: 336af203 folded before Flop


Poker Hand #TM5561285271: Tournament #261966765, Bounty Hunters Sunday Special $8.88 Hold'em No Limit - Level1(50/100(15)) - 2026/02/08 21:30:45
Table '48' 8-max Seat #8 is the button
Seat 1: 7d1d2ef3 (9,885 in chips)
Seat 2: 1ed3616f (9,985 in chips)
Seat 3: f59ffa60 (9,985 in chips)
Seat 4: Hero (9,985 in chips)
Seat 5: ec22b447 (10,677 in chips)
Seat 6: b991fa9e (9,563 in chips)
Seat 7: 26cc8d6c (9,985 in chips)
Seat 8: 336af203 (9,935 in chips)
26cc8d6c: posts the ante 15
7d1d2ef3: posts the ante 15
Hero: posts the ante 15
1ed3616f: posts the ante 15
336af203: posts the ante 15
ec22b447: posts the ante 15
f59ffa60: posts the ante 15
b991fa9e: posts the ante 15
7d1d2ef3: posts small blind 50
1ed3616f: posts big blind 100
*** HOLE CARDS ***
Dealt to 7d1d2ef3 
Dealt to 1ed3616f 
Dealt to f59ffa60 
Dealt to Hero [Tc Qd]
Dealt to ec22b447 
Dealt to b991fa9e 
Dealt to 26cc8d6c 
Dealt to 336af203 
f59ffa60: folds
Hero: folds
ec22b447: folds
b991fa9e: raises 100 to 200
26cc8d6c: folds
336af203: raises 100 to 300
7d1d2ef3: raises 900 to 1,200
1ed3616f: folds
b991fa9e: folds
336af203: folds
Uncalled bet (900) returned to 7d1d2ef3
*** SHOWDOWN ***
7d1d2ef3 collected 1,020 from pot
*** SUMMARY ***
Total pot 1,020 | Rake 0 | Jackpot 0 | Bingo 0 | Fortune 0 | Tax 0
Seat 1: 7d1d2ef3 (small blind) collected (1,020)
Seat 2: 1ed3616f (big blind) folded before Flop
Seat 3: f59ffa60 folded before Flop
Seat 4: Hero folded before Flop
Seat 5: ec22b447 folded before Flop
Seat 6: b991fa9e folded before Flop
Seat 7: 26cc8d6c folded before Flop
Seat 8: 336af203 (button) folded before Flop


Poker Hand #TM5561285231: Tournament #261966765, Bounty Hunters Sunday Special $8.88 Hold'em No Limit - Level1(50/100(15)) - 2026/02/08 21:30:02
Table '48' 8-max Seat #7 is the button
Seat 1: 7d1d2ef3 (10,000 in chips)
Seat 2: 1ed3616f (10,000 in chips)
Seat 3: f59ffa60 (10,000 in chips)
Seat 4: Hero (10,000 in chips)
Seat 5: ec22b447 (10,000 in chips)
Seat 6: b991fa9e (10,000 in chips)
Seat 7: 26cc8d6c (10,000 in chips)
Seat 8: 336af203 (10,000 in chips)
26cc8d6c: posts the ante 15
7d1d2ef3: posts the ante 15
Hero: posts the ante 15
1ed3616f: posts the ante 15
336af203: posts the ante 15
ec22b447: posts the ante 15
f59ffa60: posts the ante 15
b991fa9e: posts the ante 15
336af203: posts small blind 50
7d1d2ef3: posts big blind 100
*** HOLE CARDS ***
Dealt to 7d1d2ef3 
Dealt to 1ed3616f 
Dealt to f59ffa60 
Dealt to Hero [8d As]
Dealt to ec22b447 
Dealt to b991fa9e 
Dealt to 26cc8d6c 
Dealt to 336af203 
1ed3616f: folds
f59ffa60: folds
Hero: folds
ec22b447: raises 100 to 200
b991fa9e: calls 200
26cc8d6c: folds
336af203: folds
7d1d2ef3: folds
*** FLOP *** [7h Ts 5d]
ec22b447: bets 222
b991fa9e: calls 222
*** TURN *** [7h Ts 5d] [Jc]
ec22b447: bets 700
b991fa9e: folds
Uncalled bet (700) returned to ec22b447
*** SHOWDOWN ***
ec22b447 collected 1,114 from pot
*** SUMMARY ***
Total pot 1,114 | Rake 0 | Jackpot 0 | Bingo 0 | Fortune 0 | Tax 0
Board [7h Ts 5d Jc]
Seat 1: 7d1d2ef3 (big blind) folded before Flop
Seat 2: 1ed3616f folded before Flop
Seat 3: f59ffa60 folded before Flop
Seat 4: Hero folded before Flop
Seat 5: ec22b447 won (1,114)
Seat 6: b991fa9e folded on the Turn
Seat 7: 26cc8d6c (button) folded before Flop
Seat 8: 336af203 (small blind) folded before Flop


