Poker Hand #TM5694259514: Tournament #269088109, Bounty Hunters Special $10.80 Hold'em No Limit - Level2(60/120(18)) - 2026/03/11 17:43:02
Table '15' 8-max Seat #6 is the button
Seat 1: cc2b32f6 (11,214 in chips)
Seat 2: 2ad726e1 (9,234 in chips)
Seat 3: Hero (9,429 in chips)
Seat 4: 76d9a5ec (8,210 in chips)
Seat 5: 72b36173 (10,031 in chips)
Seat 6: ee816d8 (13,541 in chips)
Seat 7: 401ae752 (9,538 in chips)
Seat 8: 552a2d6a (11,245 in chips)
ee816d8: posts the ante 18
2ad726e1: posts the ante 18
Hero: posts the ante 18
552a2d6a: posts the ante 18
cc2b32f6: posts the ante 18
76d9a5ec: posts the ante 18
72b36173: posts the ante 18
401ae752: posts the ante 18
401ae752: posts small blind 60
552a2d6a: posts big blind 120
*** HOLE CARDS ***
Dealt to cc2b32f6 
Dealt to 2ad726e1 
Dealt to Hero [Qd Ad]
Dealt to 76d9a5ec 
Dealt to 72b36173 
Dealt to ee816d8 
Dealt to 401ae752 
Dealt to 552a2d6a 
cc2b32f6: raises 120 to 240
2ad726e1: folds
Hero: raises 522 to 762
76d9a5ec: folds
72b36173: folds
ee816d8: folds
401ae752: raises 8,758 to 9,520 and is all-in
552a2d6a: folds
cc2b32f6: folds
Hero: calls 8,649 and is all-in
Uncalled bet (109) returned to 401ae752
401ae752: shows [Qh Qs]
Hero: shows [Qd Ad]
*** FLOP *** [8h 5c 2d]
*** TURN *** [8h 5c 2d] [3h]
*** RIVER *** [8h 5c 2d 3h] [8s]
*** SHOWDOWN ***
401ae752 collected 19,326 from pot
*** SUMMARY ***
Total pot 19,326 | Rake 0 | Jackpot 0 | Bingo 0 | Fortune 0 | Tax 0
Board [8h 5c 2d 3h 8s]
Seat 1: cc2b32f6 folded before Flop
Seat 2: 2ad726e1 folded before Flop
Seat 3: Hero showed [Qd Ad] and lost with a pair of Eights
Seat 4: 76d9a5ec folded before Flop
Seat 5: 72b36173 folded before Flop
Seat 6: ee816d8 (button) folded before Flop
Seat 7: 401ae752 (small blind) showed [Qh Qs] and won (19,326) with two pair, Queens and Eights
Seat 8: 552a2d6a (big blind) folded before Flop


Poker Hand #TM5694259489: Tournament #269088109, Bounty Hunters Special $10.80 Hold'em No Limit - Level2(60/120(18)) - 2026/03/11 17:42:13
Table '15' 8-max Seat #5 is the button
Seat 1: cc2b32f6 (11,718 in chips)
Seat 2: 2ad726e1 (9,252 in chips)
Seat 3: Hero (9,447 in chips)
Seat 4: 76d9a5ec (8,228 in chips)
Seat 5: 72b36173 (10,049 in chips)
Seat 6: ee816d8 (12,809 in chips)
Seat 7: 401ae752 (9,676 in chips)
Seat 8: 552a2d6a (11,263 in chips)
ee816d8: posts the ante 18
2ad726e1: posts the ante 18
Hero: posts the ante 18
552a2d6a: posts the ante 18
cc2b32f6: posts the ante 18
76d9a5ec: posts the ante 18
72b36173: posts the ante 18
401ae752: posts the ante 18
ee816d8: posts small blind 60
401ae752: posts big blind 120
*** HOLE CARDS ***
Dealt to cc2b32f6 
Dealt to 2ad726e1 
Dealt to Hero [Ac 3h]
Dealt to 76d9a5ec 
Dealt to 72b36173 
Dealt to ee816d8 
Dealt to 401ae752 
Dealt to 552a2d6a 
552a2d6a: folds
cc2b32f6: raises 120 to 240
2ad726e1: folds
Hero: folds
76d9a5ec: folds
72b36173: folds
ee816d8: calls 180
401ae752: folds
*** FLOP *** [5c Jc 9d]
ee816d8: checks
cc2b32f6: bets 246
ee816d8: calls 246
*** TURN *** [5c Jc 9d] [6c]
ee816d8: checks
cc2b32f6: checks
*** RIVER *** [5c Jc 9d 6c] [3c]
ee816d8: bets 1,236
cc2b32f6: folds
Uncalled bet (1,236) returned to ee816d8
*** SHOWDOWN ***
ee816d8 collected 1,236 from pot
*** SUMMARY ***
Total pot 1,236 | Rake 0 | Jackpot 0 | Bingo 0 | Fortune 0 | Tax 0
Board [5c Jc 9d 6c 3c]
Seat 1: cc2b32f6 folded on the River
Seat 2: 2ad726e1 folded before Flop
Seat 3: Hero folded before Flop
Seat 4: 76d9a5ec folded before Flop
Seat 5: 72b36173 (button) folded before Flop
Seat 6: ee816d8 (small blind) won (1,236)
Seat 7: 401ae752 (big blind) folded before Flop
Seat 8: 552a2d6a folded before Flop


Poker Hand #TM5694259467: Tournament #269088109, Bounty Hunters Special $10.80 Hold'em No Limit - Level2(60/120(18)) - 2026/03/11 17:41:24
Table '15' 8-max Seat #4 is the button
Seat 1: cc2b32f6 (11,736 in chips)
Seat 2: 2ad726e1 (9,270 in chips)
Seat 3: Hero (9,465 in chips)
Seat 4: 76d9a5ec (9,086 in chips)
Seat 5: 72b36173 (8,963 in chips)
Seat 6: ee816d8 (12,947 in chips)
Seat 7: 401ae752 (9,694 in chips)
Seat 8: 552a2d6a (11,281 in chips)
ee816d8: posts the ante 18
2ad726e1: posts the ante 18
Hero: posts the ante 18
552a2d6a: posts the ante 18
cc2b32f6: posts the ante 18
76d9a5ec: posts the ante 18
401ae752: posts the ante 18
72b36173: posts the ante 18
72b36173: posts small blind 60
ee816d8: posts big blind 120
*** HOLE CARDS ***
Dealt to cc2b32f6 
Dealt to 2ad726e1 
Dealt to Hero [7d 2h]
Dealt to 76d9a5ec 
Dealt to 72b36173 
Dealt to ee816d8 
Dealt to 401ae752 
Dealt to 552a2d6a 
401ae752: folds
552a2d6a: folds
cc2b32f6: folds
2ad726e1: folds
Hero: folds
76d9a5ec: raises 132 to 252
72b36173: raises 588 to 840
ee816d8: folds
76d9a5ec: calls 588
*** FLOP *** [Th Td 8s]
72b36173: bets 642
76d9a5ec: folds
Uncalled bet (642) returned to 72b36173
*** SHOWDOWN ***
72b36173 collected 1,944 from pot
*** SUMMARY ***
Total pot 1,944 | Rake 0 | Jackpot 0 | Bingo 0 | Fortune 0 | Tax 0
Board [Th Td 8s]
Seat 1: cc2b32f6 folded before Flop
Seat 2: 2ad726e1 folded before Flop
Seat 3: Hero folded before Flop
Seat 4: 76d9a5ec (button) folded on the Flop
Seat 5: 72b36173 (small blind) won (1,944)
Seat 6: ee816d8 (big blind) folded before Flop
Seat 7: 401ae752 folded before Flop
Seat 8: 552a2d6a folded before Flop


Poker Hand #TM5694259426: Tournament #269088109, Bounty Hunters Special $10.80 Hold'em No Limit - Level2(60/120(18)) - 2026/03/11 17:39:58
Table '15' 8-max Seat #3 is the button
Seat 1: cc2b32f6 (11,754 in chips)
Seat 2: 2ad726e1 (9,288 in chips)
Seat 3: Hero (9,483 in chips)
Seat 4: 76d9a5ec (9,164 in chips)
Seat 5: 72b36173 (10,467 in chips)
Seat 6: ee816d8 (11,275 in chips)
Seat 7: 401ae752 (9,712 in chips)
Seat 8: 552a2d6a (11,299 in chips)
ee816d8: posts the ante 18
2ad726e1: posts the ante 18
Hero: posts the ante 18
552a2d6a: posts the ante 18
cc2b32f6: posts the ante 18
76d9a5ec: posts the ante 18
401ae752: posts the ante 18
72b36173: posts the ante 18
76d9a5ec: posts small blind 60
72b36173: posts big blind 120
*** HOLE CARDS ***
Dealt to cc2b32f6 
Dealt to 2ad726e1 
Dealt to Hero [Kh Td]
Dealt to 76d9a5ec 
Dealt to 72b36173 
Dealt to ee816d8 
Dealt to 401ae752 
Dealt to 552a2d6a 
ee816d8: raises 120 to 240
401ae752: folds
552a2d6a: folds
cc2b32f6: folds
2ad726e1: folds
Hero: folds
76d9a5ec: folds
72b36173: calls 120
*** FLOP *** [2h 3h 3s]
72b36173: checks
ee816d8: bets 226
72b36173: calls 226
*** TURN *** [2h 3h 3s] [Ad]
72b36173: checks
ee816d8: bets 375
72b36173: raises 645 to 1,020
ee816d8: raises 1,049 to 2,069
72b36173: folds
Uncalled bet (1,049) returned to ee816d8
*** SHOWDOWN ***
ee816d8 collected 3,176 from pot
*** SUMMARY ***
Total pot 3,176 | Rake 0 | Jackpot 0 | Bingo 0 | Fortune 0 | Tax 0
Board [2h 3h 3s Ad]
Seat 1: cc2b32f6 folded before Flop
Seat 2: 2ad726e1 folded before Flop
Seat 3: Hero (button) folded before Flop
Seat 4: 76d9a5ec (small blind) folded before Flop
Seat 5: 72b36173 (big blind) folded on the Turn
Seat 6: ee816d8 won (3,176)
Seat 7: 401ae752 folded before Flop
Seat 8: 552a2d6a folded before Flop


Poker Hand #TM5694259399: Tournament #269088109, Bounty Hunters Special $10.80 Hold'em No Limit - Level2(60/120(18)) - 2026/03/11 17:39:01
Table '15' 8-max Seat #2 is the button
Seat 1: cc2b32f6 (11,772 in chips)
Seat 2: 2ad726e1 (9,570 in chips)
Seat 3: Hero (9,765 in chips)
Seat 4: 76d9a5ec (8,510 in chips)
Seat 5: 72b36173 (10,485 in chips)
Seat 6: ee816d8 (11,293 in chips)
Seat 7: 401ae752 (9,730 in chips)
Seat 8: 552a2d6a (11,317 in chips)
ee816d8: posts the ante 18
2ad726e1: posts the ante 18
Hero: posts the ante 18
552a2d6a: posts the ante 18
cc2b32f6: posts the ante 18
76d9a5ec: posts the ante 18
401ae752: posts the ante 18
72b36173: posts the ante 18
Hero: posts small blind 60
76d9a5ec: posts big blind 120
*** HOLE CARDS ***
Dealt to cc2b32f6 
Dealt to 2ad726e1 
Dealt to Hero [Ad 7d]
Dealt to 76d9a5ec 
Dealt to 72b36173 
Dealt to ee816d8 
Dealt to 401ae752 
Dealt to 552a2d6a 
72b36173: folds
ee816d8: folds
401ae752: folds
552a2d6a: folds
cc2b32f6: folds
2ad726e1: raises 144 to 264
Hero: calls 204
76d9a5ec: raises 946 to 1,210
2ad726e1: folds
Hero: folds
Uncalled bet (946) returned to 76d9a5ec
*** SHOWDOWN ***
76d9a5ec collected 936 from pot
*** SUMMARY ***
Total pot 936 | Rake 0 | Jackpot 0 | Bingo 0 | Fortune 0 | Tax 0
Seat 1: cc2b32f6 folded before Flop
Seat 2: 2ad726e1 (button) folded before Flop
Seat 3: Hero (small blind) folded before Flop
Seat 4: 76d9a5ec (big blind) collected (936)
Seat 5: 72b36173 folded before Flop
Seat 6: ee816d8 folded before Flop
Seat 7: 401ae752 folded before Flop
Seat 8: 552a2d6a folded before Flop


Poker Hand #TM5694259360: Tournament #269088109, Bounty Hunters Special $10.80 Hold'em No Limit - Level1(50/100(15)) - 2026/03/11 17:37:59
Table '15' 8-max Seat #1 is the button
Seat 1: cc2b32f6 (13,044 in chips)
Seat 2: 2ad726e1 (9,635 in chips)
Seat 3: Hero (9,880 in chips)
Seat 4: 76d9a5ec (8,525 in chips)
Seat 5: 72b36173 (10,500 in chips)
Seat 6: ee816d8 (11,308 in chips)
Seat 7: 401ae752 (9,745 in chips)
Seat 8: 552a2d6a (9,805 in chips)
ee816d8: posts the ante 15
2ad726e1: posts the ante 15
Hero: posts the ante 15
552a2d6a: posts the ante 15
cc2b32f6: posts the ante 15
76d9a5ec: posts the ante 15
401ae752: posts the ante 15
72b36173: posts the ante 15
2ad726e1: posts small blind 50
Hero: posts big blind 100
*** HOLE CARDS ***
Dealt to cc2b32f6 
Dealt to 2ad726e1 
Dealt to Hero [Ks Jd]
Dealt to 76d9a5ec 
Dealt to 72b36173 
Dealt to ee816d8 
Dealt to 401ae752 
Dealt to 552a2d6a 
76d9a5ec: folds
72b36173: folds
ee816d8: folds
401ae752: folds
552a2d6a: raises 100 to 200
cc2b32f6: raises 503 to 703
2ad726e1: folds
Hero: folds
552a2d6a: calls 503
*** FLOP *** [5d 7s 2d]
552a2d6a: checks
cc2b32f6: bets 554
552a2d6a: calls 554
*** TURN *** [5d 7s 2d] [Js]
552a2d6a: checks
cc2b32f6: checks
*** RIVER *** [5d 7s 2d Js] [Kc]
552a2d6a: bets 2,130
cc2b32f6: folds
Uncalled bet (2,130) returned to 552a2d6a
*** SHOWDOWN ***
552a2d6a collected 2,784 from pot
*** SUMMARY ***
Total pot 2,784 | Rake 0 | Jackpot 0 | Bingo 0 | Fortune 0 | Tax 0
Board [5d 7s 2d Js Kc]
Seat 1: cc2b32f6 (button) folded on the River
Seat 2: 2ad726e1 (small blind) folded before Flop
Seat 3: Hero (big blind) folded before Flop
Seat 4: 76d9a5ec folded before Flop
Seat 5: 72b36173 folded before Flop
Seat 6: ee816d8 folded before Flop
Seat 7: 401ae752 folded before Flop
Seat 8: 552a2d6a won (2,784)


Poker Hand #TM5694259334: Tournament #269088109, Bounty Hunters Special $10.80 Hold'em No Limit - Level1(50/100(15)) - 2026/03/11 17:37:03
Table '15' 8-max Seat #7 is the button
Seat 1: cc2b32f6 (13,109 in chips)
Seat 2: 2ad726e1 (9,860 in chips)
Seat 3: Hero (9,895 in chips)
Seat 4: 76d9a5ec (8,750 in chips)
Seat 5: 72b36173 (10,515 in chips)
Seat 6: ee816d8 (10,748 in chips)
Seat 7: 401ae752 (9,760 in chips)
ee816d8: posts the ante 15
2ad726e1: posts the ante 15
Hero: posts the ante 15
cc2b32f6: posts the ante 15
76d9a5ec: posts the ante 15
401ae752: posts the ante 15
72b36173: posts the ante 15
cc2b32f6: posts small blind 50
2ad726e1: posts big blind 100
*** HOLE CARDS ***
Dealt to cc2b32f6 
Dealt to 2ad726e1 
Dealt to Hero [3s 2d]
Dealt to 76d9a5ec 
Dealt to 72b36173 
Dealt to ee816d8 
Dealt to 401ae752 
Hero: folds
76d9a5ec: raises 110 to 210
72b36173: folds
ee816d8: calls 210
401ae752: folds
cc2b32f6: folds
2ad726e1: calls 110
*** FLOP *** [5s Ac 6s]
2ad726e1: checks
76d9a5ec: checks
ee816d8: bets 260
2ad726e1: folds
76d9a5ec: folds
Uncalled bet (260) returned to ee816d8
*** SHOWDOWN ***
ee816d8 collected 785 from pot
*** SUMMARY ***
Total pot 785 | Rake 0 | Jackpot 0 | Bingo 0 | Fortune 0 | Tax 0
Board [5s Ac 6s]
Seat 1: cc2b32f6 (small blind) folded before Flop
Seat 2: 2ad726e1 (big blind) folded on the Flop
Seat 3: Hero folded before Flop
Seat 4: 76d9a5ec folded on the Flop
Seat 5: 72b36173 folded before Flop
Seat 6: ee816d8 won (785)
Seat 7: 401ae752 (button) folded before Flop


Poker Hand #TM5694259300: Tournament #269088109, Bounty Hunters Special $10.80 Hold'em No Limit - Level1(50/100(15)) - 2026/03/11 17:35:49
Table '15' 8-max Seat #6 is the button
Seat 1: cc2b32f6 (13,224 in chips)
Seat 2: 2ad726e1 (9,875 in chips)
Seat 3: Hero (9,910 in chips)
Seat 4: 76d9a5ec (8,975 in chips)
Seat 5: 72b36173 (10,530 in chips)
Seat 6: ee816d8 (10,298 in chips)
Seat 7: 401ae752 (9,825 in chips)
ee816d8: posts the ante 15
2ad726e1: posts the ante 15
Hero: posts the ante 15
cc2b32f6: posts the ante 15
76d9a5ec: posts the ante 15
72b36173: posts the ante 15
401ae752: posts the ante 15
401ae752: posts small blind 50
cc2b32f6: posts big blind 100
*** HOLE CARDS ***
Dealt to cc2b32f6 
Dealt to 2ad726e1 
Dealt to Hero [Qs 8c]
Dealt to 76d9a5ec 
Dealt to 72b36173 
Dealt to ee816d8 
Dealt to 401ae752 
2ad726e1: folds
Hero: folds
76d9a5ec: raises 110 to 210
72b36173: folds
ee816d8: calls 210
401ae752: folds
cc2b32f6: folds
*** FLOP *** [Jd Kh Js]
76d9a5ec: checks
ee816d8: checks
*** TURN *** [Jd Kh Js] [Ah]
76d9a5ec: checks
ee816d8: checks
*** RIVER *** [Jd Kh Js Ah] [8s]
76d9a5ec: checks
ee816d8: bets 1,300
76d9a5ec: folds
Uncalled bet (1,300) returned to ee816d8
*** SHOWDOWN ***
ee816d8 collected 675 from pot
*** SUMMARY ***
Total pot 675 | Rake 0 | Jackpot 0 | Bingo 0 | Fortune 0 | Tax 0
Board [Jd Kh Js Ah 8s]
Seat 1: cc2b32f6 (big blind) folded before Flop
Seat 2: 2ad726e1 folded before Flop
Seat 3: Hero folded before Flop
Seat 4: 76d9a5ec folded on the River
Seat 5: 72b36173 folded before Flop
Seat 6: ee816d8 (button) won (675)
Seat 7: 401ae752 (small blind) folded before Flop


Poker Hand #TM5694259234: Tournament #269088109, Bounty Hunters Special $10.80 Hold'em No Limit - Level1(50/100(15)) - 2026/03/11 17:33:43
Table '15' 8-max Seat #5 is the button
Seat 1: cc2b32f6 (14,039 in chips)
Seat 2: 2ad726e1 (9,890 in chips)
Seat 3: Hero (9,925 in chips)
Seat 4: 76d9a5ec (9,790 in chips)
Seat 5: 72b36173 (10,545 in chips)
Seat 6: ee816d8 (7,693 in chips)
Seat 7: 401ae752 (9,940 in chips)
Seat 8: d141a0a7 (8,178 in chips)
d141a0a7: posts the ante 15
ee816d8: posts the ante 15
2ad726e1: posts the ante 15
Hero: posts the ante 15
cc2b32f6: posts the ante 15
76d9a5ec: posts the ante 15
72b36173: posts the ante 15
401ae752: posts the ante 15
ee816d8: posts small blind 50
401ae752: posts big blind 100
*** HOLE CARDS ***
Dealt to cc2b32f6 
Dealt to 2ad726e1 
Dealt to Hero [3c Jh]
Dealt to 76d9a5ec 
Dealt to 72b36173 
Dealt to ee816d8 
Dealt to 401ae752 
Dealt to d141a0a7 
d141a0a7: raises 100 to 200
cc2b32f6: calls 200
2ad726e1: folds
Hero: folds
76d9a5ec: raises 600 to 800
72b36173: folds
ee816d8: calls 750
401ae752: folds
d141a0a7: calls 600
cc2b32f6: calls 600
*** FLOP *** [Qd 9c 8h]
ee816d8: checks
d141a0a7: checks
cc2b32f6: checks
76d9a5ec: checks
*** TURN *** [Qd 9c 8h] [4d]
ee816d8: checks
d141a0a7: checks
cc2b32f6: checks
76d9a5ec: checks
*** RIVER *** [Qd 9c 8h 4d] [6d]
ee816d8: bets 6,878 and is all-in
d141a0a7: folds
cc2b32f6: folds
76d9a5ec: folds
Uncalled bet (6,878) returned to ee816d8
*** SHOWDOWN ***
ee816d8 collected 3,420 from pot
*** SUMMARY ***
Total pot 3,420 | Rake 0 | Jackpot 0 | Bingo 0 | Fortune 0 | Tax 0
Board [Qd 9c 8h 4d 6d]
Seat 1: cc2b32f6 folded on the River
Seat 2: 2ad726e1 folded before Flop
Seat 3: Hero folded before Flop
Seat 4: 76d9a5ec folded on the River
Seat 5: 72b36173 (button) folded before Flop
Seat 6: ee816d8 (small blind) won (3,420)
Seat 7: 401ae752 (big blind) folded before Flop
Seat 8: d141a0a7 folded on the River


Poker Hand #TM5694259180: Tournament #269088109, Bounty Hunters Special $10.80 Hold'em No Limit - Level1(50/100(15)) - 2026/03/11 17:31:57
Table '15' 8-max Seat #4 is the button
Seat 1: cc2b32f6 (9,625 in chips)
Seat 2: 2ad726e1 (9,905 in chips)
Seat 3: Hero (10,675 in chips)
Seat 4: 76d9a5ec (9,805 in chips)
Seat 5: 72b36173 (10,610 in chips)
Seat 6: ee816d8 (9,470 in chips)
Seat 7: 401ae752 (9,955 in chips)
Seat 8: d141a0a7 (9,955 in chips)
d141a0a7: posts the ante 15
ee816d8: posts the ante 15
2ad726e1: posts the ante 15
Hero: posts the ante 15
cc2b32f6: posts the ante 15
76d9a5ec: posts the ante 15
401ae752: posts the ante 15
72b36173: posts the ante 15
72b36173: posts small blind 50
ee816d8: posts big blind 100
*** HOLE CARDS ***
Dealt to cc2b32f6 
Dealt to 2ad726e1 
Dealt to Hero [Td As]
Dealt to 76d9a5ec 
Dealt to 72b36173 
Dealt to ee816d8 
Dealt to 401ae752 
Dealt to d141a0a7 
401ae752: folds
d141a0a7: raises 100 to 200
cc2b32f6: calls 200
2ad726e1: folds
Hero: raises 535 to 735
76d9a5ec: folds
72b36173: folds
ee816d8: calls 635
d141a0a7: calls 535
cc2b32f6: calls 535
*** FLOP *** [Qd Kh 4d]
ee816d8: checks
d141a0a7: checks
cc2b32f6: checks
Hero: checks
*** TURN *** [Qd Kh 4d] [5h]
ee816d8: bets 1,027
d141a0a7: calls 1,027
cc2b32f6: raises 6,191 to 7,218
Hero: folds
ee816d8: folds
d141a0a7: folds
Uncalled bet (6,191) returned to cc2b32f6
*** SHOWDOWN ***
cc2b32f6 collected 6,191 from pot
*** SUMMARY ***
Total pot 6,191 | Rake 0 | Jackpot 0 | Bingo 0 | Fortune 0 | Tax 0
Board [Qd Kh 4d 5h]
Seat 1: cc2b32f6 won (6,191)
Seat 2: 2ad726e1 folded before Flop
Seat 3: Hero folded on the Turn
Seat 4: 76d9a5ec (button) folded before Flop
Seat 5: 72b36173 (small blind) folded before Flop
Seat 6: ee816d8 (big blind) folded on the Turn
Seat 7: 401ae752 folded before Flop
Seat 8: d141a0a7 folded on the Turn


Poker Hand #TM5694259156: Tournament #269088109, Bounty Hunters Special $10.80 Hold'em No Limit - Level1(50/100(15)) - 2026/03/11 17:31:11
Table '15' 8-max Seat #3 is the button
Seat 1: cc2b32f6 (9,640 in chips)
Seat 2: 2ad726e1 (9,920 in chips)
Seat 3: Hero (10,690 in chips)
Seat 4: 76d9a5ec (9,870 in chips)
Seat 5: 72b36173 (9,970 in chips)
Seat 6: ee816d8 (9,970 in chips)
Seat 7: 401ae752 (9,970 in chips)
Seat 8: d141a0a7 (9,970 in chips)
d141a0a7: posts the ante 15
ee816d8: posts the ante 15
2ad726e1: posts the ante 15
Hero: posts the ante 15
cc2b32f6: posts the ante 15
76d9a5ec: posts the ante 15
401ae752: posts the ante 15
72b36173: posts the ante 15
76d9a5ec: posts small blind 50
72b36173: posts big blind 100
*** HOLE CARDS ***
Dealt to cc2b32f6 
Dealt to 2ad726e1 
Dealt to Hero [7d Kh]
Dealt to 76d9a5ec 
Dealt to 72b36173 
Dealt to ee816d8 
Dealt to 401ae752 
Dealt to d141a0a7 
ee816d8: raises 100 to 200
401ae752: folds
d141a0a7: folds
cc2b32f6: folds
2ad726e1: folds
Hero: folds
76d9a5ec: folds
72b36173: calls 100
*** FLOP *** [Js 5s 6h]
72b36173: checks
ee816d8: bets 285
72b36173: raises 565 to 850
ee816d8: folds
Uncalled bet (565) returned to 72b36173
*** SHOWDOWN ***
72b36173 collected 1,140 from pot
*** SUMMARY ***
Total pot 1,140 | Rake 0 | Jackpot 0 | Bingo 0 | Fortune 0 | Tax 0
Board [Js 5s 6h]
Seat 1: cc2b32f6 folded before Flop
Seat 2: 2ad726e1 folded before Flop
Seat 3: Hero (button) folded before Flop
Seat 4: 76d9a5ec (small blind) folded before Flop
Seat 5: 72b36173 (big blind) won (1,140)
Seat 6: ee816d8 folded on the Flop
Seat 7: 401ae752 folded before Flop
Seat 8: d141a0a7 folded before Flop


Poker Hand #TM5694259144: Tournament #269088109, Bounty Hunters Special $10.80 Hold'em No Limit - Level1(50/100(15)) - 2026/03/11 17:30:49
Table '15' 8-max Seat #2 is the button
Seat 1: cc2b32f6 (9,655 in chips)
Seat 2: 2ad726e1 (9,935 in chips)
Seat 3: Hero (10,485 in chips)
Seat 4: 76d9a5ec (9,985 in chips)
Seat 5: 72b36173 (9,985 in chips)
Seat 6: ee816d8 (9,985 in chips)
Seat 7: 401ae752 (9,985 in chips)
Seat 8: d141a0a7 (9,985 in chips)
d141a0a7: posts the ante 15
ee816d8: posts the ante 15
2ad726e1: posts the ante 15
Hero: posts the ante 15
cc2b32f6: posts the ante 15
76d9a5ec: posts the ante 15
401ae752: posts the ante 15
72b36173: posts the ante 15
Hero: posts small blind 50
76d9a5ec: posts big blind 100
*** HOLE CARDS ***
Dealt to cc2b32f6 
Dealt to 2ad726e1 
Dealt to Hero [5h Jh]
Dealt to 76d9a5ec 
Dealt to 72b36173 
Dealt to ee816d8 
Dealt to 401ae752 
Dealt to d141a0a7 
72b36173: folds
ee816d8: folds
401ae752: folds
d141a0a7: folds
cc2b32f6: folds
2ad726e1: folds
Hero: raises 100 to 200
76d9a5ec: folds
Uncalled bet (100) returned to Hero
*** SHOWDOWN ***
Hero collected 320 from pot
*** SUMMARY ***
Total pot 320 | Rake 0 | Jackpot 0 | Bingo 0 | Fortune 0 | Tax 0
Seat 1: cc2b32f6 folded before Flop
Seat 2: 2ad726e1 (button) folded before Flop
Seat 3: Hero (small blind) collected (320)
Seat 4: 76d9a5ec (big blind) folded before Flop
Seat 5: 72b36173 folded before Flop
Seat 6: ee816d8 folded before Flop
Seat 7: 401ae752 folded before Flop
Seat 8: d141a0a7 folded before Flop


Poker Hand #TM5694259119: Tournament #269088109, Bounty Hunters Special $10.80 Hold'em No Limit - Level1(50/100(15)) - 2026/03/11 17:30:02
Table '15' 8-max Seat #1 is the button
Seat 1: cc2b32f6 (10,000 in chips)
Seat 2: 2ad726e1 (10,000 in chips)
Seat 3: Hero (10,000 in chips)
Seat 4: 76d9a5ec (10,000 in chips)
Seat 5: 72b36173 (10,000 in chips)
Seat 6: ee816d8 (10,000 in chips)
Seat 7: 401ae752 (10,000 in chips)
Seat 8: d141a0a7 (10,000 in chips)
d141a0a7: posts the ante 15
ee816d8: posts the ante 15
2ad726e1: posts the ante 15
Hero: posts the ante 15
cc2b32f6: posts the ante 15
76d9a5ec: posts the ante 15
401ae752: posts the ante 15
72b36173: posts the ante 15
2ad726e1: posts small blind 50
Hero: posts big blind 100
*** HOLE CARDS ***
Dealt to cc2b32f6 
Dealt to 2ad726e1 
Dealt to Hero [7c Qs]
Dealt to 76d9a5ec 
Dealt to 72b36173 
Dealt to ee816d8 
Dealt to 401ae752 
Dealt to d141a0a7 
76d9a5ec: folds
72b36173: folds
ee816d8: folds
401ae752: folds
d141a0a7: folds
cc2b32f6: raises 230 to 330
2ad726e1: folds
Hero: calls 230
*** FLOP *** [3s 2c 6s]
Hero: checks
cc2b32f6: checks
*** TURN *** [3s 2c 6s] [9c]
Hero: bets 515
cc2b32f6: folds
Uncalled bet (515) returned to Hero
*** SHOWDOWN ***
Hero collected 830 from pot
*** SUMMARY ***
Total pot 830 | Rake 0 | Jackpot 0 | Bingo 0 | Fortune 0 | Tax 0
Board [3s 2c 6s 9c]
Seat 1: cc2b32f6 (button) folded on the Turn
Seat 2: 2ad726e1 (small blind) folded before Flop
Seat 3: Hero (big blind) won (830)
Seat 4: 76d9a5ec folded before Flop
Seat 5: 72b36173 folded before Flop
Seat 6: ee816d8 folded before Flop
Seat 7: 401ae752 folded before Flop
Seat 8: d141a0a7 folded before Flop


