Poker Hand #TM5671600719: Tournament #267988699, Bounty Hunters Special $8.88 Hold'em No Limit - Level9(200/400(60)) - 2026/03/06 22:41:27
Table '14' 8-max Seat #4 is the button
Seat 1: 9e08c061 (10,432 in chips)
Seat 2: 80244348 (22,907 in chips)
Seat 3: 85247037 (23,205 in chips)
Seat 4: afaf2506 (28,126 in chips)
Seat 5: ad9bd531 (19,867 in chips)
Seat 6: Hero (11,198 in chips)
Seat 7: ca4414ad (6,645 in chips)
Seat 8: 463811b7 (19,212 in chips)
9e08c061: posts the ante 60
463811b7: posts the ante 60
Hero: posts the ante 60
85247037: posts the ante 60
ad9bd531: posts the ante 60
ca4414ad: posts the ante 60
afaf2506: posts the ante 60
80244348: posts the ante 60
ad9bd531: posts small blind 200
Hero: posts big blind 400
*** HOLE CARDS ***
Dealt to 9e08c061 
Dealt to 80244348 
Dealt to 85247037 
Dealt to afaf2506 
Dealt to ad9bd531 
Dealt to Hero [Ts 9h]
Dealt to ca4414ad 
Dealt to 463811b7 
ca4414ad: folds
463811b7: raises 400 to 800
9e08c061: folds
80244348: calls 800
85247037: calls 800
afaf2506: folds
ad9bd531: folds
Hero: calls 400
*** FLOP *** [9s 8s 6c]
Hero: checks
463811b7: bets 1,281
80244348: calls 1,281
85247037: calls 1,281
Hero: raises 9,057 to 10,338 and is all-in
463811b7: raises 8,014 to 18,352 and is all-in
80244348: folds
85247037: folds
Uncalled bet (8,014) returned to 463811b7
463811b7: shows [Jd Td] (Jack high)
Hero: shows [Ts 9h] (a pair of Nines)
*** TURN *** [9s 8s 6c] [Kd]
*** RIVER *** [9s 8s 6c Kd] [7s]
*** SHOWDOWN ***
463811b7 collected 27,118 from pot
*** SUMMARY ***
Total pot 27,118 | Rake 0 | Jackpot 0 | Bingo 0 | Fortune 0 | Tax 0
Board [9s 8s 6c Kd 7s]
Seat 1: 9e08c061 folded before Flop
Seat 2: 80244348 folded on the Flop
Seat 3: 85247037 folded on the Flop
Seat 4: afaf2506 (button) folded before Flop
Seat 5: ad9bd531 (small blind) folded before Flop
Seat 6: Hero (big blind) showed [Ts 9h] and lost with a straight, Ten to Six
Seat 7: ca4414ad folded before Flop
Seat 8: 463811b7 showed [Jd Td] and won (27,118) with a straight, Jack to Seven


Poker Hand #TM5671600671: Tournament #267988699, Bounty Hunters Special $8.88 Hold'em No Limit - Level8(175/350(50)) - 2026/03/06 22:40:19
Table '14' 8-max Seat #3 is the button
Seat 1: 9e08c061 (10,482 in chips)
Seat 2: 80244348 (22,957 in chips)
Seat 3: 85247037 (23,255 in chips)
Seat 4: afaf2506 (27,076 in chips)
Seat 5: ad9bd531 (20,617 in chips)
Seat 6: Hero (11,248 in chips)
Seat 7: ca4414ad (6,695 in chips)
Seat 8: 463811b7 (19,262 in chips)
9e08c061: posts the ante 50
463811b7: posts the ante 50
Hero: posts the ante 50
85247037: posts the ante 50
ad9bd531: posts the ante 50
ca4414ad: posts the ante 50
afaf2506: posts the ante 50
80244348: posts the ante 50
afaf2506: posts small blind 175
ad9bd531: posts big blind 350
*** HOLE CARDS ***
Dealt to 9e08c061 
Dealt to 80244348 
Dealt to 85247037 
Dealt to afaf2506 
Dealt to ad9bd531 
Dealt to Hero [8s 5d]
Dealt to ca4414ad 
Dealt to 463811b7 
Hero: folds
ca4414ad: folds
463811b7: folds
9e08c061: folds
80244348: folds
85247037: folds
afaf2506: raises 350 to 700
ad9bd531: calls 350
*** FLOP *** [6d 9d 6s]
afaf2506: bets 594
ad9bd531: folds
Uncalled bet (594) returned to afaf2506
*** SHOWDOWN ***
afaf2506 collected 1,800 from pot
*** SUMMARY ***
Total pot 1,800 | Rake 0 | Jackpot 0 | Bingo 0 | Fortune 0 | Tax 0
Board [6d 9d 6s]
Seat 1: 9e08c061 folded before Flop
Seat 2: 80244348 folded before Flop
Seat 3: 85247037 (button) folded before Flop
Seat 4: afaf2506 (small blind) won (1,800)
Seat 5: ad9bd531 (big blind) folded on the Flop
Seat 6: Hero folded before Flop
Seat 7: ca4414ad folded before Flop
Seat 8: 463811b7 folded before Flop


Poker Hand #TM5671600634: Tournament #267988699, Bounty Hunters Special $8.88 Hold'em No Limit - Level8(175/350(50)) - 2026/03/06 22:39:24
Table '14' 8-max Seat #2 is the button
Seat 1: 9e08c061 (9,607 in chips)
Seat 2: 80244348 (23,007 in chips)
Seat 3: 85247037 (23,480 in chips)
Seat 4: afaf2506 (27,476 in chips)
Seat 5: ad9bd531 (20,667 in chips)
Seat 6: Hero (11,298 in chips)
Seat 7: ca4414ad (6,745 in chips)
Seat 8: 463811b7 (19,312 in chips)
9e08c061: posts the ante 50
463811b7: posts the ante 50
Hero: posts the ante 50
85247037: posts the ante 50
ad9bd531: posts the ante 50
ca4414ad: posts the ante 50
afaf2506: posts the ante 50
80244348: posts the ante 50
85247037: posts small blind 175
afaf2506: posts big blind 350
*** HOLE CARDS ***
Dealt to 9e08c061 
Dealt to 80244348 
Dealt to 85247037 
Dealt to afaf2506 
Dealt to ad9bd531 
Dealt to Hero [Td Ks]
Dealt to ca4414ad 
Dealt to 463811b7 
ad9bd531: folds
Hero: folds
ca4414ad: folds
463811b7: folds
9e08c061: raises 350 to 700
80244348: folds
85247037: folds
afaf2506: folds
Uncalled bet (350) returned to 9e08c061
*** SHOWDOWN ***
9e08c061 collected 1,275 from pot
*** SUMMARY ***
Total pot 1,275 | Rake 0 | Jackpot 0 | Bingo 0 | Fortune 0 | Tax 0
Seat 1: 9e08c061 collected (1,275)
Seat 2: 80244348 (button) folded before Flop
Seat 3: 85247037 (small blind) folded before Flop
Seat 4: afaf2506 (big blind) folded before Flop
Seat 5: ad9bd531 folded before Flop
Seat 6: Hero folded before Flop
Seat 7: ca4414ad folded before Flop
Seat 8: 463811b7 folded before Flop


Poker Hand #TM5671600596: Tournament #267988699, Bounty Hunters Special $8.88 Hold'em No Limit - Level8(175/350(50)) - 2026/03/06 22:38:26
Table '14' 8-max Seat #1 is the button
Seat 1: 9e08c061 (4,391 in chips)
Seat 2: 80244348 (23,232 in chips)
Seat 3: 85247037 (23,880 in chips)
Seat 4: afaf2506 (31,867 in chips)
Seat 5: ad9bd531 (20,717 in chips)
Seat 6: Hero (11,348 in chips)
Seat 7: ca4414ad (6,795 in chips)
Seat 8: 463811b7 (19,362 in chips)
9e08c061: posts the ante 50
463811b7: posts the ante 50
Hero: posts the ante 50
85247037: posts the ante 50
ad9bd531: posts the ante 50
ca4414ad: posts the ante 50
afaf2506: posts the ante 50
80244348: posts the ante 50
80244348: posts small blind 175
85247037: posts big blind 350
*** HOLE CARDS ***
Dealt to 9e08c061 
Dealt to 80244348 
Dealt to 85247037 
Dealt to afaf2506 
Dealt to ad9bd531 
Dealt to Hero [2h 9s]
Dealt to ca4414ad 
Dealt to 463811b7 
afaf2506: raises 350 to 700
ad9bd531: folds
Hero: folds
ca4414ad: folds
463811b7: folds
9e08c061: raises 3,641 to 4,341 and is all-in
80244348: folds
85247037: folds
afaf2506: calls 3,641
9e08c061: shows [Ad Kd]
afaf2506: shows [Ks Ts]
*** FLOP *** [Kc 4s 3h]
*** TURN *** [Kc 4s 3h] [6h]
*** RIVER *** [Kc 4s 3h 6h] [8d]
*** SHOWDOWN ***
9e08c061 collected 9,607 from pot
*** SUMMARY ***
Total pot 9,607 | Rake 0 | Jackpot 0 | Bingo 0 | Fortune 0 | Tax 0
Board [Kc 4s 3h 6h 8d]
Seat 1: 9e08c061 (button) showed [Ad Kd] and won (9,607) with a pair of Kings
Seat 2: 80244348 (small blind) folded before Flop
Seat 3: 85247037 (big blind) folded before Flop
Seat 4: afaf2506 showed [Ks Ts] and lost with a pair of Kings
Seat 5: ad9bd531 folded before Flop
Seat 6: Hero folded before Flop
Seat 7: ca4414ad folded before Flop
Seat 8: 463811b7 folded before Flop


Poker Hand #TM5671600549: Tournament #267988699, Bounty Hunters Special $8.88 Hold'em No Limit - Level8(175/350(50)) - 2026/03/06 22:37:13
Table '14' 8-max Seat #8 is the button
Seat 1: 9e08c061 (4,616 in chips)
Seat 2: 80244348 (21,355 in chips)
Seat 3: 85247037 (23,930 in chips)
Seat 4: afaf2506 (31,917 in chips)
Seat 5: ad9bd531 (20,767 in chips)
Seat 6: Hero (11,398 in chips)
Seat 7: ca4414ad (6,845 in chips)
Seat 8: 463811b7 (20,764 in chips)
463811b7: posts the ante 50
9e08c061: posts the ante 50
Hero: posts the ante 50
85247037: posts the ante 50
ad9bd531: posts the ante 50
ca4414ad: posts the ante 50
afaf2506: posts the ante 50
80244348: posts the ante 50
9e08c061: posts small blind 175
80244348: posts big blind 350
*** HOLE CARDS ***
Dealt to 9e08c061 
Dealt to 80244348 
Dealt to 85247037 
Dealt to afaf2506 
Dealt to ad9bd531 
Dealt to Hero [Jh 3c]
Dealt to ca4414ad 
Dealt to 463811b7 
85247037: folds
afaf2506: folds
ad9bd531: folds
Hero: folds
ca4414ad: folds
463811b7: raises 350 to 700
9e08c061: folds
80244348: calls 350
*** FLOP *** [5d 6c Qs]
80244348: checks
463811b7: bets 652
80244348: calls 652
*** TURN *** [5d 6c Qs] [Kd]
80244348: checks
463811b7: checks
*** RIVER *** [5d 6c Qs Kd] [6s]
80244348: bets 2,460
463811b7: folds
Uncalled bet (2,460) returned to 80244348
*** SHOWDOWN ***
80244348 collected 3,279 from pot
*** SUMMARY ***
Total pot 3,279 | Rake 0 | Jackpot 0 | Bingo 0 | Fortune 0 | Tax 0
Board [5d 6c Qs Kd 6s]
Seat 1: 9e08c061 (small blind) folded before Flop
Seat 2: 80244348 (big blind) won (3,279)
Seat 3: 85247037 folded before Flop
Seat 4: afaf2506 folded before Flop
Seat 5: ad9bd531 folded before Flop
Seat 6: Hero folded before Flop
Seat 7: ca4414ad folded before Flop
Seat 8: 463811b7 (button) folded on the River


Poker Hand #TM5671600521: Tournament #267988699, Bounty Hunters Special $8.88 Hold'em No Limit - Level8(175/350(50)) - 2026/03/06 22:36:29
Table '14' 8-max Seat #7 is the button
Seat 1: 9e08c061 (5,016 in chips)
Seat 2: 80244348 (20,480 in chips)
Seat 3: 85247037 (23,980 in chips)
Seat 4: afaf2506 (31,967 in chips)
Seat 5: ad9bd531 (20,817 in chips)
Seat 6: Hero (11,448 in chips)
Seat 7: ca4414ad (6,895 in chips)
Seat 8: 463811b7 (20,989 in chips)
9e08c061: posts the ante 50
463811b7: posts the ante 50
Hero: posts the ante 50
85247037: posts the ante 50
ad9bd531: posts the ante 50
ca4414ad: posts the ante 50
afaf2506: posts the ante 50
80244348: posts the ante 50
463811b7: posts small blind 175
9e08c061: posts big blind 350
*** HOLE CARDS ***
Dealt to 9e08c061 
Dealt to 80244348 
Dealt to 85247037 
Dealt to afaf2506 
Dealt to ad9bd531 
Dealt to Hero [6c 8c]
Dealt to ca4414ad 
Dealt to 463811b7 
80244348: raises 700 to 1,050
85247037: folds
afaf2506: folds
ad9bd531: folds
Hero: folds
ca4414ad: folds
463811b7: folds
9e08c061: folds
Uncalled bet (700) returned to 80244348
*** SHOWDOWN ***
80244348 collected 1,275 from pot
*** SUMMARY ***
Total pot 1,275 | Rake 0 | Jackpot 0 | Bingo 0 | Fortune 0 | Tax 0
Seat 1: 9e08c061 (big blind) folded before Flop
Seat 2: 80244348 collected (1,275)
Seat 3: 85247037 folded before Flop
Seat 4: afaf2506 folded before Flop
Seat 5: ad9bd531 folded before Flop
Seat 6: Hero folded before Flop
Seat 7: ca4414ad (button) folded before Flop
Seat 8: 463811b7 (small blind) folded before Flop


Poker Hand #TM5671600490: Tournament #267988699, Bounty Hunters Special $8.88 Hold'em No Limit - Level8(175/350(50)) - 2026/03/06 22:35:44
Table '14' 8-max Seat #6 is the button
Seat 1: 9e08c061 (5,066 in chips)
Seat 2: 80244348 (21,580 in chips)
Seat 3: 85247037 (24,030 in chips)
Seat 4: afaf2506 (32,017 in chips)
Seat 5: ad9bd531 (20,867 in chips)
Seat 6: Hero (9,523 in chips)
Seat 7: ca4414ad (7,120 in chips)
Seat 8: 463811b7 (21,389 in chips)
9e08c061: posts the ante 50
463811b7: posts the ante 50
Hero: posts the ante 50
85247037: posts the ante 50
ad9bd531: posts the ante 50
ca4414ad: posts the ante 50
afaf2506: posts the ante 50
80244348: posts the ante 50
ca4414ad: posts small blind 175
463811b7: posts big blind 350
*** HOLE CARDS ***
Dealt to 9e08c061 
Dealt to 80244348 
Dealt to 85247037 
Dealt to afaf2506 
Dealt to ad9bd531 
Dealt to Hero [Ah Qs]
Dealt to ca4414ad 
Dealt to 463811b7 
9e08c061: folds
80244348: raises 700 to 1,050
85247037: folds
afaf2506: folds
ad9bd531: folds
Hero: raises 8,423 to 9,473 and is all-in
ca4414ad: folds
463811b7: folds
80244348: folds
Uncalled bet (8,423) returned to Hero
*** SHOWDOWN ***
Hero collected 3,025 from pot
*** SUMMARY ***
Total pot 3,025 | Rake 0 | Jackpot 0 | Bingo 0 | Fortune 0 | Tax 0
Seat 1: 9e08c061 folded before Flop
Seat 2: 80244348 folded before Flop
Seat 3: 85247037 folded before Flop
Seat 4: afaf2506 folded before Flop
Seat 5: ad9bd531 folded before Flop
Seat 6: Hero (button) collected (3,025)
Seat 7: ca4414ad (small blind) folded before Flop
Seat 8: 463811b7 (big blind) folded before Flop


Poker Hand #TM5671600405: Tournament #267988699, Bounty Hunters Special $8.88 Hold'em No Limit - Level8(175/350(50)) - 2026/03/06 22:33:36
Table '14' 8-max Seat #5 is the button
Seat 1: 9e08c061 (5,116 in chips)
Seat 2: 80244348 (22,330 in chips)
Seat 3: 85247037 (24,080 in chips)
Seat 4: afaf2506 (26,942 in chips)
Seat 5: ad9bd531 (20,917 in chips)
Seat 6: Hero (10,798 in chips)
Seat 7: ca4414ad (9,970 in chips)
Seat 8: 463811b7 (21,439 in chips)
9e08c061: posts the ante 50
463811b7: posts the ante 50
Hero: posts the ante 50
85247037: posts the ante 50
ad9bd531: posts the ante 50
ca4414ad: posts the ante 50
afaf2506: posts the ante 50
80244348: posts the ante 50
Hero: posts small blind 175
ca4414ad: posts big blind 350
*** HOLE CARDS ***
Dealt to 9e08c061 
Dealt to 80244348 
Dealt to 85247037 
Dealt to afaf2506 
Dealt to ad9bd531 
Dealt to Hero [7c 7d]
Dealt to ca4414ad 
Dealt to 463811b7 
463811b7: folds
9e08c061: folds
80244348: raises 350 to 700
85247037: folds
afaf2506: calls 700
ad9bd531: folds
Hero: calls 525
ca4414ad: calls 350
*** FLOP *** [Ks 6h 6d]
Hero: checks
ca4414ad: checks
80244348: checks
afaf2506: bets 525
Hero: calls 525
ca4414ad: calls 525
80244348: folds
*** TURN *** [Ks 6h 6d] [Ad]
Hero: checks
ca4414ad: checks
afaf2506: bets 1,575
Hero: folds
ca4414ad: calls 1,575
*** RIVER *** [Ks 6h 6d Ad] [Ah]
ca4414ad: checks
afaf2506: bets 24,092 and is all-in
ca4414ad: folds
Uncalled bet (24,092) returned to afaf2506
*** SHOWDOWN ***
afaf2506 collected 7,925 from pot
*** SUMMARY ***
Total pot 7,925 | Rake 0 | Jackpot 0 | Bingo 0 | Fortune 0 | Tax 0
Board [Ks 6h 6d Ad Ah]
Seat 1: 9e08c061 folded before Flop
Seat 2: 80244348 folded on the Flop
Seat 3: 85247037 folded before Flop
Seat 4: afaf2506 won (7,925)
Seat 5: ad9bd531 (button) folded before Flop
Seat 6: Hero (small blind) folded on the Turn
Seat 7: ca4414ad (big blind) folded on the River
Seat 8: 463811b7 folded before Flop


Poker Hand #TM5671600367: Tournament #267988699, Bounty Hunters Special $8.88 Hold'em No Limit - Level7(150/300(45)) - 2026/03/06 22:32:44
Table '14' 8-max Seat #4 is the button
Seat 1: 9e08c061 (5,161 in chips)
Seat 2: 80244348 (22,375 in chips)
Seat 3: 85247037 (24,125 in chips)
Seat 4: afaf2506 (25,877 in chips)
Seat 5: ad9bd531 (21,112 in chips)
Seat 6: Hero (11,443 in chips)
Seat 7: ca4414ad (10,015 in chips)
Seat 8: 463811b7 (21,484 in chips)
9e08c061: posts the ante 45
463811b7: posts the ante 45
Hero: posts the ante 45
85247037: posts the ante 45
ad9bd531: posts the ante 45
ca4414ad: posts the ante 45
afaf2506: posts the ante 45
80244348: posts the ante 45
ad9bd531: posts small blind 150
Hero: posts big blind 300
*** HOLE CARDS ***
Dealt to 9e08c061 
Dealt to 80244348 
Dealt to 85247037 
Dealt to afaf2506 
Dealt to ad9bd531 
Dealt to Hero [7d As]
Dealt to ca4414ad 
Dealt to 463811b7 
ca4414ad: folds
463811b7: folds
9e08c061: folds
80244348: folds
85247037: folds
afaf2506: raises 300 to 600
ad9bd531: folds
Hero: calls 300
*** FLOP *** [9d 6s 3d]
Hero: checks
afaf2506: bets 565
Hero: folds
Uncalled bet (565) returned to afaf2506
*** SHOWDOWN ***
afaf2506 collected 1,710 from pot
*** SUMMARY ***
Total pot 1,710 | Rake 0 | Jackpot 0 | Bingo 0 | Fortune 0 | Tax 0
Board [9d 6s 3d]
Seat 1: 9e08c061 folded before Flop
Seat 2: 80244348 folded before Flop
Seat 3: 85247037 folded before Flop
Seat 4: afaf2506 (button) won (1,710)
Seat 5: ad9bd531 (small blind) folded before Flop
Seat 6: Hero (big blind) folded on the Flop
Seat 7: ca4414ad folded before Flop
Seat 8: 463811b7 folded before Flop


Poker Hand #TM5671600317: Tournament #267988699, Bounty Hunters Special $8.88 Hold'em No Limit - Level7(150/300(45)) - 2026/03/06 22:31:29
Table '14' 8-max Seat #3 is the button
Seat 1: 9e08c061 (5,206 in chips)
Seat 2: 80244348 (22,420 in chips)
Seat 3: 85247037 (24,770 in chips)
Seat 4: afaf2506 (27,334 in chips)
Seat 5: ad9bd531 (21,457 in chips)
Seat 6: Hero (8,816 in chips)
Seat 7: ca4414ad (10,060 in chips)
Seat 8: 463811b7 (21,529 in chips)
9e08c061: posts the ante 45
463811b7: posts the ante 45
Hero: posts the ante 45
85247037: posts the ante 45
ad9bd531: posts the ante 45
ca4414ad: posts the ante 45
afaf2506: posts the ante 45
80244348: posts the ante 45
afaf2506: posts small blind 150
ad9bd531: posts big blind 300
*** HOLE CARDS ***
Dealt to 9e08c061 
Dealt to 80244348 
Dealt to 85247037 
Dealt to afaf2506 
Dealt to ad9bd531 
Dealt to Hero [Ad Kh]
Dealt to ca4414ad 
Dealt to 463811b7 
Hero: raises 300 to 600
ca4414ad: folds
463811b7: folds
9e08c061: folds
80244348: folds
85247037: calls 600
afaf2506: calls 450
ad9bd531: folds
*** FLOP *** [7h 2c Ah]
afaf2506: bets 812
Hero: raises 1,742 to 2,554
85247037: folds
afaf2506: folds
Uncalled bet (1,742) returned to Hero
*** SHOWDOWN ***
Hero collected 4,084 from pot
*** SUMMARY ***
Total pot 4,084 | Rake 0 | Jackpot 0 | Bingo 0 | Fortune 0 | Tax 0
Board [7h 2c Ah]
Seat 1: 9e08c061 folded before Flop
Seat 2: 80244348 folded before Flop
Seat 3: 85247037 (button) folded on the Flop
Seat 4: afaf2506 (small blind) folded on the Flop
Seat 5: ad9bd531 (big blind) folded before Flop
Seat 6: Hero won (4,084)
Seat 7: ca4414ad folded before Flop
Seat 8: 463811b7 folded before Flop


Poker Hand #TM5671600268: Tournament #267988699, Bounty Hunters Special $8.88 Hold'em No Limit - Level7(150/300(45)) - 2026/03/06 22:30:08
Table '14' 8-max Seat #2 is the button
Seat 1: 9e08c061 (5,251 in chips)
Seat 2: 80244348 (23,065 in chips)
Seat 3: 85247037 (25,415 in chips)
Seat 4: afaf2506 (30,679 in chips)
Seat 5: ad9bd531 (21,502 in chips)
Seat 6: Hero (8,861 in chips)
Seat 7: ca4414ad (10,105 in chips)
Seat 8: 463811b7 (16,714 in chips)
9e08c061: posts the ante 45
463811b7: posts the ante 45
Hero: posts the ante 45
85247037: posts the ante 45
ad9bd531: posts the ante 45
ca4414ad: posts the ante 45
afaf2506: posts the ante 45
80244348: posts the ante 45
85247037: posts small blind 150
afaf2506: posts big blind 300
*** HOLE CARDS ***
Dealt to 9e08c061 
Dealt to 80244348 
Dealt to 85247037 
Dealt to afaf2506 
Dealt to ad9bd531 
Dealt to Hero [4d 8d]
Dealt to ca4414ad 
Dealt to 463811b7 
ad9bd531: folds
Hero: folds
ca4414ad: folds
463811b7: raises 300 to 600
9e08c061: folds
80244348: calls 600
85247037: calls 450
afaf2506: calls 300
*** FLOP *** [6d 4h 2c]
85247037: checks
afaf2506: bets 750
463811b7: raises 1,950 to 2,700
80244348: folds
85247037: folds
afaf2506: calls 1,950
*** TURN *** [6d 4h 2c] [2h]
afaf2506: checks
463811b7: bets 4,080
afaf2506: folds
Uncalled bet (4,080) returned to 463811b7
*** SHOWDOWN ***
463811b7 collected 8,160 from pot
*** SUMMARY ***
Total pot 8,160 | Rake 0 | Jackpot 0 | Bingo 0 | Fortune 0 | Tax 0
Board [6d 4h 2c 2h]
Seat 1: 9e08c061 folded before Flop
Seat 2: 80244348 (button) folded on the Flop
Seat 3: 85247037 (small blind) folded on the Flop
Seat 4: afaf2506 (big blind) folded on the Turn
Seat 5: ad9bd531 folded before Flop
Seat 6: Hero folded before Flop
Seat 7: ca4414ad folded before Flop
Seat 8: 463811b7 won (8,160)


Poker Hand #TM5671600235: Tournament #267988699, Bounty Hunters Special $8.88 Hold'em No Limit - Level7(150/300(45)) - 2026/03/06 22:29:25
Table '14' 8-max Seat #1 is the button
Seat 1: 9e08c061 (3,886 in chips)
Seat 2: 80244348 (23,260 in chips)
Seat 3: 85247037 (25,760 in chips)
Seat 4: afaf2506 (30,724 in chips)
Seat 5: ad9bd531 (21,547 in chips)
Seat 6: Hero (9,506 in chips)
Seat 7: ca4414ad (10,150 in chips)
Seat 8: 463811b7 (16,759 in chips)
9e08c061: posts the ante 45
463811b7: posts the ante 45
Hero: posts the ante 45
85247037: posts the ante 45
ad9bd531: posts the ante 45
ca4414ad: posts the ante 45
afaf2506: posts the ante 45
80244348: posts the ante 45
80244348: posts small blind 150
85247037: posts big blind 300
*** HOLE CARDS ***
Dealt to 9e08c061 
Dealt to 80244348 
Dealt to 85247037 
Dealt to afaf2506 
Dealt to ad9bd531 
Dealt to Hero [Jc Kh]
Dealt to ca4414ad 
Dealt to 463811b7 
afaf2506: folds
ad9bd531: folds
Hero: raises 300 to 600
ca4414ad: folds
463811b7: folds
9e08c061: raises 3,241 to 3,841 and is all-in
80244348: folds
85247037: folds
Hero: folds
Uncalled bet (3,241) returned to 9e08c061
*** SHOWDOWN ***
9e08c061 collected 2,010 from pot
*** SUMMARY ***
Total pot 2,010 | Rake 0 | Jackpot 0 | Bingo 0 | Fortune 0 | Tax 0
Seat 1: 9e08c061 (button) collected (2,010)
Seat 2: 80244348 (small blind) folded before Flop
Seat 3: 85247037 (big blind) folded before Flop
Seat 4: afaf2506 folded before Flop
Seat 5: ad9bd531 folded before Flop
Seat 6: Hero folded before Flop
Seat 7: ca4414ad folded before Flop
Seat 8: 463811b7 folded before Flop


Poker Hand #TM5671600197: Tournament #267988699, Bounty Hunters Special $8.88 Hold'em No Limit - Level7(150/300(45)) - 2026/03/06 22:28:22
Table '14' 8-max Seat #8 is the button
Seat 1: 9e08c061 (4,081 in chips)
Seat 2: 80244348 (23,605 in chips)
Seat 3: 85247037 (28,738 in chips)
Seat 4: afaf2506 (30,769 in chips)
Seat 5: ad9bd531 (21,592 in chips)
Seat 6: Hero (9,551 in chips)
Seat 7: ca4414ad (10,195 in chips)
Seat 8: 463811b7 (13,061 in chips)
463811b7: posts the ante 45
9e08c061: posts the ante 45
Hero: posts the ante 45
85247037: posts the ante 45
ad9bd531: posts the ante 45
ca4414ad: posts the ante 45
afaf2506: posts the ante 45
80244348: posts the ante 45
9e08c061: posts small blind 150
80244348: posts big blind 300
*** HOLE CARDS ***
Dealt to 9e08c061 
Dealt to 80244348 
Dealt to 85247037 
Dealt to afaf2506 
Dealt to ad9bd531 
Dealt to Hero [As 5d]
Dealt to ca4414ad 
Dealt to 463811b7 
85247037: raises 300 to 600
afaf2506: folds
ad9bd531: folds
Hero: folds
ca4414ad: folds
463811b7: calls 600
9e08c061: folds
80244348: folds
*** FLOP *** [9d 7h Jc]
85247037: bets 664
463811b7: calls 664
*** TURN *** [9d 7h Jc] [4h]
85247037: checks
463811b7: checks
*** RIVER *** [9d 7h Jc 4h] [8s]
85247037: bets 1,669
463811b7: raises 2,654 to 4,323
85247037: folds
Uncalled bet (2,654) returned to 463811b7
*** SHOWDOWN ***
463811b7 collected 6,676 from pot
*** SUMMARY ***
Total pot 6,676 | Rake 0 | Jackpot 0 | Bingo 0 | Fortune 0 | Tax 0
Board [9d 7h Jc 4h 8s]
Seat 1: 9e08c061 (small blind) folded before Flop
Seat 2: 80244348 (big blind) folded before Flop
Seat 3: 85247037 folded on the River
Seat 4: afaf2506 folded before Flop
Seat 5: ad9bd531 folded before Flop
Seat 6: Hero folded before Flop
Seat 7: ca4414ad folded before Flop
Seat 8: 463811b7 (button) won (6,676)


Poker Hand #TM5671600177: Tournament #267988699, Bounty Hunters Special $8.88 Hold'em No Limit - Level7(150/300(45)) - 2026/03/06 22:27:50
Table '14' 8-max Seat #7 is the button
Seat 1: 9e08c061 (4,426 in chips)
Seat 2: 80244348 (23,650 in chips)
Seat 3: 85247037 (28,783 in chips)
Seat 4: afaf2506 (30,049 in chips)
Seat 6: Hero (9,596 in chips)
Seat 7: ca4414ad (10,240 in chips)
Seat 8: 463811b7 (13,256 in chips)
9e08c061: posts the ante 45
463811b7: posts the ante 45
Hero: posts the ante 45
85247037: posts the ante 45
ca4414ad: posts the ante 45
afaf2506: posts the ante 45
80244348: posts the ante 45
463811b7: posts small blind 150
9e08c061: posts big blind 300
*** HOLE CARDS ***
Dealt to 9e08c061 
Dealt to 80244348 
Dealt to 85247037 
Dealt to afaf2506 
Dealt to Hero [Qc 3c]
Dealt to ca4414ad 
Dealt to 463811b7 
80244348: folds
85247037: folds
afaf2506: raises 300 to 600
Hero: folds
ca4414ad: folds
463811b7: folds
9e08c061: folds
Uncalled bet (300) returned to afaf2506
*** SHOWDOWN ***
afaf2506 collected 1,065 from pot
*** SUMMARY ***
Total pot 1,065 | Rake 0 | Jackpot 0 | Bingo 0 | Fortune 0 | Tax 0
Seat 1: 9e08c061 (big blind) folded before Flop
Seat 2: 80244348 folded before Flop
Seat 3: 85247037 folded before Flop
Seat 4: afaf2506 collected (1,065)
Seat 6: Hero folded before Flop
Seat 7: ca4414ad (button) folded before Flop
Seat 8: 463811b7 (small blind) folded before Flop


Poker Hand #TM5671600165: Tournament #267988699, Bounty Hunters Special $8.88 Hold'em No Limit - Level7(150/300(45)) - 2026/03/06 22:27:28
Table '14' 8-max Seat #6 is the button
Seat 1: 9e08c061 (4,471 in chips)
Seat 2: 80244348 (23,695 in chips)
Seat 3: 85247037 (28,828 in chips)
Seat 4: afaf2506 (30,094 in chips)
Seat 6: Hero (9,641 in chips)
Seat 7: ca4414ad (10,435 in chips)
Seat 8: 463811b7 (12,836 in chips)
9e08c061: posts the ante 45
463811b7: posts the ante 45
Hero: posts the ante 45
85247037: posts the ante 45
ca4414ad: posts the ante 45
afaf2506: posts the ante 45
80244348: posts the ante 45
ca4414ad: posts small blind 150
463811b7: posts big blind 300
*** HOLE CARDS ***
Dealt to 9e08c061 
Dealt to 80244348 
Dealt to 85247037 
Dealt to afaf2506 
Dealt to Hero [3s Ad]
Dealt to ca4414ad 
Dealt to 463811b7 
9e08c061: folds
80244348: folds
85247037: folds
afaf2506: folds
Hero: folds
ca4414ad: folds
Uncalled bet (150) returned to 463811b7
*** SHOWDOWN ***
463811b7 collected 615 from pot
*** SUMMARY ***
Total pot 615 | Rake 0 | Jackpot 0 | Bingo 0 | Fortune 0 | Tax 0
Seat 1: 9e08c061 folded before Flop
Seat 2: 80244348 folded before Flop
Seat 3: 85247037 folded before Flop
Seat 4: afaf2506 folded before Flop
Seat 6: Hero (button) folded before Flop
Seat 7: ca4414ad (small blind) folded before Flop
Seat 8: 463811b7 (big blind) collected (615)


Poker Hand #TM5671600150: Tournament #267988699, Bounty Hunters Special $8.88 Hold'em No Limit - Level7(150/300(45)) - 2026/03/06 22:27:01
Table '14' 8-max Seat #4 is the button
Seat 1: 9e08c061 (4,516 in chips)
Seat 2: 80244348 (23,740 in chips)
Seat 3: 85247037 (29,473 in chips)
Seat 4: afaf2506 (30,739 in chips)
Seat 6: Hero (7,871 in chips)
Seat 7: ca4414ad (10,780 in chips)
Seat 8: 463811b7 (12,881 in chips)
9e08c061: posts the ante 45
463811b7: posts the ante 45
Hero: posts the ante 45
85247037: posts the ante 45
ca4414ad: posts the ante 45
afaf2506: posts the ante 45
80244348: posts the ante 45
Hero: posts small blind 150
ca4414ad: posts big blind 300
*** HOLE CARDS ***
Dealt to 9e08c061 
Dealt to 80244348 
Dealt to 85247037 
Dealt to afaf2506 
Dealt to Hero [Qc Ah]
Dealt to ca4414ad 
Dealt to 463811b7 
463811b7: folds
9e08c061: folds
80244348: folds
85247037: raises 300 to 600
afaf2506: calls 600
Hero: raises 7,226 to 7,826 and is all-in
ca4414ad: folds
85247037: folds
afaf2506: folds
Uncalled bet (7,226) returned to Hero
*** SHOWDOWN ***
Hero collected 2,415 from pot
*** SUMMARY ***
Total pot 2,415 | Rake 0 | Jackpot 0 | Bingo 0 | Fortune 0 | Tax 0
Seat 1: 9e08c061 folded before Flop
Seat 2: 80244348 folded before Flop
Seat 3: 85247037 folded before Flop
Seat 4: afaf2506 (button) folded before Flop
Seat 6: Hero (small blind) collected (2,415)
Seat 7: ca4414ad (big blind) folded before Flop
Seat 8: 463811b7 folded before Flop


Poker Hand #TM5671600099: Tournament #267988699, Bounty Hunters Special $8.88 Hold'em No Limit - Level7(150/300(45)) - 2026/03/06 22:25:33
Table '14' 8-max Seat #3 is the button
Seat 1: 9e08c061 (4,561 in chips)
Seat 2: 80244348 (23,785 in chips)
Seat 3: 85247037 (21,430 in chips)
Seat 4: afaf2506 (30,934 in chips)
Seat 5: cf8d7440 (7,623 in chips)
Seat 6: Hero (7,916 in chips)
Seat 7: ca4414ad (10,825 in chips)
Seat 8: 463811b7 (12,926 in chips)
9e08c061: posts the ante 45
463811b7: posts the ante 45
cf8d7440: posts the ante 45
Hero: posts the ante 45
85247037: posts the ante 45
ca4414ad: posts the ante 45
afaf2506: posts the ante 45
80244348: posts the ante 45
afaf2506: posts small blind 150
cf8d7440: posts big blind 300
*** HOLE CARDS ***
Dealt to 9e08c061 
Dealt to 80244348 
Dealt to 85247037 
Dealt to afaf2506 
Dealt to cf8d7440 
Dealt to Hero [4c 9h]
Dealt to ca4414ad 
Dealt to 463811b7 
Hero: folds
ca4414ad: folds
463811b7: folds
9e08c061: folds
80244348: folds
85247037: raises 300 to 600
afaf2506: folds
cf8d7440: calls 300
*** FLOP *** [4h 5h Ac]
cf8d7440: checks
85247037: bets 855
cf8d7440: calls 855
*** TURN *** [4h 5h Ac] [3d]
cf8d7440: checks
85247037: bets 1,710
cf8d7440: calls 1,710
*** RIVER *** [4h 5h Ac 3d] [5c]
cf8d7440: bets 4,413 and is all-in
85247037: calls 4,413
cf8d7440: shows [8s 3h] (two pair, Fives and Threes)
85247037: shows [Jc As] (two pair, Aces and Fives)
*** SHOWDOWN ***
85247037 collected 15,666 from pot
*** SUMMARY ***
Total pot 15,666 | Rake 0 | Jackpot 0 | Bingo 0 | Fortune 0 | Tax 0
Board [4h 5h Ac 3d 5c]
Seat 1: 9e08c061 folded before Flop
Seat 2: 80244348 folded before Flop
Seat 3: 85247037 (button) showed [Jc As] and won (15,666) with two pair, Aces and Fives
Seat 4: afaf2506 (small blind) folded before Flop
Seat 5: cf8d7440 (big blind) showed [8s 3h] and lost with two pair, Fives and Threes
Seat 6: Hero folded before Flop
Seat 7: ca4414ad folded before Flop
Seat 8: 463811b7 folded before Flop


Poker Hand #TM5671600072: Tournament #267988699, Bounty Hunters Special $8.88 Hold'em No Limit - Level6(125/250(35)) - 2026/03/06 22:24:49
Table '14' 8-max Seat #2 is the button
Seat 1: 9e08c061 (3,941 in chips)
Seat 2: 80244348 (23,820 in chips)
Seat 3: 85247037 (21,590 in chips)
Seat 4: afaf2506 (31,219 in chips)
Seat 5: cf8d7440 (7,658 in chips)
Seat 6: Hero (7,951 in chips)
Seat 7: ca4414ad (10,860 in chips)
Seat 8: 463811b7 (12,961 in chips)
9e08c061: posts the ante 35
463811b7: posts the ante 35
cf8d7440: posts the ante 35
Hero: posts the ante 35
85247037: posts the ante 35
ca4414ad: posts the ante 35
afaf2506: posts the ante 35
80244348: posts the ante 35
85247037: posts small blind 125
afaf2506: posts big blind 250
*** HOLE CARDS ***
Dealt to 9e08c061 
Dealt to 80244348 
Dealt to 85247037 
Dealt to afaf2506 
Dealt to cf8d7440 
Dealt to Hero [5c Th]
Dealt to ca4414ad 
Dealt to 463811b7 
cf8d7440: folds
Hero: folds
ca4414ad: folds
463811b7: folds
9e08c061: raises 250 to 500
80244348: folds
85247037: folds
afaf2506: folds
Uncalled bet (250) returned to 9e08c061
*** SHOWDOWN ***
9e08c061 collected 905 from pot
*** SUMMARY ***
Total pot 905 | Rake 0 | Jackpot 0 | Bingo 0 | Fortune 0 | Tax 0
Seat 1: 9e08c061 collected (905)
Seat 2: 80244348 (button) folded before Flop
Seat 3: 85247037 (small blind) folded before Flop
Seat 4: afaf2506 (big blind) folded before Flop
Seat 5: cf8d7440 folded before Flop
Seat 6: Hero folded before Flop
Seat 7: ca4414ad folded before Flop
Seat 8: 463811b7 folded before Flop


Poker Hand #TM5671600048: Tournament #267988699, Bounty Hunters Special $8.88 Hold'em No Limit - Level6(125/250(35)) - 2026/03/06 22:24:15
Table '14' 8-max Seat #1 is the button
Seat 1: 9e08c061 (3,976 in chips)
Seat 2: 80244348 (23,980 in chips)
Seat 3: 85247037 (22,150 in chips)
Seat 4: afaf2506 (31,254 in chips)
Seat 5: cf8d7440 (7,693 in chips)
Seat 6: Hero (7,986 in chips)
Seat 7: ca4414ad (9,965 in chips)
Seat 8: 463811b7 (12,996 in chips)
9e08c061: posts the ante 35
463811b7: posts the ante 35
cf8d7440: posts the ante 35
Hero: posts the ante 35
85247037: posts the ante 35
ca4414ad: posts the ante 35
afaf2506: posts the ante 35
80244348: posts the ante 35
80244348: posts small blind 125
85247037: posts big blind 250
*** HOLE CARDS ***
Dealt to 9e08c061 
Dealt to 80244348 
Dealt to 85247037 
Dealt to afaf2506 
Dealt to cf8d7440 
Dealt to Hero [Ts 8s]
Dealt to ca4414ad 
Dealt to 463811b7 
afaf2506: folds
cf8d7440: folds
Hero: folds
ca4414ad: raises 275 to 525
463811b7: folds
9e08c061: folds
80244348: folds
85247037: calls 275
*** FLOP *** [8h Qh Qc]
85247037: checks
ca4414ad: bets 375
85247037: folds
Uncalled bet (375) returned to ca4414ad
*** SHOWDOWN ***
ca4414ad collected 1,455 from pot
*** SUMMARY ***
Total pot 1,455 | Rake 0 | Jackpot 0 | Bingo 0 | Fortune 0 | Tax 0
Board [8h Qh Qc]
Seat 1: 9e08c061 (button) folded before Flop
Seat 2: 80244348 (small blind) folded before Flop
Seat 3: 85247037 (big blind) folded on the Flop
Seat 4: afaf2506 folded before Flop
Seat 5: cf8d7440 folded before Flop
Seat 6: Hero folded before Flop
Seat 7: ca4414ad won (1,455)
Seat 8: 463811b7 folded before Flop


Poker Hand #TM5671599993: Tournament #267988699, Bounty Hunters Special $8.88 Hold'em No Limit - Level6(125/250(35)) - 2026/03/06 22:22:38
Table '14' 8-max Seat #8 is the button
Seat 1: 9e08c061 (4,136 in chips)
Seat 2: 80244348 (24,265 in chips)
Seat 3: 85247037 (22,185 in chips)
Seat 4: afaf2506 (31,289 in chips)
Seat 5: cf8d7440 (12,797 in chips)
Seat 6: Hero (10,224 in chips)
Seat 7: ca4414ad (10,000 in chips)
Seat 8: 463811b7 (5,104 in chips)
463811b7: posts the ante 35
cf8d7440: posts the ante 35
9e08c061: posts the ante 35
Hero: posts the ante 35
85247037: posts the ante 35
ca4414ad: posts the ante 35
afaf2506: posts the ante 35
80244348: posts the ante 35
9e08c061: posts small blind 125
80244348: posts big blind 250
*** HOLE CARDS ***
Dealt to 9e08c061 
Dealt to 80244348 
Dealt to 85247037 
Dealt to afaf2506 
Dealt to cf8d7440 
Dealt to Hero [Qs Ks]
Dealt to ca4414ad 
Dealt to 463811b7 
85247037: folds
afaf2506: folds
cf8d7440: raises 500 to 750
Hero: calls 750
ca4414ad: folds
463811b7: calls 750
9e08c061: folds
80244348: folds
*** FLOP *** [9h Qh 8c]
cf8d7440: bets 1,453
Hero: calls 1,453
463811b7: raises 2,866 to 4,319 and is all-in
cf8d7440: raises 7,693 to 12,012 and is all-in
Hero: folds
Uncalled bet (7,693) returned to cf8d7440
cf8d7440: shows [Kh As] (Ace high)
463811b7: shows [Qd Kd] (a pair of Queens)
*** TURN *** [9h Qh 8c] [Js]
*** RIVER *** [9h Qh 8c Js] [7d]
Hero: shows [Qs Ks] (a pair of Queens)
*** SHOWDOWN ***
463811b7 collected 12,996 from pot
*** SUMMARY ***
Total pot 12,996 | Rake 0 | Jackpot 0 | Bingo 0 | Fortune 0 | Tax 0
Board [9h Qh 8c Js 7d]
Seat 1: 9e08c061 (small blind) folded before Flop
Seat 2: 80244348 (big blind) folded before Flop
Seat 3: 85247037 folded before Flop
Seat 4: afaf2506 folded before Flop
Seat 5: cf8d7440 showed [Kh As] and lost with Ace high
Seat 6: Hero folded on the Flop
Seat 7: ca4414ad folded before Flop
Seat 8: 463811b7 (button) showed [Qd Kd] and won (12,996) with a pair of Queens


Poker Hand #TM5671599964: Tournament #267988699, Bounty Hunters Special $8.88 Hold'em No Limit - Level6(125/250(35)) - 2026/03/06 22:21:47
Table '14' 8-max Seat #6 is the button
Seat 1: 9e08c061 (9,098 in chips)
Seat 2: 80244348 (24,300 in chips)
Seat 3: 85247037 (22,220 in chips)
Seat 4: afaf2506 (31,324 in chips)
Seat 5: cf8d7440 (12,832 in chips)
Seat 6: Hero (4,962 in chips)
Seat 8: 463811b7 (5,264 in chips)
cf8d7440: posts the ante 35
9e08c061: posts the ante 35
463811b7: posts the ante 35
Hero: posts the ante 35
85247037: posts the ante 35
afaf2506: posts the ante 35
80244348: posts the ante 35
463811b7: posts small blind 125
9e08c061: posts big blind 250
*** HOLE CARDS ***
Dealt to 9e08c061 
Dealt to 80244348 
Dealt to 85247037 
Dealt to afaf2506 
Dealt to cf8d7440 
Dealt to Hero [6h Kh]
Dealt to 463811b7 
80244348: folds
85247037: folds
afaf2506: folds
cf8d7440: folds
Hero: raises 250 to 500
463811b7: folds
9e08c061: raises 8,563 to 9,063 and is all-in
Hero: calls 4,427 and is all-in
Uncalled bet (4,136) returned to 9e08c061
9e08c061: shows [Jd Ac]
Hero: shows [6h Kh]
*** FLOP *** [6c Th 9h]
*** TURN *** [6c Th 9h] [3s]
*** RIVER *** [6c Th 9h 3s] [5h]
*** SHOWDOWN ***
Hero collected 10,224 from pot
*** SUMMARY ***
Total pot 10,224 | Rake 0 | Jackpot 0 | Bingo 0 | Fortune 0 | Tax 0
Board [6c Th 9h 3s 5h]
Seat 1: 9e08c061 (big blind) showed [Jd Ac] and lost with Ace high
Seat 2: 80244348 folded before Flop
Seat 3: 85247037 folded before Flop
Seat 4: afaf2506 folded before Flop
Seat 5: cf8d7440 folded before Flop
Seat 6: Hero (button) showed [6h Kh] and won (10,224) with a flush King high
Seat 8: 463811b7 (small blind) folded before Flop


Poker Hand #TM5671599928: Tournament #267988699, Bounty Hunters Special $8.88 Hold'em No Limit - Level6(125/250(35)) - 2026/03/06 22:20:47
Table '14' 8-max Seat #5 is the button
Seat 1: 9e08c061 (9,133 in chips)
Seat 2: 80244348 (24,335 in chips)
Seat 3: 85247037 (20,587 in chips)
Seat 4: afaf2506 (31,359 in chips)
Seat 5: cf8d7440 (12,867 in chips)
Seat 6: Hero (5,122 in chips)
Seat 7: 2bc4a8cb (1,298 in chips)
Seat 8: 463811b7 (5,299 in chips)
cf8d7440: posts the ante 35
9e08c061: posts the ante 35
463811b7: posts the ante 35
Hero: posts the ante 35
85247037: posts the ante 35
afaf2506: posts the ante 35
80244348: posts the ante 35
2bc4a8cb: posts the ante 35
Hero: posts small blind 125
2bc4a8cb: posts big blind 250
*** HOLE CARDS ***
Dealt to 9e08c061 
Dealt to 80244348 
Dealt to 85247037 
Dealt to afaf2506 
Dealt to cf8d7440 
Dealt to Hero [3c 5c]
Dealt to 2bc4a8cb 
Dealt to 463811b7 
463811b7: folds
9e08c061: folds
80244348: folds
85247037: raises 250 to 500
afaf2506: folds
cf8d7440: folds
Hero: folds
2bc4a8cb: raises 763 to 1,263 and is all-in
85247037: calls 763
2bc4a8cb: shows [Kd 4c]
85247037: shows [5d Ac]
*** FLOP *** [3s Th Qh]
*** TURN *** [3s Th Qh] [5s]
*** RIVER *** [3s Th Qh 5s] [7h]
*** SHOWDOWN ***
85247037 collected 2,931 from pot
*** SUMMARY ***
Total pot 2,931 | Rake 0 | Jackpot 0 | Bingo 0 | Fortune 0 | Tax 0
Board [3s Th Qh 5s 7h]
Seat 1: 9e08c061 folded before Flop
Seat 2: 80244348 folded before Flop
Seat 3: 85247037 showed [5d Ac] and won (2,931) with a pair of Fives
Seat 4: afaf2506 folded before Flop
Seat 5: cf8d7440 (button) folded before Flop
Seat 6: Hero (small blind) folded before Flop
Seat 7: 2bc4a8cb (big blind) showed [Kd 4c] and lost with King high
Seat 8: 463811b7 folded before Flop


Poker Hand #TM5671599872: Tournament #267988699, Bounty Hunters Special $8.88 Hold'em No Limit - Level6(125/250(35)) - 2026/03/06 22:19:25
Table '14' 8-max Seat #4 is the button
Seat 1: 9e08c061 (10,462 in chips)
Seat 2: 80244348 (24,370 in chips)
Seat 3: 85247037 (9,229 in chips)
Seat 4: afaf2506 (31,394 in chips)
Seat 5: cf8d7440 (13,027 in chips)
Seat 6: Hero (5,657 in chips)
Seat 7: 2bc4a8cb (10,527 in chips)
Seat 8: 463811b7 (5,334 in chips)
9e08c061: posts the ante 35
463811b7: posts the ante 35
cf8d7440: posts the ante 35
Hero: posts the ante 35
85247037: posts the ante 35
afaf2506: posts the ante 35
80244348: posts the ante 35
2bc4a8cb: posts the ante 35
cf8d7440: posts small blind 125
Hero: posts big blind 250
*** HOLE CARDS ***
Dealt to 9e08c061 
Dealt to 80244348 
Dealt to 85247037 
Dealt to afaf2506 
Dealt to cf8d7440 
Dealt to Hero [2c Tc]
Dealt to 2bc4a8cb 
Dealt to 463811b7 
2bc4a8cb: raises 250 to 500
463811b7: folds
9e08c061: calls 500
80244348: folds
85247037: calls 500
afaf2506: folds
cf8d7440: folds
Hero: calls 250
*** FLOP *** [7h Jc 6s]
Hero: checks
2bc4a8cb: bets 794
9e08c061: calls 794
85247037: calls 794
Hero: folds
*** TURN *** [7h Jc 6s] [Qs]
2bc4a8cb: bets 2,394
9e08c061: folds
85247037: calls 2,394
*** RIVER *** [7h Jc 6s Qs] [Qh]
2bc4a8cb: bets 6,804 and is all-in
85247037: calls 5,506 and is all-in
Uncalled bet (1,298) returned to 2bc4a8cb
2bc4a8cb: shows [7s 8s] (two pair, Queens and Sevens)
85247037: shows [Js Ts] (two pair, Queens and Jacks)
*** SHOWDOWN ***
85247037 collected 20,587 from pot
*** SUMMARY ***
Total pot 20,587 | Rake 0 | Jackpot 0 | Bingo 0 | Fortune 0 | Tax 0
Board [7h Jc 6s Qs Qh]
Seat 1: 9e08c061 folded on the Turn
Seat 2: 80244348 folded before Flop
Seat 3: 85247037 showed [Js Ts] and won (20,587) with two pair, Queens and Jacks
Seat 4: afaf2506 (button) folded before Flop
Seat 5: cf8d7440 (small blind) folded before Flop
Seat 6: Hero (big blind) folded on the Flop
Seat 7: 2bc4a8cb showed [7s 8s] and lost with two pair, Queens and Sevens
Seat 8: 463811b7 folded before Flop


Poker Hand #TM5671599840: Tournament #267988699, Bounty Hunters Special $8.88 Hold'em No Limit - Level6(125/250(35)) - 2026/03/06 22:18:19
Table '14' 8-max Seat #3 is the button
Seat 1: 9e08c061 (10,497 in chips)
Seat 2: 80244348 (22,125 in chips)
Seat 3: 85247037 (9,264 in chips)
Seat 4: afaf2506 (32,179 in chips)
Seat 5: cf8d7440 (13,812 in chips)
Seat 6: Hero (5,692 in chips)
Seat 7: 2bc4a8cb (11,062 in chips)
Seat 8: 463811b7 (5,369 in chips)
9e08c061: posts the ante 35
463811b7: posts the ante 35
cf8d7440: posts the ante 35
Hero: posts the ante 35
85247037: posts the ante 35
afaf2506: posts the ante 35
80244348: posts the ante 35
2bc4a8cb: posts the ante 35
afaf2506: posts small blind 125
cf8d7440: posts big blind 250
*** HOLE CARDS ***
Dealt to 9e08c061 
Dealt to 80244348 
Dealt to 85247037 
Dealt to afaf2506 
Dealt to cf8d7440 
Dealt to Hero [3s 9c]
Dealt to 2bc4a8cb 
Dealt to 463811b7 
Hero: folds
2bc4a8cb: raises 250 to 500
463811b7: folds
9e08c061: folds
80244348: calls 500
85247037: folds
afaf2506: calls 375
cf8d7440: calls 250
*** FLOP *** [7s 5s 8s]
afaf2506: bets 250
cf8d7440: calls 250
2bc4a8cb: folds
80244348: raises 2,273 to 2,523
afaf2506: folds
cf8d7440: folds
Uncalled bet (2,273) returned to 80244348
*** SHOWDOWN ***
80244348 collected 3,030 from pot
*** SUMMARY ***
Total pot 3,030 | Rake 0 | Jackpot 0 | Bingo 0 | Fortune 0 | Tax 0
Board [7s 5s 8s]
Seat 1: 9e08c061 folded before Flop
Seat 2: 80244348 won (3,030)
Seat 3: 85247037 (button) folded before Flop
Seat 4: afaf2506 (small blind) folded on the Flop
Seat 5: cf8d7440 (big blind) folded on the Flop
Seat 6: Hero folded before Flop
Seat 7: 2bc4a8cb folded on the Flop
Seat 8: 463811b7 folded before Flop


Poker Hand #TM5671599793: Tournament #267988699, Bounty Hunters Special $8.88 Hold'em No Limit - Level5(100/200(30)) - 2026/03/06 22:16:45
Table '14' 8-max Seat #2 is the button
Seat 1: 9e08c061 (10,527 in chips)
Seat 2: 80244348 (22,155 in chips)
Seat 3: 85247037 (11,554 in chips)
Seat 4: afaf2506 (26,509 in chips)
Seat 5: cf8d7440 (13,842 in chips)
Seat 6: Hero (7,982 in chips)
Seat 7: 2bc4a8cb (12,032 in chips)
Seat 8: 463811b7 (5,399 in chips)
9e08c061: posts the ante 30
463811b7: posts the ante 30
cf8d7440: posts the ante 30
Hero: posts the ante 30
85247037: posts the ante 30
afaf2506: posts the ante 30
80244348: posts the ante 30
2bc4a8cb: posts the ante 30
85247037: posts small blind 100
afaf2506: posts big blind 200
*** HOLE CARDS ***
Dealt to 9e08c061 
Dealt to 80244348 
Dealt to 85247037 
Dealt to afaf2506 
Dealt to cf8d7440 
Dealt to Hero [6c Ac]
Dealt to 2bc4a8cb 
Dealt to 463811b7 
cf8d7440: folds
Hero: raises 200 to 400
2bc4a8cb: calls 400
463811b7: folds
9e08c061: folds
80244348: folds
85247037: calls 300
afaf2506: raises 540 to 940
Hero: calls 540
2bc4a8cb: calls 540
85247037: calls 540
*** FLOP *** [Qd Js Ah]
85247037: checks
afaf2506: checks
Hero: bets 1,320
2bc4a8cb: folds
85247037: calls 1,320
afaf2506: raises 3,980 to 5,300
Hero: folds
85247037: folds
Uncalled bet (3,980) returned to afaf2506
*** SHOWDOWN ***
afaf2506 collected 7,960 from pot
*** SUMMARY ***
Total pot 7,960 | Rake 0 | Jackpot 0 | Bingo 0 | Fortune 0 | Tax 0
Board [Qd Js Ah]
Seat 1: 9e08c061 folded before Flop
Seat 2: 80244348 (button) folded before Flop
Seat 3: 85247037 (small blind) folded on the Flop
Seat 4: afaf2506 (big blind) won (7,960)
Seat 5: cf8d7440 folded before Flop
Seat 6: Hero folded on the Flop
Seat 7: 2bc4a8cb folded on the Flop
Seat 8: 463811b7 folded before Flop


Poker Hand #TM5671599760: Tournament #267988699, Bounty Hunters Special $8.88 Hold'em No Limit - Level5(100/200(30)) - 2026/03/06 22:15:45
Table '14' 8-max Seat #1 is the button
Seat 1: 9e08c061 (10,557 in chips)
Seat 2: 80244348 (22,285 in chips)
Seat 3: 85247037 (11,414 in chips)
Seat 4: afaf2506 (26,539 in chips)
Seat 5: cf8d7440 (13,872 in chips)
Seat 6: Hero (8,012 in chips)
Seat 7: 2bc4a8cb (11,892 in chips)
Seat 8: 463811b7 (5,429 in chips)
9e08c061: posts the ante 30
463811b7: posts the ante 30
cf8d7440: posts the ante 30
Hero: posts the ante 30
85247037: posts the ante 30
afaf2506: posts the ante 30
2bc4a8cb: posts the ante 30
80244348: posts the ante 30
80244348: posts small blind 100
85247037: posts big blind 200
*** HOLE CARDS ***
Dealt to 9e08c061 
Dealt to 80244348 
Dealt to 85247037 
Dealt to afaf2506 
Dealt to cf8d7440 
Dealt to Hero [2d 3d]
Dealt to 2bc4a8cb 
Dealt to 463811b7 
afaf2506: folds
cf8d7440: folds
Hero: folds
2bc4a8cb: raises 200 to 400
463811b7: folds
9e08c061: folds
80244348: folds
85247037: calls 200
*** FLOP *** [5h 7h Th]
85247037: checks
2bc4a8cb: checks
*** TURN *** [5h 7h Th] [5c]
85247037: bets 770
2bc4a8cb: calls 770
*** RIVER *** [5h 7h Th 5c] [Kc]
85247037: bets 2,610
2bc4a8cb: calls 2,610
85247037: shows [5d 6h] (three of a kind, Fives)
2bc4a8cb: shows [5s 8s] (three of a kind, Fives)
*** SHOWDOWN ***
2bc4a8cb collected 3,950 from pot
85247037 collected 3,950 from pot
*** SUMMARY ***
Total pot 7,900 | Rake 0 | Jackpot 0 | Bingo 0 | Fortune 0 | Tax 0
Board [5h 7h Th 5c Kc]
Seat 1: 9e08c061 (button) folded before Flop
Seat 2: 80244348 (small blind) folded before Flop
Seat 3: 85247037 (big blind) showed [5d 6h] and won (3,950) with three of a kind, Fives
Seat 4: afaf2506 folded before Flop
Seat 5: cf8d7440 folded before Flop
Seat 6: Hero folded before Flop
Seat 7: 2bc4a8cb showed [5s 8s] and won (3,950) with three of a kind, Fives
Seat 8: 463811b7 folded before Flop


Poker Hand #TM5671599736: Tournament #267988699, Bounty Hunters Special $8.88 Hold'em No Limit - Level5(100/200(30)) - 2026/03/06 22:15:09
Table '14' 8-max Seat #8 is the button
Seat 1: 9e08c061 (10,687 in chips)
Seat 2: 80244348 (22,515 in chips)
Seat 3: 85247037 (11,444 in chips)
Seat 4: afaf2506 (26,029 in chips)
Seat 5: cf8d7440 (13,902 in chips)
Seat 6: Hero (8,042 in chips)
Seat 7: 2bc4a8cb (11,922 in chips)
Seat 8: 463811b7 (5,459 in chips)
463811b7: posts the ante 30
cf8d7440: posts the ante 30
9e08c061: posts the ante 30
Hero: posts the ante 30
85247037: posts the ante 30
afaf2506: posts the ante 30
2bc4a8cb: posts the ante 30
80244348: posts the ante 30
9e08c061: posts small blind 100
80244348: posts big blind 200
*** HOLE CARDS ***
Dealt to 9e08c061 
Dealt to 80244348 
Dealt to 85247037 
Dealt to afaf2506 
Dealt to cf8d7440 
Dealt to Hero [2d 4h]
Dealt to 2bc4a8cb 
Dealt to 463811b7 
85247037: folds
afaf2506: raises 200 to 400
cf8d7440: folds
Hero: folds
2bc4a8cb: folds
463811b7: folds
9e08c061: folds
80244348: folds
Uncalled bet (200) returned to afaf2506
*** SHOWDOWN ***
afaf2506 collected 740 from pot
*** SUMMARY ***
Total pot 740 | Rake 0 | Jackpot 0 | Bingo 0 | Fortune 0 | Tax 0
Seat 1: 9e08c061 (small blind) folded before Flop
Seat 2: 80244348 (big blind) folded before Flop
Seat 3: 85247037 folded before Flop
Seat 4: afaf2506 collected (740)
Seat 5: cf8d7440 folded before Flop
Seat 6: Hero folded before Flop
Seat 7: 2bc4a8cb folded before Flop
Seat 8: 463811b7 (button) folded before Flop


Poker Hand #TM5671599712: Tournament #267988699, Bounty Hunters Special $8.88 Hold'em No Limit - Level5(100/200(30)) - 2026/03/06 22:14:25
Table '14' 8-max Seat #7 is the button
Seat 1: 9e08c061 (10,917 in chips)
Seat 2: 80244348 (22,545 in chips)
Seat 3: 85247037 (11,474 in chips)
Seat 4: afaf2506 (26,059 in chips)
Seat 5: cf8d7440 (13,932 in chips)
Seat 6: Hero (7,532 in chips)
Seat 7: 2bc4a8cb (11,952 in chips)
Seat 8: 463811b7 (5,589 in chips)
cf8d7440: posts the ante 30
9e08c061: posts the ante 30
463811b7: posts the ante 30
Hero: posts the ante 30
85247037: posts the ante 30
afaf2506: posts the ante 30
2bc4a8cb: posts the ante 30
80244348: posts the ante 30
463811b7: posts small blind 100
9e08c061: posts big blind 200
*** HOLE CARDS ***
Dealt to 9e08c061 
Dealt to 80244348 
Dealt to 85247037 
Dealt to afaf2506 
Dealt to cf8d7440 
Dealt to Hero [8s Ks]
Dealt to 2bc4a8cb 
Dealt to 463811b7 
80244348: folds
85247037: folds
afaf2506: folds
cf8d7440: folds
Hero: raises 200 to 400
2bc4a8cb: folds
463811b7: folds
9e08c061: folds
Uncalled bet (200) returned to Hero
*** SHOWDOWN ***
Hero collected 740 from pot
*** SUMMARY ***
Total pot 740 | Rake 0 | Jackpot 0 | Bingo 0 | Fortune 0 | Tax 0
Seat 1: 9e08c061 (big blind) folded before Flop
Seat 2: 80244348 folded before Flop
Seat 3: 85247037 folded before Flop
Seat 4: afaf2506 folded before Flop
Seat 5: cf8d7440 folded before Flop
Seat 6: Hero collected (740)
Seat 7: 2bc4a8cb (button) folded before Flop
Seat 8: 463811b7 (small blind) folded before Flop


Poker Hand #TM5671599674: Tournament #267988699, Bounty Hunters Special $8.88 Hold'em No Limit - Level5(100/200(30)) - 2026/03/06 22:13:19
Table '14' 8-max Seat #6 is the button
Seat 1: 9e08c061 (10,947 in chips)
Seat 2: 80244348 (19,150 in chips)
Seat 3: 85247037 (11,504 in chips)
Seat 4: afaf2506 (26,089 in chips)
Seat 5: cf8d7440 (13,962 in chips)
Seat 6: Hero (7,562 in chips)
Seat 7: 2bc4a8cb (12,082 in chips)
Seat 8: 463811b7 (8,704 in chips)
cf8d7440: posts the ante 30
9e08c061: posts the ante 30
463811b7: posts the ante 30
Hero: posts the ante 30
85247037: posts the ante 30
afaf2506: posts the ante 30
80244348: posts the ante 30
2bc4a8cb: posts the ante 30
2bc4a8cb: posts small blind 100
463811b7: posts big blind 200
*** HOLE CARDS ***
Dealt to 9e08c061 
Dealt to 80244348 
Dealt to 85247037 
Dealt to afaf2506 
Dealt to cf8d7440 
Dealt to Hero [Ah 4s]
Dealt to 2bc4a8cb 
Dealt to 463811b7 
9e08c061: folds
80244348: raises 400 to 600
85247037: folds
afaf2506: folds
cf8d7440: folds
Hero: folds
2bc4a8cb: folds
463811b7: raises 1,400 to 2,000
80244348: calls 1,400
*** FLOP *** [7s 5s 6h]
463811b7: bets 1,085
80244348: calls 1,085
*** TURN *** [7s 5s 6h] [8d]
463811b7: checks
80244348: checks
*** RIVER *** [7s 5s 6h 8d] [6c]
463811b7: checks
80244348: bets 4,883
463811b7: folds
Uncalled bet (4,883) returned to 80244348
*** SHOWDOWN ***
80244348 collected 6,510 from pot
*** SUMMARY ***
Total pot 6,510 | Rake 0 | Jackpot 0 | Bingo 0 | Fortune 0 | Tax 0
Board [7s 5s 6h 8d 6c]
Seat 1: 9e08c061 folded before Flop
Seat 2: 80244348 won (6,510)
Seat 3: 85247037 folded before Flop
Seat 4: afaf2506 folded before Flop
Seat 5: cf8d7440 folded before Flop
Seat 6: Hero (button) folded before Flop
Seat 7: 2bc4a8cb (small blind) folded before Flop
Seat 8: 463811b7 (big blind) folded on the River


Poker Hand #TM5671599642: Tournament #267988699, Bounty Hunters Special $8.88 Hold'em No Limit - Level5(100/200(30)) - 2026/03/06 22:12:22
Table '14' 8-max Seat #5 is the button
Seat 1: 9e08c061 (10,977 in chips)
Seat 2: 80244348 (19,180 in chips)
Seat 3: 85247037 (11,534 in chips)
Seat 4: afaf2506 (35,474 in chips)
Seat 5: cf8d7440 (9,385 in chips)
Seat 6: Hero (2,404 in chips)
Seat 7: 2bc4a8cb (12,312 in chips)
Seat 8: 463811b7 (8,734 in chips)
cf8d7440: posts the ante 30
9e08c061: posts the ante 30
463811b7: posts the ante 30
Hero: posts the ante 30
85247037: posts the ante 30
afaf2506: posts the ante 30
80244348: posts the ante 30
2bc4a8cb: posts the ante 30
Hero: posts small blind 100
2bc4a8cb: posts big blind 200
*** HOLE CARDS ***
Dealt to 9e08c061 
Dealt to 80244348 
Dealt to 85247037 
Dealt to afaf2506 
Dealt to cf8d7440 
Dealt to Hero [Ad 5d]
Dealt to 2bc4a8cb 
Dealt to 463811b7 
463811b7: folds
9e08c061: folds
80244348: folds
85247037: folds
afaf2506: calls 200
cf8d7440: raises 940 to 1,140
Hero: raises 1,234 to 2,374 and is all-in
2bc4a8cb: folds
afaf2506: raises 33,070 to 35,444 and is all-in
cf8d7440: calls 8,215 and is all-in
Uncalled bet (26,089) returned to afaf2506
afaf2506: shows [As 8h]
cf8d7440: shows [Kd Ks]
Hero: shows [Ad 5d]
*** FLOP *** [6h 7d 4s]
*** TURN *** [6h 7d 4s] [3h]
*** RIVER *** [6h 7d 4s 3h] [6s]
*** SHOWDOWN ***
Hero collected 7,562 from pot
cf8d7440 collected 13,962 from pot
*** SUMMARY ***
Total pot 21,524 | Rake 0 | Jackpot 0 | Bingo 0 | Fortune 0 | Tax 0
Board [6h 7d 4s 3h 6s]
Seat 1: 9e08c061 folded before Flop
Seat 2: 80244348 folded before Flop
Seat 3: 85247037 folded before Flop
Seat 4: afaf2506 showed [As 8h] and lost with a pair of Sixes
Seat 5: cf8d7440 (button) showed [Kd Ks] and won (13,962) with two pair, Kings and Sixes
Seat 6: Hero (small blind) showed [Ad 5d] and won (7,562) with a straight, Seven to Three
Seat 7: 2bc4a8cb (big blind) folded before Flop
Seat 8: 463811b7 folded before Flop


Poker Hand #TM5671599615: Tournament #267988699, Bounty Hunters Special $8.88 Hold'em No Limit - Level5(100/200(30)) - 2026/03/06 22:11:23
Table '14' 8-max Seat #4 is the button
Seat 1: 9e08c061 (11,007 in chips)
Seat 2: 80244348 (9,150 in chips)
Seat 3: 85247037 (12,164 in chips)
Seat 4: afaf2506 (35,504 in chips)
Seat 5: cf8d7440 (9,515 in chips)
Seat 6: Hero (11,554 in chips)
Seat 7: 2bc4a8cb (12,342 in chips)
Seat 8: 463811b7 (8,764 in chips)
9e08c061: posts the ante 30
463811b7: posts the ante 30
cf8d7440: posts the ante 30
Hero: posts the ante 30
85247037: posts the ante 30
afaf2506: posts the ante 30
80244348: posts the ante 30
2bc4a8cb: posts the ante 30
cf8d7440: posts small blind 100
Hero: posts big blind 200
*** HOLE CARDS ***
Dealt to 9e08c061 
Dealt to 80244348 
Dealt to 85247037 
Dealt to afaf2506 
Dealt to cf8d7440 
Dealt to Hero [Qd Ac]
Dealt to 2bc4a8cb 
Dealt to 463811b7 
2bc4a8cb: folds
463811b7: folds
9e08c061: folds
80244348: raises 400 to 600
85247037: calls 600
afaf2506: folds
cf8d7440: folds
Hero: raises 10,924 to 11,524 and is all-in
80244348: calls 8,520 and is all-in
85247037: folds
Uncalled bet (2,404) returned to Hero
Hero: shows [Qd Ac]
80244348: shows [4h 4s]
*** FLOP *** [3c Ad 6d]
*** TURN *** [3c Ad 6d] [4c]
*** RIVER *** [3c Ad 6d 4c] [7d]
2bc4a8cb: shows [As 5h] (a straight, Seven to Three)
*** SHOWDOWN ***
80244348 collected 19,180 from pot
*** SUMMARY ***
Total pot 19,180 | Rake 0 | Jackpot 0 | Bingo 0 | Fortune 0 | Tax 0
Board [3c Ad 6d 4c 7d]
Seat 1: 9e08c061 folded before Flop
Seat 2: 80244348 showed [4h 4s] and won (19,180) with three of a kind, Fours
Seat 3: 85247037 folded before Flop
Seat 4: afaf2506 (button) folded before Flop
Seat 5: cf8d7440 (small blind) folded before Flop
Seat 6: Hero (big blind) showed [Qd Ac] and lost with a pair of Aces
Seat 7: 2bc4a8cb folded before Flop
Seat 8: 463811b7 folded before Flop


Poker Hand #TM5671599578: Tournament #267988699, Bounty Hunters Special $8.88 Hold'em No Limit - Level5(100/200(30)) - 2026/03/06 22:10:24
Table '14' 8-max Seat #3 is the button
Seat 1: 9e08c061 (11,037 in chips)
Seat 2: 80244348 (9,180 in chips)
Seat 3: 85247037 (12,194 in chips)
Seat 4: afaf2506 (35,634 in chips)
Seat 5: cf8d7440 (9,945 in chips)
Seat 6: Hero (11,584 in chips)
Seat 7: 2bc4a8cb (12,372 in chips)
Seat 8: 463811b7 (8,054 in chips)
9e08c061: posts the ante 30
463811b7: posts the ante 30
cf8d7440: posts the ante 30
Hero: posts the ante 30
85247037: posts the ante 30
afaf2506: posts the ante 30
80244348: posts the ante 30
2bc4a8cb: posts the ante 30
afaf2506: posts small blind 100
cf8d7440: posts big blind 200
*** HOLE CARDS ***
Dealt to 9e08c061 
Dealt to 80244348 
Dealt to 85247037 
Dealt to afaf2506 
Dealt to cf8d7440 
Dealt to Hero [8c 2s]
Dealt to 2bc4a8cb 
Dealt to 463811b7 
Hero: folds
2bc4a8cb: folds
463811b7: raises 200 to 400
9e08c061: folds
80244348: folds
85247037: folds
afaf2506: folds
cf8d7440: calls 200
*** FLOP *** [4h 4s Ks]
cf8d7440: checks
463811b7: bets 377
cf8d7440: folds
Uncalled bet (377) returned to 463811b7
*** SHOWDOWN ***
463811b7 collected 1,140 from pot
*** SUMMARY ***
Total pot 1,140 | Rake 0 | Jackpot 0 | Bingo 0 | Fortune 0 | Tax 0
Board [4h 4s Ks]
Seat 1: 9e08c061 folded before Flop
Seat 2: 80244348 folded before Flop
Seat 3: 85247037 (button) folded before Flop
Seat 4: afaf2506 (small blind) folded before Flop
Seat 5: cf8d7440 (big blind) folded on the Flop
Seat 6: Hero folded before Flop
Seat 7: 2bc4a8cb folded before Flop
Seat 8: 463811b7 won (1,140)


Poker Hand #TM5671599555: Tournament #267988699, Bounty Hunters Special $8.88 Hold'em No Limit - Level5(100/200(30)) - 2026/03/06 22:09:48
Table '14' 8-max Seat #2 is the button
Seat 1: 9e08c061 (11,067 in chips)
Seat 2: 80244348 (9,210 in chips)
Seat 3: 85247037 (12,324 in chips)
Seat 4: afaf2506 (35,324 in chips)
Seat 5: cf8d7440 (9,975 in chips)
Seat 6: Hero (11,614 in chips)
Seat 7: 2bc4a8cb (12,402 in chips)
Seat 8: 463811b7 (8,084 in chips)
9e08c061: posts the ante 30
463811b7: posts the ante 30
cf8d7440: posts the ante 30
Hero: posts the ante 30
85247037: posts the ante 30
afaf2506: posts the ante 30
80244348: posts the ante 30
2bc4a8cb: posts the ante 30
85247037: posts small blind 100
afaf2506: posts big blind 200
*** HOLE CARDS ***
Dealt to 9e08c061 
Dealt to 80244348 
Dealt to 85247037 
Dealt to afaf2506 
Dealt to cf8d7440 
Dealt to Hero [Ts 9d]
Dealt to 2bc4a8cb 
Dealt to 463811b7 
cf8d7440: folds
Hero: folds
2bc4a8cb: folds
463811b7: folds
9e08c061: folds
80244348: folds
85247037: folds
Uncalled bet (100) returned to afaf2506
*** SHOWDOWN ***
afaf2506 collected 440 from pot
*** SUMMARY ***
Total pot 440 | Rake 0 | Jackpot 0 | Bingo 0 | Fortune 0 | Tax 0
Seat 1: 9e08c061 folded before Flop
Seat 2: 80244348 (button) folded before Flop
Seat 3: 85247037 (small blind) folded before Flop
Seat 4: afaf2506 (big blind) collected (440)
Seat 5: cf8d7440 folded before Flop
Seat 6: Hero folded before Flop
Seat 7: 2bc4a8cb folded before Flop
Seat 8: 463811b7 folded before Flop


Poker Hand #TM5671599523: Tournament #267988699, Bounty Hunters Special $8.88 Hold'em No Limit - Level4(80/160(25)) - 2026/03/06 22:08:54
Table '14' 8-max Seat #1 is the button
Seat 1: 9e08c061 (11,092 in chips)
Seat 2: 80244348 (9,555 in chips)
Seat 3: 85247037 (11,509 in chips)
Seat 4: afaf2506 (35,669 in chips)
Seat 5: cf8d7440 (10,000 in chips)
Seat 6: Hero (11,639 in chips)
Seat 7: 2bc4a8cb (12,427 in chips)
Seat 8: 463811b7 (8,109 in chips)
9e08c061: posts the ante 25
463811b7: posts the ante 25
cf8d7440: posts the ante 25
Hero: posts the ante 25
85247037: posts the ante 25
afaf2506: posts the ante 25
2bc4a8cb: posts the ante 25
80244348: posts the ante 25
80244348: posts small blind 80
85247037: posts big blind 160
*** HOLE CARDS ***
Dealt to 9e08c061 
Dealt to 80244348 
Dealt to 85247037 
Dealt to afaf2506 
Dealt to cf8d7440 
Dealt to Hero [Jh 8s]
Dealt to 2bc4a8cb 
Dealt to 463811b7 
afaf2506: raises 160 to 320
cf8d7440: folds
Hero: folds
2bc4a8cb: folds
463811b7: folds
9e08c061: folds
80244348: calls 240
85247037: raises 1,350 to 1,670
afaf2506: folds
80244348: folds
Uncalled bet (1,350) returned to 85247037
*** SHOWDOWN ***
85247037 collected 1,160 from pot
*** SUMMARY ***
Total pot 1,160 | Rake 0 | Jackpot 0 | Bingo 0 | Fortune 0 | Tax 0
Seat 1: 9e08c061 (button) folded before Flop
Seat 2: 80244348 (small blind) folded before Flop
Seat 3: 85247037 (big blind) collected (1,160)
Seat 4: afaf2506 folded before Flop
Seat 5: cf8d7440 folded before Flop
Seat 6: Hero folded before Flop
Seat 7: 2bc4a8cb folded before Flop
Seat 8: 463811b7 folded before Flop


Poker Hand #TM5671599458: Tournament #267988699, Bounty Hunters Special $8.88 Hold'em No Limit - Level4(80/160(25)) - 2026/03/06 22:07:06
Table '14' 8-max Seat #8 is the button
Seat 1: 9e08c061 (11,197 in chips)
Seat 2: 80244348 (9,900 in chips)
Seat 3: 85247037 (11,534 in chips)
Seat 4: afaf2506 (28,128 in chips)
Seat 5: abcaf87b (6,991 in chips)
Seat 6: Hero (11,664 in chips)
Seat 7: 2bc4a8cb (12,452 in chips)
Seat 8: 463811b7 (8,134 in chips)
463811b7: posts the ante 25
9e08c061: posts the ante 25
Hero: posts the ante 25
abcaf87b: posts the ante 25
85247037: posts the ante 25
afaf2506: posts the ante 25
2bc4a8cb: posts the ante 25
80244348: posts the ante 25
9e08c061: posts small blind 80
80244348: posts big blind 160
*** HOLE CARDS ***
Dealt to 9e08c061 
Dealt to 80244348 
Dealt to 85247037 
Dealt to afaf2506 
Dealt to abcaf87b 
Dealt to Hero [6c 9h]
Dealt to 2bc4a8cb 
Dealt to 463811b7 
85247037: folds
afaf2506: raises 160 to 320
abcaf87b: calls 320
Hero: folds
2bc4a8cb: folds
463811b7: folds
9e08c061: folds
80244348: calls 160
*** FLOP *** [6s 7d 9s]
80244348: checks
afaf2506: bets 410
abcaf87b: raises 984 to 1,394
80244348: folds
afaf2506: calls 984
*** TURN *** [6s 7d 9s] [5d]
afaf2506: checks
abcaf87b: bets 5,252 and is all-in
afaf2506: calls 5,252
abcaf87b: shows [Ad 9d] (a pair of Nines)
afaf2506: shows [As 4s] (Ace high)
*** RIVER *** [6s 7d 9s 5d] [Js]
*** SHOWDOWN ***
afaf2506 collected 14,532 from pot
*** SUMMARY ***
Total pot 14,532 | Rake 0 | Jackpot 0 | Bingo 0 | Fortune 0 | Tax 0
Board [6s 7d 9s 5d Js]
Seat 1: 9e08c061 (small blind) folded before Flop
Seat 2: 80244348 (big blind) folded on the Flop
Seat 3: 85247037 folded before Flop
Seat 4: afaf2506 showed [As 4s] and won (14,532) with a flush Ace high
Seat 5: abcaf87b showed [Ad 9d] and lost with a pair of Nines
Seat 6: Hero folded before Flop
Seat 7: 2bc4a8cb folded before Flop
Seat 8: 463811b7 (button) folded before Flop


Poker Hand #TM5671599438: Tournament #267988699, Bounty Hunters Special $8.88 Hold'em No Limit - Level4(80/160(25)) - 2026/03/06 22:06:29
Table '14' 8-max Seat #7 is the button
Seat 1: 9e08c061 (11,382 in chips)
Seat 2: 80244348 (9,925 in chips)
Seat 3: 85247037 (11,559 in chips)
Seat 4: afaf2506 (28,153 in chips)
Seat 5: abcaf87b (7,016 in chips)
Seat 6: Hero (11,689 in chips)
Seat 7: 2bc4a8cb (12,477 in chips)
Seat 8: 463811b7 (7,799 in chips)
9e08c061: posts the ante 25
463811b7: posts the ante 25
Hero: posts the ante 25
abcaf87b: posts the ante 25
85247037: posts the ante 25
afaf2506: posts the ante 25
2bc4a8cb: posts the ante 25
80244348: posts the ante 25
463811b7: posts small blind 80
9e08c061: posts big blind 160
*** HOLE CARDS ***
Dealt to 9e08c061 
Dealt to 80244348 
Dealt to 85247037 
Dealt to afaf2506 
Dealt to abcaf87b 
Dealt to Hero [7s 4s]
Dealt to 2bc4a8cb 
Dealt to 463811b7 
80244348: folds
85247037: folds
afaf2506: folds
abcaf87b: folds
Hero: folds
2bc4a8cb: folds
463811b7: raises 400 to 560
9e08c061: folds
Uncalled bet (400) returned to 463811b7
*** SHOWDOWN ***
463811b7 collected 520 from pot
*** SUMMARY ***
Total pot 520 | Rake 0 | Jackpot 0 | Bingo 0 | Fortune 0 | Tax 0
Seat 1: 9e08c061 (big blind) folded before Flop
Seat 2: 80244348 folded before Flop
Seat 3: 85247037 folded before Flop
Seat 4: afaf2506 folded before Flop
Seat 5: abcaf87b folded before Flop
Seat 6: Hero folded before Flop
Seat 7: 2bc4a8cb (button) folded before Flop
Seat 8: 463811b7 (small blind) collected (520)


Poker Hand #TM5671599397: Tournament #267988699, Bounty Hunters Special $8.88 Hold'em No Limit - Level4(80/160(25)) - 2026/03/06 22:05:13
Table '14' 8-max Seat #6 is the button
Seat 1: 9e08c061 (11,727 in chips)
Seat 2: 80244348 (9,950 in chips)
Seat 3: 85247037 (12,844 in chips)
Seat 4: afaf2506 (25,998 in chips)
Seat 5: abcaf87b (7,041 in chips)
Seat 6: Hero (11,714 in chips)
Seat 7: 2bc4a8cb (12,582 in chips)
Seat 8: 463811b7 (8,144 in chips)
9e08c061: posts the ante 25
463811b7: posts the ante 25
Hero: posts the ante 25
abcaf87b: posts the ante 25
85247037: posts the ante 25
afaf2506: posts the ante 25
80244348: posts the ante 25
2bc4a8cb: posts the ante 25
2bc4a8cb: posts small blind 80
463811b7: posts big blind 160
*** HOLE CARDS ***
Dealt to 9e08c061 
Dealt to 80244348 
Dealt to 85247037 
Dealt to afaf2506 
Dealt to abcaf87b 
Dealt to Hero [4s 2d]
Dealt to 2bc4a8cb 
Dealt to 463811b7 
9e08c061: raises 160 to 320
80244348: folds
85247037: calls 320
afaf2506: calls 320
abcaf87b: folds
Hero: folds
2bc4a8cb: folds
463811b7: calls 160
*** FLOP *** [Ts 7d 9s]
463811b7: checks
9e08c061: checks
85247037: bets 940
afaf2506: raises 1,720 to 2,660
463811b7: folds
9e08c061: folds
85247037: folds
Uncalled bet (1,720) returned to afaf2506
*** SHOWDOWN ***
afaf2506 collected 3,440 from pot
*** SUMMARY ***
Total pot 3,440 | Rake 0 | Jackpot 0 | Bingo 0 | Fortune 0 | Tax 0
Board [Ts 7d 9s]
Seat 1: 9e08c061 folded on the Flop
Seat 2: 80244348 folded before Flop
Seat 3: 85247037 folded on the Flop
Seat 4: afaf2506 won (3,440)
Seat 5: abcaf87b folded before Flop
Seat 6: Hero (button) folded before Flop
Seat 7: 2bc4a8cb (small blind) folded before Flop
Seat 8: 463811b7 (big blind) folded on the Flop


Poker Hand #TM5671599308: Tournament #267988699, Bounty Hunters Special $8.88 Hold'em No Limit - Level4(80/160(25)) - 2026/03/06 22:02:22
Table '14' 8-max Seat #5 is the button
Seat 1: 9e08c061 (12,392 in chips)
Seat 2: 80244348 (9,975 in chips)
Seat 3: 85247037 (12,869 in chips)
Seat 4: afaf2506 (26,023 in chips)
Seat 5: abcaf87b (7,066 in chips)
Seat 6: Hero (11,819 in chips)
Seat 7: 2bc4a8cb (11,687 in chips)
Seat 8: 463811b7 (8,169 in chips)
9e08c061: posts the ante 25
463811b7: posts the ante 25
abcaf87b: posts the ante 25
Hero: posts the ante 25
85247037: posts the ante 25
afaf2506: posts the ante 25
80244348: posts the ante 25
2bc4a8cb: posts the ante 25
Hero: posts small blind 80
2bc4a8cb: posts big blind 160
*** HOLE CARDS ***
Dealt to 9e08c061 
Dealt to 80244348 
Dealt to 85247037 
Dealt to afaf2506 
Dealt to abcaf87b 
Dealt to Hero [6d 7s]
Dealt to 2bc4a8cb 
Dealt to 463811b7 
463811b7: folds
9e08c061: raises 160 to 320
80244348: folds
85247037: folds
afaf2506: folds
abcaf87b: folds
Hero: folds
2bc4a8cb: calls 160
*** FLOP *** [Qs As 8h]
2bc4a8cb: checks
9e08c061: bets 320
2bc4a8cb: calls 320
*** TURN *** [Qs As 8h] [8s]
2bc4a8cb: checks
9e08c061: checks
*** RIVER *** [Qs As 8h 8s] [Jd]
2bc4a8cb: bets 515
9e08c061: folds
Uncalled bet (515) returned to 2bc4a8cb
*** SHOWDOWN ***
2bc4a8cb collected 1,560 from pot
*** SUMMARY ***
Total pot 1,560 | Rake 0 | Jackpot 0 | Bingo 0 | Fortune 0 | Tax 0
Board [Qs As 8h 8s Jd]
Seat 1: 9e08c061 folded on the River
Seat 2: 80244348 folded before Flop
Seat 3: 85247037 folded before Flop
Seat 4: afaf2506 folded before Flop
Seat 5: abcaf87b (button) folded before Flop
Seat 6: Hero (small blind) folded before Flop
Seat 7: 2bc4a8cb (big blind) won (1,560)
Seat 8: 463811b7 folded before Flop


Poker Hand #TM5671599250: Tournament #267988699, Bounty Hunters Special $8.88 Hold'em No Limit - Level4(80/160(25)) - 2026/03/06 21:54:02
Table '14' 8-max Seat #4 is the button
Seat 1: 9e08c061 (12,737 in chips)
Seat 2: 80244348 (10,000 in chips)
Seat 3: 85247037 (12,894 in chips)
Seat 4: afaf2506 (24,808 in chips)
Seat 5: abcaf87b (7,171 in chips)
Seat 6: Hero (12,164 in chips)
Seat 7: 2bc4a8cb (11,712 in chips)
Seat 8: 463811b7 (8,514 in chips)
9e08c061: posts the ante 25
463811b7: posts the ante 25
Hero: posts the ante 25
abcaf87b: posts the ante 25
85247037: posts the ante 25
afaf2506: posts the ante 25
80244348: posts the ante 25
2bc4a8cb: posts the ante 25
abcaf87b: posts small blind 80
Hero: posts big blind 160
*** HOLE CARDS ***
Dealt to 9e08c061 
Dealt to 80244348 
Dealt to 85247037 
Dealt to afaf2506 
Dealt to abcaf87b 
Dealt to Hero [Ad 3d]
Dealt to 2bc4a8cb 
Dealt to 463811b7 
2bc4a8cb: folds
463811b7: raises 160 to 320
9e08c061: calls 320
80244348: folds
85247037: folds
afaf2506: calls 320
abcaf87b: folds
Hero: calls 160
*** FLOP *** [5s 6s 9s]
Hero: checks
463811b7: checks
9e08c061: checks
afaf2506: bets 160
Hero: folds
463811b7: folds
9e08c061: folds
Uncalled bet (160) returned to afaf2506
*** SHOWDOWN ***
afaf2506 collected 1,560 from pot
*** SUMMARY ***
Total pot 1,560 | Rake 0 | Jackpot 0 | Bingo 0 | Fortune 0 | Tax 0
Board [5s 6s 9s]
Seat 1: 9e08c061 folded on the Flop
Seat 2: 80244348 folded before Flop
Seat 3: 85247037 folded before Flop
Seat 4: afaf2506 (button) won (1,560)
Seat 5: abcaf87b (small blind) folded before Flop
Seat 6: Hero (big blind) folded on the Flop
Seat 7: 2bc4a8cb folded before Flop
Seat 8: 463811b7 folded on the Flop


Poker Hand #TM5671599219: Tournament #267988699, Bounty Hunters Special $8.88 Hold'em No Limit - Level3(70/140(20)) - 2026/03/06 21:53:09
Table '14' 8-max Seat #3 is the button
Seat 1: 9e08c061 (12,757 in chips)
Seat 3: 85247037 (12,914 in chips)
Seat 4: afaf2506 (24,898 in chips)
Seat 5: abcaf87b (7,471 in chips)
Seat 6: Hero (11,694 in chips)
Seat 7: 2bc4a8cb (11,732 in chips)
Seat 8: 463811b7 (8,534 in chips)
9e08c061: posts the ante 20
463811b7: posts the ante 20
Hero: posts the ante 20
abcaf87b: posts the ante 20
85247037: posts the ante 20
afaf2506: posts the ante 20
2bc4a8cb: posts the ante 20
afaf2506: posts small blind 70
abcaf87b: posts big blind 140
*** HOLE CARDS ***
Dealt to 9e08c061 
Dealt to 85247037 
Dealt to afaf2506 
Dealt to abcaf87b 
Dealt to Hero [3c Qc]
Dealt to 2bc4a8cb 
Dealt to 463811b7 
Hero: raises 140 to 280
2bc4a8cb: folds
463811b7: folds
9e08c061: folds
85247037: folds
afaf2506: folds
abcaf87b: calls 140
*** FLOP *** [6s Ks 4c]
abcaf87b: checks
Hero: bets 255
abcaf87b: folds
Uncalled bet (255) returned to Hero
*** SHOWDOWN ***
Hero collected 770 from pot
*** SUMMARY ***
Total pot 770 | Rake 0 | Jackpot 0 | Bingo 0 | Fortune 0 | Tax 0
Board [6s Ks 4c]
Seat 1: 9e08c061 folded before Flop
Seat 3: 85247037 (button) folded before Flop
Seat 4: afaf2506 (small blind) folded before Flop
Seat 5: abcaf87b (big blind) folded on the Flop
Seat 6: Hero won (770)
Seat 7: 2bc4a8cb folded before Flop
Seat 8: 463811b7 folded before Flop


Poker Hand #TM5671599189: Tournament #267988699, Bounty Hunters Special $8.88 Hold'em No Limit - Level3(70/140(20)) - 2026/03/06 21:52:16
Table '14' 8-max Seat #2 is the button
Seat 1: 9e08c061 (12,777 in chips)
Seat 2: 11426f29 (3,087 in chips)
Seat 3: 85247037 (9,567 in chips)
Seat 4: afaf2506 (25,058 in chips)
Seat 5: abcaf87b (7,491 in chips)
Seat 6: Hero (11,714 in chips)
Seat 7: 2bc4a8cb (11,752 in chips)
Seat 8: 463811b7 (8,554 in chips)
9e08c061: posts the ante 20
463811b7: posts the ante 20
Hero: posts the ante 20
abcaf87b: posts the ante 20
85247037: posts the ante 20
11426f29: posts the ante 20
afaf2506: posts the ante 20
2bc4a8cb: posts the ante 20
85247037: posts small blind 70
afaf2506: posts big blind 140
*** HOLE CARDS ***
Dealt to 9e08c061 
Dealt to 11426f29 
Dealt to 85247037 
Dealt to afaf2506 
Dealt to abcaf87b 
Dealt to Hero [6s Qc]
Dealt to 2bc4a8cb 
Dealt to 463811b7 
abcaf87b: folds
Hero: folds
2bc4a8cb: folds
463811b7: folds
9e08c061: folds
11426f29: raises 2,927 to 3,067 and is all-in
85247037: raises 6,480 to 9,547 and is all-in
afaf2506: folds
Uncalled bet (6,480) returned to 85247037
85247037: shows [Ac 4c]
11426f29: shows [Ah 7c]
*** FLOP *** [4d 4s 3s]
*** TURN *** [4d 4s 3s] [5d]
*** RIVER *** [4d 4s 3s 5d] [7d]
afaf2506: shows [As 9h] (a pair of Fours)
*** SHOWDOWN ***
85247037 collected 6,434 from pot
*** SUMMARY ***
Total pot 6,434 | Rake 0 | Jackpot 0 | Bingo 0 | Fortune 0 | Tax 0
Board [4d 4s 3s 5d 7d]
Seat 1: 9e08c061 folded before Flop
Seat 2: 11426f29 (button) showed [Ah 7c] and lost with two pair, Sevens and Fours
Seat 3: 85247037 (small blind) showed [Ac 4c] and won (6,434) with three of a kind, Fours
Seat 4: afaf2506 (big blind) folded before Flop
Seat 5: abcaf87b folded before Flop
Seat 6: Hero folded before Flop
Seat 7: 2bc4a8cb folded before Flop
Seat 8: 463811b7 folded before Flop


Poker Hand #TM5671599155: Tournament #267988699, Bounty Hunters Special $8.88 Hold'em No Limit - Level3(70/140(20)) - 2026/03/06 21:51:07
Table '14' 8-max Seat #1 is the button
Seat 1: 9e08c061 (12,797 in chips)
Seat 2: 11426f29 (3,177 in chips)
Seat 3: 85247037 (9,867 in chips)
Seat 4: afaf2506 (25,078 in chips)
Seat 5: abcaf87b (7,511 in chips)
Seat 6: Hero (11,734 in chips)
Seat 7: 2bc4a8cb (11,262 in chips)
Seat 8: 463811b7 (8,574 in chips)
9e08c061: posts the ante 20
463811b7: posts the ante 20
Hero: posts the ante 20
abcaf87b: posts the ante 20
85247037: posts the ante 20
11426f29: posts the ante 20
afaf2506: posts the ante 20
2bc4a8cb: posts the ante 20
11426f29: posts small blind 70
85247037: posts big blind 140
*** HOLE CARDS ***
Dealt to 9e08c061 
Dealt to 11426f29 
Dealt to 85247037 
Dealt to afaf2506 
Dealt to abcaf87b 
Dealt to Hero [Js 8d]
Dealt to 2bc4a8cb 
Dealt to 463811b7 
afaf2506: folds
abcaf87b: folds
Hero: folds
2bc4a8cb: raises 140 to 280
463811b7: folds
9e08c061: folds
11426f29: folds
85247037: calls 140
*** FLOP *** [Td 9h Ah]
85247037: checks
2bc4a8cb: bets 261
85247037: folds
Uncalled bet (261) returned to 2bc4a8cb
*** SHOWDOWN ***
2bc4a8cb collected 790 from pot
*** SUMMARY ***
Total pot 790 | Rake 0 | Jackpot 0 | Bingo 0 | Fortune 0 | Tax 0
Board [Td 9h Ah]
Seat 1: 9e08c061 (button) folded before Flop
Seat 2: 11426f29 (small blind) folded before Flop
Seat 3: 85247037 (big blind) folded on the Flop
Seat 4: afaf2506 folded before Flop
Seat 5: abcaf87b folded before Flop
Seat 6: Hero folded before Flop
Seat 7: 2bc4a8cb won (790)
Seat 8: 463811b7 folded before Flop


Poker Hand #TM5671599136: Tournament #267988699, Bounty Hunters Special $8.88 Hold'em No Limit - Level3(70/140(20)) - 2026/03/06 21:50:34
Table '14' 8-max Seat #8 is the button
Seat 1: 9e08c061 (12,887 in chips)
Seat 2: 11426f29 (3,337 in chips)
Seat 3: 85247037 (9,887 in chips)
Seat 4: afaf2506 (25,098 in chips)
Seat 5: abcaf87b (7,161 in chips)
Seat 6: Hero (11,754 in chips)
Seat 7: 2bc4a8cb (11,282 in chips)
Seat 8: 463811b7 (8,594 in chips)
463811b7: posts the ante 20
9e08c061: posts the ante 20
Hero: posts the ante 20
abcaf87b: posts the ante 20
85247037: posts the ante 20
11426f29: posts the ante 20
afaf2506: posts the ante 20
2bc4a8cb: posts the ante 20
9e08c061: posts small blind 70
11426f29: posts big blind 140
*** HOLE CARDS ***
Dealt to 9e08c061 
Dealt to 11426f29 
Dealt to 85247037 
Dealt to afaf2506 
Dealt to abcaf87b 
Dealt to Hero [Kc 4d]
Dealt to 2bc4a8cb 
Dealt to 463811b7 
85247037: folds
afaf2506: folds
abcaf87b: raises 168 to 308
Hero: folds
2bc4a8cb: folds
463811b7: folds
9e08c061: folds
11426f29: folds
Uncalled bet (168) returned to abcaf87b
*** SHOWDOWN ***
abcaf87b collected 510 from pot
*** SUMMARY ***
Total pot 510 | Rake 0 | Jackpot 0 | Bingo 0 | Fortune 0 | Tax 0
Seat 1: 9e08c061 (small blind) folded before Flop
Seat 2: 11426f29 (big blind) folded before Flop
Seat 3: 85247037 folded before Flop
Seat 4: afaf2506 folded before Flop
Seat 5: abcaf87b collected (510)
Seat 6: Hero folded before Flop
Seat 7: 2bc4a8cb folded before Flop
Seat 8: 463811b7 (button) folded before Flop


Poker Hand #TM5671599120: Tournament #267988699, Bounty Hunters Special $8.88 Hold'em No Limit - Level3(70/140(20)) - 2026/03/06 21:50:07
Table '14' 8-max Seat #7 is the button
Seat 1: 9e08c061 (12,677 in chips)
Seat 2: 11426f29 (3,357 in chips)
Seat 3: 85247037 (9,907 in chips)
Seat 4: afaf2506 (25,118 in chips)
Seat 5: abcaf87b (7,181 in chips)
Seat 6: Hero (11,774 in chips)
Seat 7: 2bc4a8cb (11,302 in chips)
Seat 8: 463811b7 (8,684 in chips)
9e08c061: posts the ante 20
463811b7: posts the ante 20
Hero: posts the ante 20
abcaf87b: posts the ante 20
85247037: posts the ante 20
11426f29: posts the ante 20
afaf2506: posts the ante 20
2bc4a8cb: posts the ante 20
463811b7: posts small blind 70
9e08c061: posts big blind 140
*** HOLE CARDS ***
Dealt to 9e08c061 
Dealt to 11426f29 
Dealt to 85247037 
Dealt to afaf2506 
Dealt to abcaf87b 
Dealt to Hero [Td 9s]
Dealt to 2bc4a8cb 
Dealt to 463811b7 
11426f29: folds
85247037: folds
afaf2506: folds
abcaf87b: folds
Hero: folds
2bc4a8cb: folds
463811b7: folds
Uncalled bet (70) returned to 9e08c061
*** SHOWDOWN ***
9e08c061 collected 300 from pot
*** SUMMARY ***
Total pot 300 | Rake 0 | Jackpot 0 | Bingo 0 | Fortune 0 | Tax 0
Seat 1: 9e08c061 (big blind) collected (300)
Seat 2: 11426f29 folded before Flop
Seat 3: 85247037 folded before Flop
Seat 4: afaf2506 folded before Flop
Seat 5: abcaf87b folded before Flop
Seat 6: Hero folded before Flop
Seat 7: 2bc4a8cb (button) folded before Flop
Seat 8: 463811b7 (small blind) folded before Flop


Poker Hand #TM5671599102: Tournament #267988699, Bounty Hunters Special $8.88 Hold'em No Limit - Level3(70/140(20)) - 2026/03/06 21:49:28
Table '14' 8-max Seat #6 is the button
Seat 1: 9e08c061 (12,697 in chips)
Seat 2: 11426f29 (3,377 in chips)
Seat 3: 85247037 (9,927 in chips)
Seat 4: afaf2506 (25,138 in chips)
Seat 5: abcaf87b (7,481 in chips)
Seat 6: Hero (12,074 in chips)
Seat 7: 2bc4a8cb (10,462 in chips)
Seat 8: 463811b7 (8,844 in chips)
9e08c061: posts the ante 20
463811b7: posts the ante 20
Hero: posts the ante 20
abcaf87b: posts the ante 20
85247037: posts the ante 20
11426f29: posts the ante 20
afaf2506: posts the ante 20
2bc4a8cb: posts the ante 20
2bc4a8cb: posts small blind 70
463811b7: posts big blind 140
*** HOLE CARDS ***
Dealt to 9e08c061 
Dealt to 11426f29 
Dealt to 85247037 
Dealt to afaf2506 
Dealt to abcaf87b 
Dealt to Hero [9c 3c]
Dealt to 2bc4a8cb 
Dealt to 463811b7 
9e08c061: folds
11426f29: folds
85247037: folds
afaf2506: folds
abcaf87b: raises 140 to 280
Hero: calls 280
2bc4a8cb: raises 1,140 to 1,420
463811b7: folds
abcaf87b: folds
Hero: folds
Uncalled bet (1,140) returned to 2bc4a8cb
*** SHOWDOWN ***
2bc4a8cb collected 1,140 from pot
*** SUMMARY ***
Total pot 1,140 | Rake 0 | Jackpot 0 | Bingo 0 | Fortune 0 | Tax 0
Seat 1: 9e08c061 folded before Flop
Seat 2: 11426f29 folded before Flop
Seat 3: 85247037 folded before Flop
Seat 4: afaf2506 folded before Flop
Seat 5: abcaf87b folded before Flop
Seat 6: Hero (button) folded before Flop
Seat 7: 2bc4a8cb (small blind) collected (1,140)
Seat 8: 463811b7 (big blind) folded before Flop


Poker Hand #TM5670689041: Tournament #267988699, Bounty Hunters Special $8.88 Hold'em No Limit - Level3(70/140(20)) - 2026/03/06 21:47:38
Table '14' 8-max Seat #5 is the button
Seat 1: 9e08c061 (9,442 in chips)
Seat 2: 11426f29 (3,397 in chips)
Seat 3: 85247037 (9,947 in chips)
Seat 4: afaf2506 (25,158 in chips)
Seat 5: abcaf87b (7,501 in chips)
Seat 6: Hero (12,164 in chips)
Seat 7: 2bc4a8cb (13,527 in chips)
Seat 8: 463811b7 (8,864 in chips)
9e08c061: posts the ante 20
463811b7: posts the ante 20
abcaf87b: posts the ante 20
Hero: posts the ante 20
85247037: posts the ante 20
11426f29: posts the ante 20
afaf2506: posts the ante 20
2bc4a8cb: posts the ante 20
Hero: posts small blind 70
2bc4a8cb: posts big blind 140
*** HOLE CARDS ***
Dealt to 9e08c061 
Dealt to 11426f29 
Dealt to 85247037 
Dealt to afaf2506 
Dealt to abcaf87b 
Dealt to Hero [9c 2s]
Dealt to 2bc4a8cb 
Dealt to 463811b7 
463811b7: folds
9e08c061: raises 140 to 280
11426f29: folds
85247037: folds
afaf2506: folds
abcaf87b: folds
Hero: folds
2bc4a8cb: calls 140
*** FLOP *** [2c Ks Th]
2bc4a8cb: checks
9e08c061: bets 395
2bc4a8cb: calls 395
*** TURN *** [2c Ks Th] [2d]
2bc4a8cb: checks
9e08c061: bets 790
2bc4a8cb: raises 1,580 to 2,370
9e08c061: raises 6,377 to 8,747 and is all-in
2bc4a8cb: folds
Uncalled bet (6,377) returned to 9e08c061
*** SHOWDOWN ***
9e08c061 collected 6,320 from pot
*** SUMMARY ***
Total pot 6,320 | Rake 0 | Jackpot 0 | Bingo 0 | Fortune 0 | Tax 0
Board [2c Ks Th 2d]
Seat 1: 9e08c061 won (6,320)
Seat 2: 11426f29 folded before Flop
Seat 3: 85247037 folded before Flop
Seat 4: afaf2506 folded before Flop
Seat 5: abcaf87b (button) folded before Flop
Seat 6: Hero (small blind) folded before Flop
Seat 7: 2bc4a8cb (big blind) folded on the Turn
Seat 8: 463811b7 folded before Flop


Poker Hand #TM5670689009: Tournament #267988699, Bounty Hunters Special $8.88 Hold'em No Limit - Level3(70/140(20)) - 2026/03/06 21:46:43
Table '14' 8-max Seat #4 is the button
Seat 1: 9e08c061 (8,952 in chips)
Seat 2: 11426f29 (3,417 in chips)
Seat 3: 85247037 (9,967 in chips)
Seat 4: afaf2506 (25,178 in chips)
Seat 5: abcaf87b (7,591 in chips)
Seat 6: Hero (12,464 in chips)
Seat 7: 2bc4a8cb (13,547 in chips)
Seat 8: 463811b7 (8,884 in chips)
9e08c061: posts the ante 20
463811b7: posts the ante 20
Hero: posts the ante 20
abcaf87b: posts the ante 20
85247037: posts the ante 20
11426f29: posts the ante 20
afaf2506: posts the ante 20
2bc4a8cb: posts the ante 20
abcaf87b: posts small blind 70
Hero: posts big blind 140
*** HOLE CARDS ***
Dealt to 9e08c061 
Dealt to 11426f29 
Dealt to 85247037 
Dealt to afaf2506 
Dealt to abcaf87b 
Dealt to Hero [Ts Jh]
Dealt to 2bc4a8cb 
Dealt to 463811b7 
2bc4a8cb: folds
463811b7: folds
9e08c061: raises 140 to 280
11426f29: folds
85247037: folds
afaf2506: folds
abcaf87b: folds
Hero: calls 140
*** FLOP *** [4h Qc 2h]
Hero: checks
9e08c061: bets 280
Hero: folds
Uncalled bet (280) returned to 9e08c061
*** SHOWDOWN ***
9e08c061 collected 790 from pot
*** SUMMARY ***
Total pot 790 | Rake 0 | Jackpot 0 | Bingo 0 | Fortune 0 | Tax 0
Board [4h Qc 2h]
Seat 1: 9e08c061 won (790)
Seat 2: 11426f29 folded before Flop
Seat 3: 85247037 folded before Flop
Seat 4: afaf2506 (button) folded before Flop
Seat 5: abcaf87b (small blind) folded before Flop
Seat 6: Hero (big blind) folded on the Flop
Seat 7: 2bc4a8cb folded before Flop
Seat 8: 463811b7 folded before Flop


Poker Hand #TM5670688993: Tournament #267988699, Bounty Hunters Special $8.88 Hold'em No Limit - Level3(70/140(20)) - 2026/03/06 21:46:13
Table '14' 8-max Seat #3 is the button
Seat 1: 9e08c061 (8,972 in chips)
Seat 2: 11426f29 (3,437 in chips)
Seat 3: 85247037 (9,987 in chips)
Seat 4: afaf2506 (25,268 in chips)
Seat 5: abcaf87b (7,751 in chips)
Seat 6: Hero (12,114 in chips)
Seat 7: 2bc4a8cb (13,567 in chips)
Seat 8: 463811b7 (8,904 in chips)
9e08c061: posts the ante 20
463811b7: posts the ante 20
Hero: posts the ante 20
abcaf87b: posts the ante 20
85247037: posts the ante 20
11426f29: posts the ante 20
afaf2506: posts the ante 20
2bc4a8cb: posts the ante 20
afaf2506: posts small blind 70
abcaf87b: posts big blind 140
*** HOLE CARDS ***
Dealt to 9e08c061 
Dealt to 11426f29 
Dealt to 85247037 
Dealt to afaf2506 
Dealt to abcaf87b 
Dealt to Hero [Ah Ks]
Dealt to 2bc4a8cb 
Dealt to 463811b7 
Hero: raises 140 to 280
2bc4a8cb: folds
463811b7: folds
9e08c061: folds
11426f29: folds
85247037: folds
afaf2506: folds
abcaf87b: folds
Uncalled bet (140) returned to Hero
*** SHOWDOWN ***
Hero collected 510 from pot
*** SUMMARY ***
Total pot 510 | Rake 0 | Jackpot 0 | Bingo 0 | Fortune 0 | Tax 0
Seat 1: 9e08c061 folded before Flop
Seat 2: 11426f29 folded before Flop
Seat 3: 85247037 (button) folded before Flop
Seat 4: afaf2506 (small blind) folded before Flop
Seat 5: abcaf87b (big blind) folded before Flop
Seat 6: Hero collected (510)
Seat 7: 2bc4a8cb folded before Flop
Seat 8: 463811b7 folded before Flop


Poker Hand #TM5670688962: Tournament #267988699, Bounty Hunters Special $8.88 Hold'em No Limit - Level2(60/120(18)) - 2026/03/06 21:45:21
Table '14' 8-max Seat #2 is the button
Seat 1: 9e08c061 (8,990 in chips)
Seat 2: 11426f29 (3,455 in chips)
Seat 3: 85247037 (10,065 in chips)
Seat 4: afaf2506 (25,406 in chips)
Seat 5: abcaf87b (6,899 in chips)
Seat 6: Hero (12,132 in chips)
Seat 7: 2bc4a8cb (14,131 in chips)
Seat 8: 463811b7 (8,922 in chips)
9e08c061: posts the ante 18
463811b7: posts the ante 18
Hero: posts the ante 18
abcaf87b: posts the ante 18
85247037: posts the ante 18
11426f29: posts the ante 18
afaf2506: posts the ante 18
2bc4a8cb: posts the ante 18
85247037: posts small blind 60
afaf2506: posts big blind 120
*** HOLE CARDS ***
Dealt to 9e08c061 
Dealt to 11426f29 
Dealt to 85247037 
Dealt to afaf2506 
Dealt to abcaf87b 
Dealt to Hero [5d 9c]
Dealt to 2bc4a8cb 
Dealt to 463811b7 
abcaf87b: raises 144 to 264
Hero: folds
2bc4a8cb: calls 264
463811b7: folds
9e08c061: folds
11426f29: folds
85247037: folds
afaf2506: folds
*** FLOP *** [6s Tc 9h]
abcaf87b: checks
2bc4a8cb: bets 282
abcaf87b: calls 282
*** TURN *** [6s Tc 9h] [Jc]
abcaf87b: checks
2bc4a8cb: checks
*** RIVER *** [6s Tc 9h Jc] [Js]
abcaf87b: checks
2bc4a8cb: checks
abcaf87b: shows [Td Ad] (two pair, Jacks and Tens)
2bc4a8cb: shows [Ks 8s] (a pair of Jacks)
*** SHOWDOWN ***
abcaf87b collected 1,416 from pot
*** SUMMARY ***
Total pot 1,416 | Rake 0 | Jackpot 0 | Bingo 0 | Fortune 0 | Tax 0
Board [6s Tc 9h Jc Js]
Seat 1: 9e08c061 folded before Flop
Seat 2: 11426f29 (button) folded before Flop
Seat 3: 85247037 (small blind) folded before Flop
Seat 4: afaf2506 (big blind) folded before Flop
Seat 5: abcaf87b showed [Td Ad] and won (1,416) with two pair, Jacks and Tens
Seat 6: Hero folded before Flop
Seat 7: 2bc4a8cb showed [Ks 8s] and lost with a pair of Jacks
Seat 8: 463811b7 folded before Flop


Poker Hand #TM5670688921: Tournament #267988699, Bounty Hunters Special $8.88 Hold'em No Limit - Level2(60/120(18)) - 2026/03/06 21:44:00
Table '14' 8-max Seat #1 is the button
Seat 1: 9e08c061 (9,008 in chips)
Seat 2: 11426f29 (16,044 in chips)
Seat 3: 85247037 (10,203 in chips)
Seat 4: afaf2506 (12,589 in chips)
Seat 5: abcaf87b (6,917 in chips)
Seat 6: Hero (12,150 in chips)
Seat 7: 2bc4a8cb (14,149 in chips)
Seat 8: 463811b7 (8,940 in chips)
9e08c061: posts the ante 18
463811b7: posts the ante 18
Hero: posts the ante 18
abcaf87b: posts the ante 18
85247037: posts the ante 18
11426f29: posts the ante 18
afaf2506: posts the ante 18
2bc4a8cb: posts the ante 18
11426f29: posts small blind 60
85247037: posts big blind 120
*** HOLE CARDS ***
Dealt to 9e08c061 
Dealt to 11426f29 
Dealt to 85247037 
Dealt to afaf2506 
Dealt to abcaf87b 
Dealt to Hero [8h Qs]
Dealt to 2bc4a8cb 
Dealt to 463811b7 
afaf2506: raises 120 to 240
abcaf87b: folds
Hero: folds
2bc4a8cb: folds
463811b7: folds
9e08c061: folds
11426f29: raises 720 to 960
85247037: folds
afaf2506: raises 1,638 to 2,598
11426f29: calls 1,638
*** FLOP *** [8s 2d 7c]
11426f29: checks
afaf2506: bets 1,802
11426f29: raises 11,626 to 13,428 and is all-in
afaf2506: calls 8,171 and is all-in
Uncalled bet (3,455) returned to 11426f29
11426f29: shows [Qh Qc] (a pair of Queens)
afaf2506: shows [As Ah] (a pair of Aces)
*** TURN *** [8s 2d 7c] [9h]
*** RIVER *** [8s 2d 7c 9h] [7h]
*** SHOWDOWN ***
afaf2506 collected 25,406 from pot
*** SUMMARY ***
Total pot 25,406 | Rake 0 | Jackpot 0 | Bingo 0 | Fortune 0 | Tax 0
Board [8s 2d 7c 9h 7h]
Seat 1: 9e08c061 (button) folded before Flop
Seat 2: 11426f29 (small blind) showed [Qh Qc] and lost with two pair, Queens and Sevens
Seat 3: 85247037 (big blind) folded before Flop
Seat 4: afaf2506 showed [As Ah] and won (25,406) with two pair, Aces and Sevens
Seat 5: abcaf87b folded before Flop
Seat 6: Hero folded before Flop
Seat 7: 2bc4a8cb folded before Flop
Seat 8: 463811b7 folded before Flop


Poker Hand #TM5670688909: Tournament #267988699, Bounty Hunters Special $8.88 Hold'em No Limit - Level2(60/120(18)) - 2026/03/06 21:43:41
Table '14' 8-max Seat #8 is the button
Seat 1: 9e08c061 (9,086 in chips)
Seat 2: 11426f29 (15,858 in chips)
Seat 3: 85247037 (10,221 in chips)
Seat 4: afaf2506 (12,607 in chips)
Seat 5: abcaf87b (6,935 in chips)
Seat 6: Hero (12,168 in chips)
Seat 7: 2bc4a8cb (14,167 in chips)
Seat 8: 463811b7 (8,958 in chips)
463811b7: posts the ante 18
9e08c061: posts the ante 18
Hero: posts the ante 18
abcaf87b: posts the ante 18
85247037: posts the ante 18
11426f29: posts the ante 18
afaf2506: posts the ante 18
2bc4a8cb: posts the ante 18
9e08c061: posts small blind 60
11426f29: posts big blind 120
*** HOLE CARDS ***
Dealt to 9e08c061 
Dealt to 11426f29 
Dealt to 85247037 
Dealt to afaf2506 
Dealt to abcaf87b 
Dealt to Hero [Qd 4s]
Dealt to 2bc4a8cb 
Dealt to 463811b7 
85247037: folds
afaf2506: folds
abcaf87b: folds
Hero: folds
2bc4a8cb: folds
463811b7: folds
9e08c061: folds
Uncalled bet (60) returned to 11426f29
*** SHOWDOWN ***
11426f29 collected 264 from pot
*** SUMMARY ***
Total pot 264 | Rake 0 | Jackpot 0 | Bingo 0 | Fortune 0 | Tax 0
Seat 1: 9e08c061 (small blind) folded before Flop
Seat 2: 11426f29 (big blind) collected (264)
Seat 3: 85247037 folded before Flop
Seat 4: afaf2506 folded before Flop
Seat 5: abcaf87b folded before Flop
Seat 6: Hero folded before Flop
Seat 7: 2bc4a8cb folded before Flop
Seat 8: 463811b7 (button) folded before Flop


Poker Hand #TM5670688864: Tournament #267988699, Bounty Hunters Special $8.88 Hold'em No Limit - Level2(60/120(18)) - 2026/03/06 21:42:14
Table '14' 8-max Seat #7 is the button
Seat 1: 9e08c061 (9,224 in chips)
Seat 2: 11426f29 (15,876 in chips)
Seat 3: 85247037 (10,239 in chips)
Seat 4: afaf2506 (12,625 in chips)
Seat 5: abcaf87b (8,815 in chips)
Seat 6: Hero (10,000 in chips)
Seat 7: 2bc4a8cb (14,185 in chips)
Seat 8: 463811b7 (9,036 in chips)
9e08c061: posts the ante 18
463811b7: posts the ante 18
Hero: posts the ante 18
abcaf87b: posts the ante 18
85247037: posts the ante 18
11426f29: posts the ante 18
afaf2506: posts the ante 18
2bc4a8cb: posts the ante 18
463811b7: posts small blind 60
9e08c061: posts big blind 120
*** HOLE CARDS ***
Dealt to 9e08c061 
Dealt to 11426f29 
Dealt to 85247037 
Dealt to afaf2506 
Dealt to abcaf87b 
Dealt to Hero [3c Qc]
Dealt to 2bc4a8cb 
Dealt to 463811b7 
11426f29: folds
85247037: folds
afaf2506: folds
abcaf87b: raises 180 to 300
Hero: calls 300
2bc4a8cb: folds
463811b7: folds
9e08c061: folds
*** FLOP *** [6h 9c Jc]
abcaf87b: bets 490
Hero: calls 490
*** TURN *** [6h 9c Jc] [Kh]
abcaf87b: checks
Hero: bets 1,072
abcaf87b: calls 1,072
*** RIVER *** [6h 9c Jc Kh] [2d]
abcaf87b: checks
Hero: bets 2,264
abcaf87b: folds
Uncalled bet (2,264) returned to Hero
*** SHOWDOWN ***
Hero collected 4,048 from pot
*** SUMMARY ***
Total pot 4,048 | Rake 0 | Jackpot 0 | Bingo 0 | Fortune 0 | Tax 0
Board [6h 9c Jc Kh 2d]
Seat 1: 9e08c061 (big blind) folded before Flop
Seat 2: 11426f29 folded before Flop
Seat 3: 85247037 folded before Flop
Seat 4: afaf2506 folded before Flop
Seat 5: abcaf87b folded on the River
Seat 6: Hero won (4,048)
Seat 7: 2bc4a8cb (button) folded before Flop
Seat 8: 463811b7 (small blind) folded before Flop


