Poker Hand #TM5697298983: Tournament #269347657, Bounty Hunters Special $10.80 Hold'em No Limit - Level9(250/500(75)) - 2026/03/12 22:32:42
Table '136' 8-max Seat #7 is the button
Seat 1: d8a83c3a (35,111 in chips)
Seat 2: Hero (4,468 in chips)
Seat 4: d7d167e4 (24,625 in chips)
Seat 5: 2cb57533 (27,059 in chips)
Seat 6: a4d7e6ca (7,223 in chips)
Seat 7: 6e8d8ffb (48,133 in chips)
Seat 8: 9c826932 (17,966 in chips)
d8a83c3a: posts the ante 75
Hero: posts the ante 75
6e8d8ffb: posts the ante 75
d7d167e4: posts the ante 75
a4d7e6ca: posts the ante 75
9c826932: posts the ante 75
2cb57533: posts the ante 75
9c826932: posts small blind 250
d8a83c3a: posts big blind 500
*** HOLE CARDS ***
Dealt to d8a83c3a 
Dealt to Hero [Ad 9h]
Dealt to d7d167e4 
Dealt to 2cb57533 
Dealt to a4d7e6ca 
Dealt to 6e8d8ffb 
Dealt to 9c826932 
Hero: raises 3,893 to 4,393 and is all-in
d7d167e4: folds
2cb57533: folds
a4d7e6ca: raises 2,755 to 7,148 and is all-in
6e8d8ffb: folds
9c826932: folds
d8a83c3a: folds
Uncalled bet (2,755) returned to a4d7e6ca
a4d7e6ca: shows [Qs 8c]
Hero: shows [Ad 9h]
*** FLOP *** [Ah 7s Ks]
*** TURN *** [Ah 7s Ks] [As]
*** RIVER *** [Ah 7s Ks As] [4s]
*** SHOWDOWN ***
a4d7e6ca collected 10,061 from pot
*** SUMMARY ***
Total pot 10,061 | Rake 0 | Jackpot 0 | Bingo 0 | Fortune 0 | Tax 0
Board [Ah 7s Ks As 4s]
Seat 1: d8a83c3a (big blind) folded before Flop
Seat 2: Hero showed [Ad 9h] and lost with three of a kind, Aces
Seat 4: d7d167e4 folded before Flop
Seat 5: 2cb57533 folded before Flop
Seat 6: a4d7e6ca showed [Qs 8c] and won (10,061) with a flush Ace high
Seat 7: 6e8d8ffb (button) folded before Flop
Seat 8: 9c826932 (small blind) folded before Flop


Poker Hand #TM5697298953: Tournament #269347657, Bounty Hunters Special $10.80 Hold'em No Limit - Level9(250/500(75)) - 2026/03/12 22:31:39
Table '136' 8-max Seat #6 is the button
Seat 1: d8a83c3a (35,186 in chips)
Seat 2: Hero (23,172 in chips)
Seat 3: 76998ac8 (9,850 in chips)
Seat 4: d7d167e4 (24,700 in chips)
Seat 5: 2cb57533 (27,134 in chips)
Seat 6: a4d7e6ca (7,298 in chips)
Seat 7: 6e8d8ffb (18,704 in chips)
Seat 8: 9c826932 (18,541 in chips)
d8a83c3a: posts the ante 75
Hero: posts the ante 75
76998ac8: posts the ante 75
6e8d8ffb: posts the ante 75
d7d167e4: posts the ante 75
a4d7e6ca: posts the ante 75
9c826932: posts the ante 75
2cb57533: posts the ante 75
6e8d8ffb: posts small blind 250
9c826932: posts big blind 500
*** HOLE CARDS ***
Dealt to d8a83c3a 
Dealt to Hero [7c Ac]
Dealt to 76998ac8 
Dealt to d7d167e4 
Dealt to 2cb57533 
Dealt to a4d7e6ca 
Dealt to 6e8d8ffb 
Dealt to 9c826932 
d8a83c3a: folds
Hero: raises 500 to 1,000
76998ac8: calls 1,000
d7d167e4: folds
2cb57533: folds
a4d7e6ca: folds
6e8d8ffb: raises 17,629 to 18,629 and is all-in
9c826932: folds
Hero: calls 17,629
76998ac8: calls 8,775 and is all-in
6e8d8ffb: shows [Ts Js]
Hero: shows [7c Ac]
76998ac8: shows [8h 7s]
*** FLOP *** [Jh 9d 4s]
*** TURN *** [Jh 9d 4s] [3d]
*** RIVER *** [Jh 9d 4s 3d] [Kc]
*** SHOWDOWN ***
6e8d8ffb collected 30,425 from pot
6e8d8ffb collected 17,708 from pot
*** SUMMARY ***
Total pot 48,133 | Rake 0 | Jackpot 0 | Bingo 0 | Fortune 0 | Tax 0
Board [Jh 9d 4s 3d Kc]
Seat 1: d8a83c3a folded before Flop
Seat 2: Hero showed [7c Ac] and lost with Ace high
Seat 3: 76998ac8 showed [8h 7s] and lost with King high
Seat 4: d7d167e4 folded before Flop
Seat 5: 2cb57533 folded before Flop
Seat 6: a4d7e6ca (button) folded before Flop
Seat 7: 6e8d8ffb (small blind) showed [Ts Js] and won (48,133) with a pair of Jacks
Seat 8: 9c826932 (big blind) folded before Flop


Poker Hand #TM5697298937: Tournament #269347657, Bounty Hunters Special $10.80 Hold'em No Limit - Level9(250/500(75)) - 2026/03/12 22:30:50
Table '136' 8-max Seat #5 is the button
Seat 1: d8a83c3a (35,261 in chips)
Seat 2: Hero (23,247 in chips)
Seat 3: 76998ac8 (9,925 in chips)
Seat 4: d7d167e4 (24,775 in chips)
Seat 5: 2cb57533 (36,136 in chips)
Seat 6: a4d7e6ca (7,623 in chips)
Seat 7: 6e8d8ffb (9,002 in chips)
Seat 8: 9c826932 (18,616 in chips)
d8a83c3a: posts the ante 75
Hero: posts the ante 75
76998ac8: posts the ante 75
6e8d8ffb: posts the ante 75
d7d167e4: posts the ante 75
a4d7e6ca: posts the ante 75
9c826932: posts the ante 75
2cb57533: posts the ante 75
a4d7e6ca: posts small blind 250
6e8d8ffb: posts big blind 500
*** HOLE CARDS ***
Dealt to d8a83c3a 
Dealt to Hero [Jd 3s]
Dealt to 76998ac8 
Dealt to d7d167e4 
Dealt to 2cb57533 
Dealt to a4d7e6ca 
Dealt to 6e8d8ffb 
Dealt to 9c826932 
9c826932: folds
d8a83c3a: folds
Hero: folds
76998ac8: folds
d7d167e4: folds
2cb57533: raises 35,561 to 36,061 and is all-in
a4d7e6ca: folds
6e8d8ffb: calls 8,427 and is all-in
Uncalled bet (27,134) returned to 2cb57533
2cb57533: shows [8s Qc]
6e8d8ffb: shows [As Kc]
*** FLOP *** [4h Ad 9c]
*** TURN *** [4h Ad 9c] [4s]
*** RIVER *** [4h Ad 9c 4s] [8d]
*** SHOWDOWN ***
6e8d8ffb collected 18,704 from pot
*** SUMMARY ***
Total pot 18,704 | Rake 0 | Jackpot 0 | Bingo 0 | Fortune 0 | Tax 0
Board [4h Ad 9c 4s 8d]
Seat 1: d8a83c3a folded before Flop
Seat 2: Hero folded before Flop
Seat 3: 76998ac8 folded before Flop
Seat 4: d7d167e4 folded before Flop
Seat 5: 2cb57533 (button) showed [8s Qc] and lost with two pair, Eights and Fours
Seat 6: a4d7e6ca (small blind) folded before Flop
Seat 7: 6e8d8ffb (big blind) showed [As Kc] and won (18,704) with two pair, Aces and Fours
Seat 8: 9c826932 folded before Flop


Poker Hand #TM5697298905: Tournament #269347657, Bounty Hunters Special $10.80 Hold'em No Limit - Level9(250/500(75)) - 2026/03/12 22:29:52
Table '136' 8-max Seat #4 is the button
Seat 1: d8a83c3a (35,336 in chips)
Seat 2: Hero (23,322 in chips)
Seat 3: 76998ac8 (10,000 in chips)
Seat 4: d7d167e4 (24,850 in chips)
Seat 5: 2cb57533 (36,461 in chips)
Seat 6: a4d7e6ca (8,198 in chips)
Seat 7: 6e8d8ffb (7,727 in chips)
Seat 8: 9c826932 (18,691 in chips)
d8a83c3a: posts the ante 75
Hero: posts the ante 75
76998ac8: posts the ante 75
6e8d8ffb: posts the ante 75
d7d167e4: posts the ante 75
a4d7e6ca: posts the ante 75
9c826932: posts the ante 75
2cb57533: posts the ante 75
2cb57533: posts small blind 250
a4d7e6ca: posts big blind 500
*** HOLE CARDS ***
Dealt to d8a83c3a 
Dealt to Hero [6h Qd]
Dealt to 76998ac8 
Dealt to d7d167e4 
Dealt to 2cb57533 
Dealt to a4d7e6ca 
Dealt to 6e8d8ffb 
Dealt to 9c826932 
6e8d8ffb: raises 7,152 to 7,652 and is all-in
9c826932: folds
d8a83c3a: folds
Hero: folds
76998ac8: folds
d7d167e4: folds
2cb57533: folds
a4d7e6ca: folds
Uncalled bet (7,152) returned to 6e8d8ffb
*** SHOWDOWN ***
6e8d8ffb collected 1,850 from pot
*** SUMMARY ***
Total pot 1,850 | Rake 0 | Jackpot 0 | Bingo 0 | Fortune 0 | Tax 0
Seat 1: d8a83c3a folded before Flop
Seat 2: Hero folded before Flop
Seat 3: 76998ac8 folded before Flop
Seat 4: d7d167e4 (button) folded before Flop
Seat 5: 2cb57533 (small blind) folded before Flop
Seat 6: a4d7e6ca (big blind) folded before Flop
Seat 7: 6e8d8ffb collected (1,850)
Seat 8: 9c826932 folded before Flop


Poker Hand #TM5697298897: Tournament #269347657, Bounty Hunters Special $10.80 Hold'em No Limit - Level9(250/500(75)) - 2026/03/12 22:29:16
Table '136' 8-max Seat #2 is the button
Seat 1: d8a83c3a (35,411 in chips)
Seat 2: Hero (23,397 in chips)
Seat 4: d7d167e4 (25,175 in chips)
Seat 5: 2cb57533 (37,036 in chips)
Seat 6: a4d7e6ca (8,273 in chips)
Seat 7: 6e8d8ffb (6,527 in chips)
Seat 8: 9c826932 (18,766 in chips)
d8a83c3a: posts the ante 75
Hero: posts the ante 75
6e8d8ffb: posts the ante 75
d7d167e4: posts the ante 75
a4d7e6ca: posts the ante 75
9c826932: posts the ante 75
2cb57533: posts the ante 75
d7d167e4: posts small blind 250
2cb57533: posts big blind 500
*** HOLE CARDS ***
Dealt to d8a83c3a 
Dealt to Hero [Qd 9s]
Dealt to d7d167e4 
Dealt to 2cb57533 
Dealt to a4d7e6ca 
Dealt to 6e8d8ffb 
Dealt to 9c826932 
a4d7e6ca: folds
6e8d8ffb: raises 5,952 to 6,452 and is all-in
9c826932: folds
d8a83c3a: folds
Hero: folds
d7d167e4: folds
2cb57533: folds
Uncalled bet (5,952) returned to 6e8d8ffb
*** SHOWDOWN ***
6e8d8ffb collected 1,775 from pot
*** SUMMARY ***
Total pot 1,775 | Rake 0 | Jackpot 0 | Bingo 0 | Fortune 0 | Tax 0
Seat 1: d8a83c3a folded before Flop
Seat 2: Hero (button) folded before Flop
Seat 4: d7d167e4 (small blind) folded before Flop
Seat 5: 2cb57533 (big blind) folded before Flop
Seat 6: a4d7e6ca folded before Flop
Seat 7: 6e8d8ffb collected (1,775)
Seat 8: 9c826932 folded before Flop


Poker Hand #TM5697298878: Tournament #269347657, Bounty Hunters Special $10.80 Hold'em No Limit - Level9(250/500(75)) - 2026/03/12 22:28:16
Table '136' 8-max Seat #1 is the button
Seat 1: d8a83c3a (24,444 in chips)
Seat 2: Hero (23,722 in chips)
Seat 3: 371c6baf (10,267 in chips)
Seat 4: d7d167e4 (25,250 in chips)
Seat 5: 2cb57533 (37,111 in chips)
Seat 6: a4d7e6ca (8,348 in chips)
Seat 7: 6e8d8ffb (6,602 in chips)
Seat 8: 9c826932 (18,841 in chips)
d8a83c3a: posts the ante 75
Hero: posts the ante 75
6e8d8ffb: posts the ante 75
d7d167e4: posts the ante 75
a4d7e6ca: posts the ante 75
9c826932: posts the ante 75
371c6baf: posts the ante 75
2cb57533: posts the ante 75
Hero: posts small blind 250
371c6baf: posts big blind 500
*** HOLE CARDS ***
Dealt to d8a83c3a 
Dealt to Hero [Ts 9d]
Dealt to 371c6baf 
Dealt to d7d167e4 
Dealt to 2cb57533 
Dealt to a4d7e6ca 
Dealt to 6e8d8ffb 
Dealt to 9c826932 
d7d167e4: folds
2cb57533: folds
a4d7e6ca: folds
6e8d8ffb: folds
9c826932: folds
d8a83c3a: raises 600 to 1,100
Hero: folds
371c6baf: raises 9,092 to 10,192 and is all-in
d8a83c3a: calls 9,092
371c6baf: shows [5d As]
d8a83c3a: shows [Kh Ad]
*** FLOP *** [Jc 9s 2c]
*** TURN *** [Jc 9s 2c] [Qh]
*** RIVER *** [Jc 9s 2c Qh] [Js]
*** SHOWDOWN ***
d8a83c3a collected 21,234 from pot
*** SUMMARY ***
Total pot 21,234 | Rake 0 | Jackpot 0 | Bingo 0 | Fortune 0 | Tax 0
Board [Jc 9s 2c Qh Js]
Seat 1: d8a83c3a (button) showed [Kh Ad] and won (21,234) with a pair of Jacks
Seat 2: Hero (small blind) folded before Flop
Seat 3: 371c6baf (big blind) showed [5d As] and lost with a pair of Jacks
Seat 4: d7d167e4 folded before Flop
Seat 5: 2cb57533 folded before Flop
Seat 6: a4d7e6ca folded before Flop
Seat 7: 6e8d8ffb folded before Flop
Seat 8: 9c826932 folded before Flop


Poker Hand #TM5697298839: Tournament #269347657, Bounty Hunters Special $10.80 Hold'em No Limit - Level9(250/500(75)) - 2026/03/12 22:26:04
Table '136' 8-max Seat #8 is the button
Seat 1: d8a83c3a (16,719 in chips)
Seat 2: Hero (24,297 in chips)
Seat 3: 371c6baf (10,342 in chips)
Seat 4: d7d167e4 (25,325 in chips)
Seat 5: 2cb57533 (43,886 in chips)
Seat 6: a4d7e6ca (8,423 in chips)
Seat 7: 6e8d8ffb (6,677 in chips)
Seat 8: 9c826932 (18,916 in chips)
d8a83c3a: posts the ante 75
Hero: posts the ante 75
6e8d8ffb: posts the ante 75
d7d167e4: posts the ante 75
a4d7e6ca: posts the ante 75
9c826932: posts the ante 75
371c6baf: posts the ante 75
2cb57533: posts the ante 75
d8a83c3a: posts small blind 250
Hero: posts big blind 500
*** HOLE CARDS ***
Dealt to d8a83c3a 
Dealt to Hero [3d 8c]
Dealt to 371c6baf 
Dealt to d7d167e4 
Dealt to 2cb57533 
Dealt to a4d7e6ca 
Dealt to 6e8d8ffb 
Dealt to 9c826932 
371c6baf: folds
d7d167e4: folds
2cb57533: raises 500 to 1,000
a4d7e6ca: folds
6e8d8ffb: folds
9c826932: folds
d8a83c3a: raises 2,600 to 3,600
Hero: folds
2cb57533: calls 2,600
*** FLOP *** [7h Tc 6c]
d8a83c3a: bets 3,100
2cb57533: calls 3,100
*** TURN *** [7h Tc 6c] [Ts]
d8a83c3a: bets 9,900
2cb57533: folds
Uncalled bet (9,900) returned to d8a83c3a
*** SHOWDOWN ***
d8a83c3a collected 14,500 from pot
*** SUMMARY ***
Total pot 14,500 | Rake 0 | Jackpot 0 | Bingo 0 | Fortune 0 | Tax 0
Board [7h Tc 6c Ts]
Seat 1: d8a83c3a (small blind) won (14,500)
Seat 2: Hero (big blind) folded before Flop
Seat 3: 371c6baf folded before Flop
Seat 4: d7d167e4 folded before Flop
Seat 5: 2cb57533 folded on the Turn
Seat 6: a4d7e6ca folded before Flop
Seat 7: 6e8d8ffb folded before Flop
Seat 8: 9c826932 (button) folded before Flop


Poker Hand #TM5697298819: Tournament #269347657, Bounty Hunters Special $10.80 Hold'em No Limit - Level9(250/500(75)) - 2026/03/12 22:25:03
Table '136' 8-max Seat #7 is the button
Seat 1: d8a83c3a (17,294 in chips)
Seat 2: Hero (22,022 in chips)
Seat 3: 371c6baf (10,417 in chips)
Seat 4: d7d167e4 (26,400 in chips)
Seat 5: 2cb57533 (43,961 in chips)
Seat 6: a4d7e6ca (8,498 in chips)
Seat 7: 6e8d8ffb (6,752 in chips)
Seat 8: 9c826932 (19,241 in chips)
d8a83c3a: posts the ante 75
Hero: posts the ante 75
6e8d8ffb: posts the ante 75
d7d167e4: posts the ante 75
a4d7e6ca: posts the ante 75
9c826932: posts the ante 75
371c6baf: posts the ante 75
2cb57533: posts the ante 75
9c826932: posts small blind 250
d8a83c3a: posts big blind 500
*** HOLE CARDS ***
Dealt to d8a83c3a 
Dealt to Hero [Js As]
Dealt to 371c6baf 
Dealt to d7d167e4 
Dealt to 2cb57533 
Dealt to a4d7e6ca 
Dealt to 6e8d8ffb 
Dealt to 9c826932 
Hero: raises 500 to 1,000
371c6baf: folds
d7d167e4: calls 1,000
2cb57533: folds
a4d7e6ca: folds
6e8d8ffb: folds
9c826932: folds
d8a83c3a: folds
*** FLOP *** [5h 4d Ts]
Hero: checks
d7d167e4: checks
*** TURN *** [5h 4d Ts] [2d]
Hero: checks
d7d167e4: checks
*** RIVER *** [5h 4d Ts 2d] [4s]
Hero: checks
d7d167e4: checks
Hero: shows [Js As] (a pair of Fours)
d7d167e4: shows [Qc Jc] (a pair of Fours)
*** SHOWDOWN ***
Hero collected 3,350 from pot
*** SUMMARY ***
Total pot 3,350 | Rake 0 | Jackpot 0 | Bingo 0 | Fortune 0 | Tax 0
Board [5h 4d Ts 2d 4s]
Seat 1: d8a83c3a (big blind) folded before Flop
Seat 2: Hero showed [Js As] and won (3,350) with a pair of Fours
Seat 3: 371c6baf folded before Flop
Seat 4: d7d167e4 showed [Qc Jc] and lost with a pair of Fours
Seat 5: 2cb57533 folded before Flop
Seat 6: a4d7e6ca folded before Flop
Seat 7: 6e8d8ffb (button) folded before Flop
Seat 8: 9c826932 (small blind) folded before Flop


Poker Hand #TM5697298800: Tournament #269347657, Bounty Hunters Special $10.80 Hold'em No Limit - Level9(250/500(75)) - 2026/03/12 22:23:42
Table '136' 8-max Seat #6 is the button
Seat 1: d8a83c3a (17,369 in chips)
Seat 2: Hero (22,097 in chips)
Seat 3: 371c6baf (11,492 in chips)
Seat 4: d7d167e4 (26,475 in chips)
Seat 5: 2cb57533 (41,186 in chips)
Seat 6: a4d7e6ca (8,573 in chips)
Seat 7: 6e8d8ffb (7,077 in chips)
Seat 8: 9c826932 (20,316 in chips)
d8a83c3a: posts the ante 75
Hero: posts the ante 75
6e8d8ffb: posts the ante 75
d7d167e4: posts the ante 75
a4d7e6ca: posts the ante 75
9c826932: posts the ante 75
371c6baf: posts the ante 75
2cb57533: posts the ante 75
6e8d8ffb: posts small blind 250
9c826932: posts big blind 500
*** HOLE CARDS ***
Dealt to d8a83c3a 
Dealt to Hero [4s Ac]
Dealt to 371c6baf 
Dealt to d7d167e4 
Dealt to 2cb57533 
Dealt to a4d7e6ca 
Dealt to 6e8d8ffb 
Dealt to 9c826932 
d8a83c3a: folds
Hero: folds
371c6baf: raises 500 to 1,000
d7d167e4: folds
2cb57533: calls 1,000
a4d7e6ca: folds
6e8d8ffb: folds
9c826932: calls 500
*** FLOP *** [7c Td 9c]
9c826932: checks
371c6baf: checks
2cb57533: bets 1,271
9c826932: folds
371c6baf: folds
Uncalled bet (1,271) returned to 2cb57533
*** SHOWDOWN ***
2cb57533 collected 3,850 from pot
*** SUMMARY ***
Total pot 3,850 | Rake 0 | Jackpot 0 | Bingo 0 | Fortune 0 | Tax 0
Board [7c Td 9c]
Seat 1: d8a83c3a folded before Flop
Seat 2: Hero folded before Flop
Seat 3: 371c6baf folded on the Flop
Seat 4: d7d167e4 folded before Flop
Seat 5: 2cb57533 won (3,850)
Seat 6: a4d7e6ca (button) folded before Flop
Seat 7: 6e8d8ffb (small blind) folded before Flop
Seat 8: 9c826932 (big blind) folded on the Flop


Poker Hand #TM5697298775: Tournament #269347657, Bounty Hunters Special $10.80 Hold'em No Limit - Level9(250/500(75)) - 2026/03/12 22:22:15
Table '136' 8-max Seat #5 is the button
Seat 1: d8a83c3a (17,444 in chips)
Seat 2: Hero (22,172 in chips)
Seat 3: 371c6baf (12,567 in chips)
Seat 4: d7d167e4 (27,550 in chips)
Seat 5: 2cb57533 (19,243 in chips)
Seat 6: a4d7e6ca (8,898 in chips)
Seat 7: 6e8d8ffb (26,320 in chips)
Seat 8: 9c826932 (20,391 in chips)
d8a83c3a: posts the ante 75
Hero: posts the ante 75
6e8d8ffb: posts the ante 75
d7d167e4: posts the ante 75
a4d7e6ca: posts the ante 75
9c826932: posts the ante 75
371c6baf: posts the ante 75
2cb57533: posts the ante 75
a4d7e6ca: posts small blind 250
6e8d8ffb: posts big blind 500
*** HOLE CARDS ***
Dealt to d8a83c3a 
Dealt to Hero [7d Td]
Dealt to 371c6baf 
Dealt to d7d167e4 
Dealt to 2cb57533 
Dealt to a4d7e6ca 
Dealt to 6e8d8ffb 
Dealt to 9c826932 
9c826932: folds
d8a83c3a: folds
Hero: folds
371c6baf: raises 500 to 1,000
d7d167e4: calls 1,000
2cb57533: calls 1,000
a4d7e6ca: folds
6e8d8ffb: raises 25,245 to 26,245 and is all-in
371c6baf: folds
d7d167e4: folds
2cb57533: calls 18,168 and is all-in
Uncalled bet (7,077) returned to 6e8d8ffb
6e8d8ffb: shows [Ts 9s]
2cb57533: shows [8d Ad]
*** FLOP *** [3d 9d 8s]
*** TURN *** [3d 9d 8s] [5s]
*** RIVER *** [3d 9d 8s 5s] [5d]
*** SHOWDOWN ***
2cb57533 collected 41,186 from pot
*** SUMMARY ***
Total pot 41,186 | Rake 0 | Jackpot 0 | Bingo 0 | Fortune 0 | Tax 0
Board [3d 9d 8s 5s 5d]
Seat 1: d8a83c3a folded before Flop
Seat 2: Hero folded before Flop
Seat 3: 371c6baf folded before Flop
Seat 4: d7d167e4 folded before Flop
Seat 5: 2cb57533 (button) showed [8d Ad] and won (41,186) with a flush Ace high
Seat 6: a4d7e6ca (small blind) folded before Flop
Seat 7: 6e8d8ffb (big blind) showed [Ts 9s] and lost with two pair, Nines and Fives
Seat 8: 9c826932 folded before Flop


Poker Hand #TM5697298748: Tournament #269347657, Bounty Hunters Special $10.80 Hold'em No Limit - Level9(250/500(75)) - 2026/03/12 22:20:53
Table '136' 8-max Seat #4 is the button
Seat 1: d8a83c3a (17,519 in chips)
Seat 2: Hero (22,247 in chips)
Seat 3: 371c6baf (12,642 in chips)
Seat 4: d7d167e4 (27,625 in chips)
Seat 5: 2cb57533 (18,218 in chips)
Seat 6: a4d7e6ca (9,473 in chips)
Seat 7: 6e8d8ffb (26,395 in chips)
Seat 8: 9c826932 (20,466 in chips)
d8a83c3a: posts the ante 75
Hero: posts the ante 75
6e8d8ffb: posts the ante 75
d7d167e4: posts the ante 75
a4d7e6ca: posts the ante 75
9c826932: posts the ante 75
371c6baf: posts the ante 75
2cb57533: posts the ante 75
2cb57533: posts small blind 250
a4d7e6ca: posts big blind 500
*** HOLE CARDS ***
Dealt to d8a83c3a 
Dealt to Hero [Jd 2c]
Dealt to 371c6baf 
Dealt to d7d167e4 
Dealt to 2cb57533 
Dealt to a4d7e6ca 
Dealt to 6e8d8ffb 
Dealt to 9c826932 
6e8d8ffb: folds
9c826932: folds
d8a83c3a: folds
Hero: folds
371c6baf: folds
d7d167e4: folds
2cb57533: raises 17,643 to 18,143 and is all-in
a4d7e6ca: folds
Uncalled bet (17,643) returned to 2cb57533
*** SHOWDOWN ***
2cb57533 collected 1,600 from pot
*** SUMMARY ***
Total pot 1,600 | Rake 0 | Jackpot 0 | Bingo 0 | Fortune 0 | Tax 0
Seat 1: d8a83c3a folded before Flop
Seat 2: Hero folded before Flop
Seat 3: 371c6baf folded before Flop
Seat 4: d7d167e4 (button) folded before Flop
Seat 5: 2cb57533 (small blind) collected (1,600)
Seat 6: a4d7e6ca (big blind) folded before Flop
Seat 7: 6e8d8ffb folded before Flop
Seat 8: 9c826932 folded before Flop


Poker Hand #TM5697298722: Tournament #269347657, Bounty Hunters Special $10.80 Hold'em No Limit - Level8(200/400(60)) - 2026/03/12 22:19:17
Table '136' 8-max Seat #3 is the button
Seat 1: d8a83c3a (17,579 in chips)
Seat 2: Hero (22,307 in chips)
Seat 3: 371c6baf (12,702 in chips)
Seat 4: d7d167e4 (22,373 in chips)
Seat 5: 2cb57533 (23,110 in chips)
Seat 6: a4d7e6ca (9,533 in chips)
Seat 7: 6e8d8ffb (26,455 in chips)
Seat 8: 9c826932 (20,526 in chips)
d8a83c3a: posts the ante 60
Hero: posts the ante 60
6e8d8ffb: posts the ante 60
d7d167e4: posts the ante 60
a4d7e6ca: posts the ante 60
9c826932: posts the ante 60
371c6baf: posts the ante 60
2cb57533: posts the ante 60
d7d167e4: posts small blind 200
2cb57533: posts big blind 400
*** HOLE CARDS ***
Dealt to d8a83c3a 
Dealt to Hero [Tc 5s]
Dealt to 371c6baf 
Dealt to d7d167e4 
Dealt to 2cb57533 
Dealt to a4d7e6ca 
Dealt to 6e8d8ffb 
Dealt to 9c826932 
a4d7e6ca: folds
6e8d8ffb: folds
9c826932: folds
d8a83c3a: folds
Hero: folds
371c6baf: folds
d7d167e4: raises 1,200 to 1,600
2cb57533: calls 1,200
*** FLOP *** [2h Jh 8c]
d7d167e4: bets 1,215
2cb57533: calls 1,215
*** TURN *** [2h Jh 8c] [6h]
d7d167e4: bets 2,017
2cb57533: calls 2,017
*** RIVER *** [2h Jh 8c 6h] [Ah]
d7d167e4: checks
2cb57533: checks
d7d167e4: shows [9c Kh] (a flush Ace high)
2cb57533: shows [As 2s] (two pair, Aces and Twos)
*** SHOWDOWN ***
d7d167e4 collected 10,144 from pot
*** SUMMARY ***
Total pot 10,144 | Rake 0 | Jackpot 0 | Bingo 0 | Fortune 0 | Tax 0
Board [2h Jh 8c 6h Ah]
Seat 1: d8a83c3a folded before Flop
Seat 2: Hero folded before Flop
Seat 3: 371c6baf (button) folded before Flop
Seat 4: d7d167e4 (small blind) showed [9c Kh] and won (10,144) with a flush Ace high
Seat 5: 2cb57533 (big blind) showed [As 2s] and lost with two pair, Aces and Twos
Seat 6: a4d7e6ca folded before Flop
Seat 7: 6e8d8ffb folded before Flop
Seat 8: 9c826932 folded before Flop


Poker Hand #TM5697298703: Tournament #269347657, Bounty Hunters Special $10.80 Hold'em No Limit - Level8(200/400(60)) - 2026/03/12 22:18:12
Table '136' 8-max Seat #2 is the button
Seat 1: d8a83c3a (17,639 in chips)
Seat 2: Hero (23,920 in chips)
Seat 3: 371c6baf (12,962 in chips)
Seat 4: d7d167e4 (20,200 in chips)
Seat 5: 2cb57533 (23,170 in chips)
Seat 6: a4d7e6ca (9,593 in chips)
Seat 7: 6e8d8ffb (26,515 in chips)
Seat 8: 9c826932 (20,586 in chips)
d8a83c3a: posts the ante 60
Hero: posts the ante 60
6e8d8ffb: posts the ante 60
d7d167e4: posts the ante 60
a4d7e6ca: posts the ante 60
9c826932: posts the ante 60
371c6baf: posts the ante 60
2cb57533: posts the ante 60
371c6baf: posts small blind 200
d7d167e4: posts big blind 400
*** HOLE CARDS ***
Dealt to d8a83c3a 
Dealt to Hero [Kd Ah]
Dealt to 371c6baf 
Dealt to d7d167e4 
Dealt to 2cb57533 
Dealt to a4d7e6ca 
Dealt to 6e8d8ffb 
Dealt to 9c826932 
2cb57533: folds
a4d7e6ca: folds
6e8d8ffb: folds
9c826932: folds
d8a83c3a: folds
Hero: raises 400 to 800
371c6baf: folds
d7d167e4: calls 400
*** FLOP *** [5s Qc 9s]
d7d167e4: checks
Hero: bets 753
d7d167e4: calls 753
*** TURN *** [5s Qc 9s] [3s]
d7d167e4: checks
Hero: checks
*** RIVER *** [5s Qc 9s 3s] [9h]
d7d167e4: bets 1,250
Hero: folds
Uncalled bet (1,250) returned to d7d167e4
*** SHOWDOWN ***
d7d167e4 collected 3,786 from pot
*** SUMMARY ***
Total pot 3,786 | Rake 0 | Jackpot 0 | Bingo 0 | Fortune 0 | Tax 0
Board [5s Qc 9s 3s 9h]
Seat 1: d8a83c3a folded before Flop
Seat 2: Hero (button) folded on the River
Seat 3: 371c6baf (small blind) folded before Flop
Seat 4: d7d167e4 (big blind) won (3,786)
Seat 5: 2cb57533 folded before Flop
Seat 6: a4d7e6ca folded before Flop
Seat 7: 6e8d8ffb folded before Flop
Seat 8: 9c826932 folded before Flop


Poker Hand #TM5697298691: Tournament #269347657, Bounty Hunters Special $10.80 Hold'em No Limit - Level8(200/400(60)) - 2026/03/12 22:17:29
Table '136' 8-max Seat #1 is the button
Seat 1: d8a83c3a (17,699 in chips)
Seat 2: Hero (24,180 in chips)
Seat 3: 371c6baf (13,422 in chips)
Seat 4: d7d167e4 (20,260 in chips)
Seat 5: 2cb57533 (23,230 in chips)
Seat 6: a4d7e6ca (8,573 in chips)
Seat 7: 6e8d8ffb (26,575 in chips)
Seat 8: 9c826932 (20,646 in chips)
d8a83c3a: posts the ante 60
Hero: posts the ante 60
6e8d8ffb: posts the ante 60
d7d167e4: posts the ante 60
a4d7e6ca: posts the ante 60
9c826932: posts the ante 60
371c6baf: posts the ante 60
2cb57533: posts the ante 60
Hero: posts small blind 200
371c6baf: posts big blind 400
*** HOLE CARDS ***
Dealt to d8a83c3a 
Dealt to Hero [8c Js]
Dealt to 371c6baf 
Dealt to d7d167e4 
Dealt to 2cb57533 
Dealt to a4d7e6ca 
Dealt to 6e8d8ffb 
Dealt to 9c826932 
d7d167e4: folds
2cb57533: folds
a4d7e6ca: raises 400 to 800
6e8d8ffb: folds
9c826932: folds
d8a83c3a: folds
Hero: folds
371c6baf: folds
Uncalled bet (400) returned to a4d7e6ca
*** SHOWDOWN ***
a4d7e6ca collected 1,480 from pot
*** SUMMARY ***
Total pot 1,480 | Rake 0 | Jackpot 0 | Bingo 0 | Fortune 0 | Tax 0
Seat 1: d8a83c3a (button) folded before Flop
Seat 2: Hero (small blind) folded before Flop
Seat 3: 371c6baf (big blind) folded before Flop
Seat 4: d7d167e4 folded before Flop
Seat 5: 2cb57533 folded before Flop
Seat 6: a4d7e6ca collected (1,480)
Seat 7: 6e8d8ffb folded before Flop
Seat 8: 9c826932 folded before Flop


Poker Hand #TM5697298678: Tournament #269347657, Bounty Hunters Special $10.80 Hold'em No Limit - Level8(200/400(60)) - 2026/03/12 22:16:29
Table '136' 8-max Seat #8 is the button
Seat 1: d8a83c3a (17,959 in chips)
Seat 2: Hero (11,410 in chips)
Seat 3: 371c6baf (13,482 in chips)
Seat 4: d7d167e4 (20,320 in chips)
Seat 5: 2cb57533 (24,090 in chips)
Seat 6: a4d7e6ca (19,983 in chips)
Seat 7: 6e8d8ffb (26,635 in chips)
Seat 8: 9c826932 (20,706 in chips)
d8a83c3a: posts the ante 60
Hero: posts the ante 60
6e8d8ffb: posts the ante 60
d7d167e4: posts the ante 60
a4d7e6ca: posts the ante 60
9c826932: posts the ante 60
371c6baf: posts the ante 60
2cb57533: posts the ante 60
d8a83c3a: posts small blind 200
Hero: posts big blind 400
*** HOLE CARDS ***
Dealt to d8a83c3a 
Dealt to Hero [Ac Kc]
Dealt to 371c6baf 
Dealt to d7d167e4 
Dealt to 2cb57533 
Dealt to a4d7e6ca 
Dealt to 6e8d8ffb 
Dealt to 9c826932 
371c6baf: folds
d7d167e4: folds
2cb57533: raises 400 to 800
a4d7e6ca: raises 1,600 to 2,400
6e8d8ffb: folds
9c826932: folds
d8a83c3a: folds
Hero: raises 8,950 to 11,350 and is all-in
2cb57533: folds
a4d7e6ca: calls 8,950
Hero: shows [Ac Kc]
a4d7e6ca: shows [Ah Th]
*** FLOP *** [Qh 5d 4h]
*** TURN *** [Qh 5d 4h] [5c]
*** RIVER *** [Qh 5d 4h 5c] [6d]
*** SHOWDOWN ***
Hero collected 24,180 from pot
*** SUMMARY ***
Total pot 24,180 | Rake 0 | Jackpot 0 | Bingo 0 | Fortune 0 | Tax 0
Board [Qh 5d 4h 5c 6d]
Seat 1: d8a83c3a (small blind) folded before Flop
Seat 2: Hero (big blind) showed [Ac Kc] and won (24,180) with a pair of Fives
Seat 3: 371c6baf folded before Flop
Seat 4: d7d167e4 folded before Flop
Seat 5: 2cb57533 folded before Flop
Seat 6: a4d7e6ca showed [Ah Th] and lost with a pair of Fives
Seat 7: 6e8d8ffb folded before Flop
Seat 8: 9c826932 (button) folded before Flop


Poker Hand #TM5697298650: Tournament #269347657, Bounty Hunters Special $10.80 Hold'em No Limit - Level8(200/400(60)) - 2026/03/12 22:15:03
Table '136' 8-max Seat #7 is the button
Seat 1: d8a83c3a (15,855 in chips)
Seat 2: Hero (11,470 in chips)
Seat 3: 371c6baf (13,542 in chips)
Seat 4: d7d167e4 (20,380 in chips)
Seat 5: 2cb57533 (24,150 in chips)
Seat 6: a4d7e6ca (21,527 in chips)
Seat 7: 6e8d8ffb (26,695 in chips)
Seat 8: 9c826932 (20,966 in chips)
d8a83c3a: posts the ante 60
Hero: posts the ante 60
6e8d8ffb: posts the ante 60
d7d167e4: posts the ante 60
a4d7e6ca: posts the ante 60
9c826932: posts the ante 60
371c6baf: posts the ante 60
2cb57533: posts the ante 60
9c826932: posts small blind 200
d8a83c3a: posts big blind 400
*** HOLE CARDS ***
Dealt to d8a83c3a 
Dealt to Hero [6d 2c]
Dealt to 371c6baf 
Dealt to d7d167e4 
Dealt to 2cb57533 
Dealt to a4d7e6ca 
Dealt to 6e8d8ffb 
Dealt to 9c826932 
Hero: folds
371c6baf: folds
d7d167e4: folds
2cb57533: folds
a4d7e6ca: raises 400 to 800
6e8d8ffb: folds
9c826932: folds
d8a83c3a: calls 400
*** FLOP *** [9s 2s Ts]
d8a83c3a: checks
a4d7e6ca: bets 684
d8a83c3a: calls 684
*** TURN *** [9s 2s Ts] [Tc]
d8a83c3a: checks
a4d7e6ca: checks
*** RIVER *** [9s 2s Ts Tc] [Js]
d8a83c3a: checks
a4d7e6ca: checks
d8a83c3a: shows [8s 9h] (a flush Jack high)
a4d7e6ca: shows [Jd Kc] (two pair, Jacks and Tens)
*** SHOWDOWN ***
d8a83c3a collected 3,648 from pot
*** SUMMARY ***
Total pot 3,648 | Rake 0 | Jackpot 0 | Bingo 0 | Fortune 0 | Tax 0
Board [9s 2s Ts Tc Js]
Seat 1: d8a83c3a (big blind) showed [8s 9h] and won (3,648) with a flush Jack high
Seat 2: Hero folded before Flop
Seat 3: 371c6baf folded before Flop
Seat 4: d7d167e4 folded before Flop
Seat 5: 2cb57533 folded before Flop
Seat 6: a4d7e6ca showed [Jd Kc] and lost with two pair, Jacks and Tens
Seat 7: 6e8d8ffb (button) folded before Flop
Seat 8: 9c826932 (small blind) folded before Flop


Poker Hand #TM5697298627: Tournament #269347657, Bounty Hunters Special $10.80 Hold'em No Limit - Level8(200/400(60)) - 2026/03/12 22:13:38
Table '136' 8-max Seat #6 is the button
Seat 1: d8a83c3a (15,915 in chips)
Seat 2: Hero (11,530 in chips)
Seat 3: 371c6baf (13,602 in chips)
Seat 4: d7d167e4 (20,440 in chips)
Seat 5: 2cb57533 (22,160 in chips)
Seat 6: a4d7e6ca (21,587 in chips)
Seat 7: 6e8d8ffb (26,955 in chips)
Seat 8: 9c826932 (22,396 in chips)
d8a83c3a: posts the ante 60
Hero: posts the ante 60
6e8d8ffb: posts the ante 60
d7d167e4: posts the ante 60
a4d7e6ca: posts the ante 60
9c826932: posts the ante 60
371c6baf: posts the ante 60
2cb57533: posts the ante 60
6e8d8ffb: posts small blind 200
9c826932: posts big blind 400
*** HOLE CARDS ***
Dealt to d8a83c3a 
Dealt to Hero [Tc Ks]
Dealt to 371c6baf 
Dealt to d7d167e4 
Dealt to 2cb57533 
Dealt to a4d7e6ca 
Dealt to 6e8d8ffb 
Dealt to 9c826932 
d8a83c3a: folds
Hero: folds
371c6baf: folds
d7d167e4: folds
2cb57533: raises 400 to 800
a4d7e6ca: folds
6e8d8ffb: folds
9c826932: calls 400
*** FLOP *** [7s Ah Ac]
9c826932: checks
2cb57533: bets 570
9c826932: calls 570
*** TURN *** [7s Ah Ac] [Jd]
9c826932: checks
2cb57533: bets 2,600
9c826932: folds
Uncalled bet (2,600) returned to 2cb57533
*** SHOWDOWN ***
2cb57533 collected 3,420 from pot
*** SUMMARY ***
Total pot 3,420 | Rake 0 | Jackpot 0 | Bingo 0 | Fortune 0 | Tax 0
Board [7s Ah Ac Jd]
Seat 1: d8a83c3a folded before Flop
Seat 2: Hero folded before Flop
Seat 3: 371c6baf folded before Flop
Seat 4: d7d167e4 folded before Flop
Seat 5: 2cb57533 won (3,420)
Seat 6: a4d7e6ca (button) folded before Flop
Seat 7: 6e8d8ffb (small blind) folded before Flop
Seat 8: 9c826932 (big blind) folded on the Turn


Poker Hand #TM5697298607: Tournament #269347657, Bounty Hunters Special $10.80 Hold'em No Limit - Level8(200/400(60)) - 2026/03/12 22:12:35
Table '136' 8-max Seat #5 is the button
Seat 1: d8a83c3a (15,975 in chips)
Seat 2: Hero (11,590 in chips)
Seat 3: 371c6baf (13,662 in chips)
Seat 4: d7d167e4 (20,500 in chips)
Seat 5: 2cb57533 (22,220 in chips)
Seat 6: a4d7e6ca (20,767 in chips)
Seat 7: 6e8d8ffb (27,415 in chips)
Seat 8: 9c826932 (22,456 in chips)
d8a83c3a: posts the ante 60
Hero: posts the ante 60
6e8d8ffb: posts the ante 60
d7d167e4: posts the ante 60
a4d7e6ca: posts the ante 60
9c826932: posts the ante 60
371c6baf: posts the ante 60
2cb57533: posts the ante 60
a4d7e6ca: posts small blind 200
6e8d8ffb: posts big blind 400
*** HOLE CARDS ***
Dealt to d8a83c3a 
Dealt to Hero [Kd 5d]
Dealt to 371c6baf 
Dealt to d7d167e4 
Dealt to 2cb57533 
Dealt to a4d7e6ca 
Dealt to 6e8d8ffb 
Dealt to 9c826932 
9c826932: folds
d8a83c3a: folds
Hero: folds
371c6baf: folds
d7d167e4: folds
2cb57533: folds
a4d7e6ca: calls 200
6e8d8ffb: checks
*** FLOP *** [7h 5c As]
a4d7e6ca: bets 400
6e8d8ffb: folds
Uncalled bet (400) returned to a4d7e6ca
*** SHOWDOWN ***
a4d7e6ca collected 1,280 from pot
*** SUMMARY ***
Total pot 1,280 | Rake 0 | Jackpot 0 | Bingo 0 | Fortune 0 | Tax 0
Board [7h 5c As]
Seat 1: d8a83c3a folded before Flop
Seat 2: Hero folded before Flop
Seat 3: 371c6baf folded before Flop
Seat 4: d7d167e4 folded before Flop
Seat 5: 2cb57533 (button) folded before Flop
Seat 6: a4d7e6ca (small blind) won (1,280)
Seat 7: 6e8d8ffb (big blind) folded on the Flop
Seat 8: 9c826932 folded before Flop


Poker Hand #TM5697298595: Tournament #269347657, Bounty Hunters Special $10.80 Hold'em No Limit - Level8(200/400(60)) - 2026/03/12 22:12:01
Table '136' 8-max Seat #4 is the button
Seat 1: d8a83c3a (16,035 in chips)
Seat 2: Hero (11,650 in chips)
Seat 3: 371c6baf (13,722 in chips)
Seat 4: d7d167e4 (19,080 in chips)
Seat 5: 2cb57533 (22,480 in chips)
Seat 6: a4d7e6ca (21,627 in chips)
Seat 7: 6e8d8ffb (27,475 in chips)
Seat 8: 9c826932 (22,516 in chips)
d8a83c3a: posts the ante 60
Hero: posts the ante 60
6e8d8ffb: posts the ante 60
d7d167e4: posts the ante 60
a4d7e6ca: posts the ante 60
9c826932: posts the ante 60
371c6baf: posts the ante 60
2cb57533: posts the ante 60
2cb57533: posts small blind 200
a4d7e6ca: posts big blind 400
*** HOLE CARDS ***
Dealt to d8a83c3a 
Dealt to Hero [2c 3h]
Dealt to 371c6baf 
Dealt to d7d167e4 
Dealt to 2cb57533 
Dealt to a4d7e6ca 
Dealt to 6e8d8ffb 
Dealt to 9c826932 
6e8d8ffb: folds
9c826932: folds
d8a83c3a: folds
Hero: folds
371c6baf: folds
d7d167e4: raises 400 to 800
2cb57533: folds
a4d7e6ca: calls 400
*** FLOP *** [Qc 6c 7s]
a4d7e6ca: checks
d7d167e4: bets 753
a4d7e6ca: folds
Uncalled bet (753) returned to d7d167e4
*** SHOWDOWN ***
d7d167e4 collected 2,280 from pot
*** SUMMARY ***
Total pot 2,280 | Rake 0 | Jackpot 0 | Bingo 0 | Fortune 0 | Tax 0
Board [Qc 6c 7s]
Seat 1: d8a83c3a folded before Flop
Seat 2: Hero folded before Flop
Seat 3: 371c6baf folded before Flop
Seat 4: d7d167e4 (button) won (2,280)
Seat 5: 2cb57533 (small blind) folded before Flop
Seat 6: a4d7e6ca (big blind) folded on the Flop
Seat 7: 6e8d8ffb folded before Flop
Seat 8: 9c826932 folded before Flop


Poker Hand #TM5697298583: Tournament #269347657, Bounty Hunters Special $10.80 Hold'em No Limit - Level8(200/400(60)) - 2026/03/12 22:11:29
Table '136' 8-max Seat #3 is the button
Seat 1: d8a83c3a (16,095 in chips)
Seat 2: Hero (11,710 in chips)
Seat 3: 371c6baf (13,782 in chips)
Seat 4: d7d167e4 (19,340 in chips)
Seat 5: 2cb57533 (20,980 in chips)
Seat 6: a4d7e6ca (21,687 in chips)
Seat 7: 6e8d8ffb (28,415 in chips)
Seat 8: 9c826932 (22,576 in chips)
d8a83c3a: posts the ante 60
Hero: posts the ante 60
6e8d8ffb: posts the ante 60
d7d167e4: posts the ante 60
a4d7e6ca: posts the ante 60
9c826932: posts the ante 60
371c6baf: posts the ante 60
2cb57533: posts the ante 60
d7d167e4: posts small blind 200
2cb57533: posts big blind 400
*** HOLE CARDS ***
Dealt to d8a83c3a 
Dealt to Hero [3d 2s]
Dealt to 371c6baf 
Dealt to d7d167e4 
Dealt to 2cb57533 
Dealt to a4d7e6ca 
Dealt to 6e8d8ffb 
Dealt to 9c826932 
a4d7e6ca: folds
6e8d8ffb: raises 480 to 880
9c826932: folds
d8a83c3a: folds
Hero: folds
371c6baf: folds
d7d167e4: folds
2cb57533: raises 2,520 to 3,400
6e8d8ffb: folds
Uncalled bet (2,520) returned to 2cb57533
*** SHOWDOWN ***
2cb57533 collected 2,440 from pot
*** SUMMARY ***
Total pot 2,440 | Rake 0 | Jackpot 0 | Bingo 0 | Fortune 0 | Tax 0
Seat 1: d8a83c3a folded before Flop
Seat 2: Hero folded before Flop
Seat 3: 371c6baf (button) folded before Flop
Seat 4: d7d167e4 (small blind) folded before Flop
Seat 5: 2cb57533 (big blind) collected (2,440)
Seat 6: a4d7e6ca folded before Flop
Seat 7: 6e8d8ffb folded before Flop
Seat 8: 9c826932 folded before Flop


Poker Hand #TM5697298567: Tournament #269347657, Bounty Hunters Special $10.80 Hold'em No Limit - Level8(200/400(60)) - 2026/03/12 22:10:29
Table '136' 8-max Seat #2 is the button
Seat 1: d8a83c3a (16,155 in chips)
Seat 2: Hero (11,770 in chips)
Seat 3: 371c6baf (14,042 in chips)
Seat 4: d7d167e4 (20,280 in chips)
Seat 5: 2cb57533 (21,040 in chips)
Seat 6: a4d7e6ca (21,747 in chips)
Seat 7: 6e8d8ffb (26,915 in chips)
Seat 8: 9c826932 (22,636 in chips)
d8a83c3a: posts the ante 60
Hero: posts the ante 60
6e8d8ffb: posts the ante 60
d7d167e4: posts the ante 60
a4d7e6ca: posts the ante 60
9c826932: posts the ante 60
371c6baf: posts the ante 60
2cb57533: posts the ante 60
371c6baf: posts small blind 200
d7d167e4: posts big blind 400
*** HOLE CARDS ***
Dealt to d8a83c3a 
Dealt to Hero [Tc 5h]
Dealt to 371c6baf 
Dealt to d7d167e4 
Dealt to 2cb57533 
Dealt to a4d7e6ca 
Dealt to 6e8d8ffb 
Dealt to 9c826932 
2cb57533: folds
a4d7e6ca: folds
6e8d8ffb: raises 480 to 880
9c826932: folds
d8a83c3a: folds
Hero: folds
371c6baf: folds
d7d167e4: calls 480
*** FLOP *** [7h 3d 9d]
d7d167e4: checks
6e8d8ffb: bets 1,600
d7d167e4: folds
Uncalled bet (1,600) returned to 6e8d8ffb
*** SHOWDOWN ***
6e8d8ffb collected 2,440 from pot
*** SUMMARY ***
Total pot 2,440 | Rake 0 | Jackpot 0 | Bingo 0 | Fortune 0 | Tax 0
Board [7h 3d 9d]
Seat 1: d8a83c3a folded before Flop
Seat 2: Hero (button) folded before Flop
Seat 3: 371c6baf (small blind) folded before Flop
Seat 4: d7d167e4 (big blind) folded on the Flop
Seat 5: 2cb57533 folded before Flop
Seat 6: a4d7e6ca folded before Flop
Seat 7: 6e8d8ffb won (2,440)
Seat 8: 9c826932 folded before Flop


Poker Hand #TM5697298550: Tournament #269347657, Bounty Hunters Special $10.80 Hold'em No Limit - Level8(200/400(60)) - 2026/03/12 22:09:16
Table '136' 8-max Seat #1 is the button
Seat 1: d8a83c3a (16,215 in chips)
Seat 2: Hero (12,030 in chips)
Seat 3: 371c6baf (17,126 in chips)
Seat 4: d7d167e4 (20,340 in chips)
Seat 5: 2cb57533 (21,100 in chips)
Seat 6: a4d7e6ca (21,807 in chips)
Seat 7: 6e8d8ffb (23,271 in chips)
Seat 8: 9c826932 (22,696 in chips)
d8a83c3a: posts the ante 60
Hero: posts the ante 60
6e8d8ffb: posts the ante 60
d7d167e4: posts the ante 60
a4d7e6ca: posts the ante 60
9c826932: posts the ante 60
371c6baf: posts the ante 60
2cb57533: posts the ante 60
Hero: posts small blind 200
371c6baf: posts big blind 400
*** HOLE CARDS ***
Dealt to d8a83c3a 
Dealt to Hero [8s 4d]
Dealt to 371c6baf 
Dealt to d7d167e4 
Dealt to 2cb57533 
Dealt to a4d7e6ca 
Dealt to 6e8d8ffb 
Dealt to 9c826932 
d7d167e4: folds
2cb57533: folds
a4d7e6ca: folds
6e8d8ffb: raises 480 to 880
9c826932: folds
d8a83c3a: folds
Hero: folds
371c6baf: calls 480
*** FLOP *** [2h Jh 2c]
371c6baf: checks
6e8d8ffb: bets 806
371c6baf: raises 1,338 to 2,144
6e8d8ffb: calls 1,338
*** TURN *** [2h Jh 2c] [2s]
371c6baf: checks
6e8d8ffb: bets 2,221
371c6baf: folds
Uncalled bet (2,221) returned to 6e8d8ffb
*** SHOWDOWN ***
6e8d8ffb collected 6,728 from pot
*** SUMMARY ***
Total pot 6,728 | Rake 0 | Jackpot 0 | Bingo 0 | Fortune 0 | Tax 0
Board [2h Jh 2c 2s]
Seat 1: d8a83c3a (button) folded before Flop
Seat 2: Hero (small blind) folded before Flop
Seat 3: 371c6baf (big blind) folded on the Turn
Seat 4: d7d167e4 folded before Flop
Seat 5: 2cb57533 folded before Flop
Seat 6: a4d7e6ca folded before Flop
Seat 7: 6e8d8ffb won (6,728)
Seat 8: 9c826932 folded before Flop


Poker Hand #TM5697298540: Tournament #269347657, Bounty Hunters Special $10.80 Hold'em No Limit - Level7(175/350(50)) - 2026/03/12 22:08:45
Table '136' 8-max Seat #8 is the button
Seat 1: d8a83c3a (16,440 in chips)
Seat 2: Hero (12,430 in chips)
Seat 3: 371c6baf (16,251 in chips)
Seat 4: d7d167e4 (20,390 in chips)
Seat 5: 2cb57533 (21,150 in chips)
Seat 6: a4d7e6ca (21,857 in chips)
Seat 7: 6e8d8ffb (23,321 in chips)
Seat 8: 9c826932 (22,746 in chips)
d8a83c3a: posts the ante 50
Hero: posts the ante 50
6e8d8ffb: posts the ante 50
d7d167e4: posts the ante 50
a4d7e6ca: posts the ante 50
9c826932: posts the ante 50
371c6baf: posts the ante 50
2cb57533: posts the ante 50
d8a83c3a: posts small blind 175
Hero: posts big blind 350
*** HOLE CARDS ***
Dealt to d8a83c3a 
Dealt to Hero [8h Ah]
Dealt to 371c6baf 
Dealt to d7d167e4 
Dealt to 2cb57533 
Dealt to a4d7e6ca 
Dealt to 6e8d8ffb 
Dealt to 9c826932 
371c6baf: raises 350 to 700
d7d167e4: folds
2cb57533: folds
a4d7e6ca: folds
6e8d8ffb: folds
9c826932: folds
d8a83c3a: folds
Hero: folds
Uncalled bet (350) returned to 371c6baf
*** SHOWDOWN ***
371c6baf collected 1,275 from pot
*** SUMMARY ***
Total pot 1,275 | Rake 0 | Jackpot 0 | Bingo 0 | Fortune 0 | Tax 0
Seat 1: d8a83c3a (small blind) folded before Flop
Seat 2: Hero (big blind) folded before Flop
Seat 3: 371c6baf collected (1,275)
Seat 4: d7d167e4 folded before Flop
Seat 5: 2cb57533 folded before Flop
Seat 6: a4d7e6ca folded before Flop
Seat 7: 6e8d8ffb folded before Flop
Seat 8: 9c826932 (button) folded before Flop


Poker Hand #TM5697298527: Tournament #269347657, Bounty Hunters Special $10.80 Hold'em No Limit - Level7(175/350(50)) - 2026/03/12 22:08:08
Table '136' 8-max Seat #7 is the button
Seat 1: d8a83c3a (16,840 in chips)
Seat 2: Hero (12,480 in chips)
Seat 3: 371c6baf (16,301 in chips)
Seat 4: d7d167e4 (20,440 in chips)
Seat 5: 2cb57533 (21,200 in chips)
Seat 6: a4d7e6ca (21,907 in chips)
Seat 7: 6e8d8ffb (22,446 in chips)
Seat 8: 9c826932 (22,971 in chips)
d8a83c3a: posts the ante 50
Hero: posts the ante 50
6e8d8ffb: posts the ante 50
d7d167e4: posts the ante 50
a4d7e6ca: posts the ante 50
9c826932: posts the ante 50
371c6baf: posts the ante 50
2cb57533: posts the ante 50
9c826932: posts small blind 175
d8a83c3a: posts big blind 350
*** HOLE CARDS ***
Dealt to d8a83c3a 
Dealt to Hero [9c Ts]
Dealt to 371c6baf 
Dealt to d7d167e4 
Dealt to 2cb57533 
Dealt to a4d7e6ca 
Dealt to 6e8d8ffb 
Dealt to 9c826932 
Hero: folds
371c6baf: folds
d7d167e4: folds
2cb57533: folds
a4d7e6ca: folds
6e8d8ffb: raises 420 to 770
9c826932: folds
d8a83c3a: folds
Uncalled bet (420) returned to 6e8d8ffb
*** SHOWDOWN ***
6e8d8ffb collected 1,275 from pot
*** SUMMARY ***
Total pot 1,275 | Rake 0 | Jackpot 0 | Bingo 0 | Fortune 0 | Tax 0
Seat 1: d8a83c3a (big blind) folded before Flop
Seat 2: Hero folded before Flop
Seat 3: 371c6baf folded before Flop
Seat 4: d7d167e4 folded before Flop
Seat 5: 2cb57533 folded before Flop
Seat 6: a4d7e6ca folded before Flop
Seat 7: 6e8d8ffb (button) collected (1,275)
Seat 8: 9c826932 (small blind) folded before Flop


Poker Hand #TM5697298511: Tournament #269347657, Bounty Hunters Special $10.80 Hold'em No Limit - Level7(175/350(50)) - 2026/03/12 22:07:17
Table '136' 8-max Seat #6 is the button
Seat 1: d8a83c3a (16,890 in chips)
Seat 2: Hero (12,530 in chips)
Seat 3: 371c6baf (16,351 in chips)
Seat 4: d7d167e4 (31,338 in chips)
Seat 5: 2cb57533 (21,250 in chips)
Seat 6: a4d7e6ca (21,957 in chips)
Seat 7: 6e8d8ffb (10,898 in chips)
Seat 8: 9c826932 (23,371 in chips)
d8a83c3a: posts the ante 50
Hero: posts the ante 50
6e8d8ffb: posts the ante 50
d7d167e4: posts the ante 50
a4d7e6ca: posts the ante 50
9c826932: posts the ante 50
371c6baf: posts the ante 50
2cb57533: posts the ante 50
6e8d8ffb: posts small blind 175
9c826932: posts big blind 350
*** HOLE CARDS ***
Dealt to d8a83c3a 
Dealt to Hero [2s 4h]
Dealt to 371c6baf 
Dealt to d7d167e4 
Dealt to 2cb57533 
Dealt to a4d7e6ca 
Dealt to 6e8d8ffb 
Dealt to 9c826932 
d8a83c3a: folds
Hero: folds
371c6baf: folds
d7d167e4: raises 350 to 700
2cb57533: folds
a4d7e6ca: folds
6e8d8ffb: raises 10,148 to 10,848 and is all-in
9c826932: folds
d7d167e4: calls 10,148
6e8d8ffb: shows [Ah 5h]
d7d167e4: shows [Ts Th]
*** FLOP *** [Qs 8c 3s]
*** TURN *** [Qs 8c 3s] [As]
*** RIVER *** [Qs 8c 3s As] [Kd]
*** SHOWDOWN ***
6e8d8ffb collected 22,446 from pot
*** SUMMARY ***
Total pot 22,446 | Rake 0 | Jackpot 0 | Bingo 0 | Fortune 0 | Tax 0
Board [Qs 8c 3s As Kd]
Seat 1: d8a83c3a folded before Flop
Seat 2: Hero folded before Flop
Seat 3: 371c6baf folded before Flop
Seat 4: d7d167e4 showed [Ts Th] and lost with a pair of Tens
Seat 5: 2cb57533 folded before Flop
Seat 6: a4d7e6ca (button) folded before Flop
Seat 7: 6e8d8ffb (small blind) showed [Ah 5h] and won (22,446) with a pair of Aces
Seat 8: 9c826932 (big blind) folded before Flop


Poker Hand #TM5697298493: Tournament #269347657, Bounty Hunters Special $10.80 Hold'em No Limit - Level7(175/350(50)) - 2026/03/12 22:06:10
Table '136' 8-max Seat #5 is the button
Seat 1: d8a83c3a (16,940 in chips)
Seat 2: Hero (12,580 in chips)
Seat 3: 371c6baf (16,401 in chips)
Seat 4: d7d167e4 (29,461 in chips)
Seat 5: 2cb57533 (21,300 in chips)
Seat 6: a4d7e6ca (22,182 in chips)
Seat 7: 6e8d8ffb (12,300 in chips)
Seat 8: 9c826932 (23,421 in chips)
d8a83c3a: posts the ante 50
Hero: posts the ante 50
6e8d8ffb: posts the ante 50
d7d167e4: posts the ante 50
a4d7e6ca: posts the ante 50
9c826932: posts the ante 50
371c6baf: posts the ante 50
2cb57533: posts the ante 50
a4d7e6ca: posts small blind 175
6e8d8ffb: posts big blind 350
*** HOLE CARDS ***
Dealt to d8a83c3a 
Dealt to Hero [2d Qc]
Dealt to 371c6baf 
Dealt to d7d167e4 
Dealt to 2cb57533 
Dealt to a4d7e6ca 
Dealt to 6e8d8ffb 
Dealt to 9c826932 
9c826932: folds
d8a83c3a: folds
Hero: folds
371c6baf: folds
d7d167e4: raises 350 to 700
2cb57533: folds
a4d7e6ca: folds
6e8d8ffb: calls 350
*** FLOP *** [Jh Jd 3d]
6e8d8ffb: checks
d7d167e4: bets 652
6e8d8ffb: calls 652
*** TURN *** [Jh Jd 3d] [4c]
6e8d8ffb: checks
d7d167e4: bets 2,460
6e8d8ffb: folds
Uncalled bet (2,460) returned to d7d167e4
*** SHOWDOWN ***
d7d167e4 collected 3,279 from pot
*** SUMMARY ***
Total pot 3,279 | Rake 0 | Jackpot 0 | Bingo 0 | Fortune 0 | Tax 0
Board [Jh Jd 3d 4c]
Seat 1: d8a83c3a folded before Flop
Seat 2: Hero folded before Flop
Seat 3: 371c6baf folded before Flop
Seat 4: d7d167e4 won (3,279)
Seat 5: 2cb57533 (button) folded before Flop
Seat 6: a4d7e6ca (small blind) folded before Flop
Seat 7: 6e8d8ffb (big blind) folded on the Turn
Seat 8: 9c826932 folded before Flop


Poker Hand #TM5697298480: Tournament #269347657, Bounty Hunters Special $10.80 Hold'em No Limit - Level7(175/350(50)) - 2026/03/12 22:05:33
Table '136' 8-max Seat #4 is the button
Seat 1: d8a83c3a (16,990 in chips)
Seat 2: Hero (12,630 in chips)
Seat 3: 371c6baf (16,451 in chips)
Seat 4: d7d167e4 (29,511 in chips)
Seat 5: 2cb57533 (21,525 in chips)
Seat 6: a4d7e6ca (22,582 in chips)
Seat 7: 6e8d8ffb (11,425 in chips)
Seat 8: 9c826932 (23,471 in chips)
d8a83c3a: posts the ante 50
Hero: posts the ante 50
6e8d8ffb: posts the ante 50
d7d167e4: posts the ante 50
a4d7e6ca: posts the ante 50
9c826932: posts the ante 50
371c6baf: posts the ante 50
2cb57533: posts the ante 50
2cb57533: posts small blind 175
a4d7e6ca: posts big blind 350
*** HOLE CARDS ***
Dealt to d8a83c3a 
Dealt to Hero [6h As]
Dealt to 371c6baf 
Dealt to d7d167e4 
Dealt to 2cb57533 
Dealt to a4d7e6ca 
Dealt to 6e8d8ffb 
Dealt to 9c826932 
6e8d8ffb: raises 11,025 to 11,375 and is all-in
9c826932: folds
d8a83c3a: folds
Hero: folds
371c6baf: folds
d7d167e4: folds
2cb57533: folds
a4d7e6ca: folds
Uncalled bet (11,025) returned to 6e8d8ffb
*** SHOWDOWN ***
6e8d8ffb collected 1,275 from pot
*** SUMMARY ***
Total pot 1,275 | Rake 0 | Jackpot 0 | Bingo 0 | Fortune 0 | Tax 0
Seat 1: d8a83c3a folded before Flop
Seat 2: Hero folded before Flop
Seat 3: 371c6baf folded before Flop
Seat 4: d7d167e4 (button) folded before Flop
Seat 5: 2cb57533 (small blind) folded before Flop
Seat 6: a4d7e6ca (big blind) folded before Flop
Seat 7: 6e8d8ffb collected (1,275)
Seat 8: 9c826932 folded before Flop


Poker Hand #TM5697298457: Tournament #269347657, Bounty Hunters Special $10.80 Hold'em No Limit - Level7(175/350(50)) - 2026/03/12 22:04:00
Table '136' 8-max Seat #3 is the button
Seat 1: d8a83c3a (17,040 in chips)
Seat 2: Hero (12,680 in chips)
Seat 3: 371c6baf (16,501 in chips)
Seat 4: d7d167e4 (30,786 in chips)
Seat 5: 2cb57533 (10,000 in chips)
Seat 6: a4d7e6ca (22,632 in chips)
Seat 7: 6e8d8ffb (21,425 in chips)
Seat 8: 9c826932 (23,521 in chips)
d8a83c3a: posts the ante 50
Hero: posts the ante 50
6e8d8ffb: posts the ante 50
d7d167e4: posts the ante 50
a4d7e6ca: posts the ante 50
9c826932: posts the ante 50
371c6baf: posts the ante 50
2cb57533: posts the ante 50
d7d167e4: posts small blind 175
2cb57533: posts big blind 350
*** HOLE CARDS ***
Dealt to d8a83c3a 
Dealt to Hero [4s 3d]
Dealt to 371c6baf 
Dealt to d7d167e4 
Dealt to 2cb57533 
Dealt to a4d7e6ca 
Dealt to 6e8d8ffb 
Dealt to 9c826932 
a4d7e6ca: folds
6e8d8ffb: calls 350
9c826932: folds
d8a83c3a: folds
Hero: folds
371c6baf: folds
d7d167e4: calls 175
2cb57533: checks
*** FLOP *** [6d 9h Kd]
d7d167e4: checks
2cb57533: checks
6e8d8ffb: checks
*** TURN *** [6d 9h Kd] [Ts]
d7d167e4: bets 875
2cb57533: raises 1,750 to 2,625
6e8d8ffb: raises 2,500 to 5,125
d7d167e4: folds
2cb57533: raises 4,475 to 9,600 and is all-in
6e8d8ffb: calls 4,475
2cb57533: shows [Kh 6s] (two pair, Kings and Sixes)
6e8d8ffb: shows [Ad Qd] (Ace high)
*** RIVER *** [6d 9h Kd Ts] [7c]
*** SHOWDOWN ***
2cb57533 collected 21,525 from pot
*** SUMMARY ***
Total pot 21,525 | Rake 0 | Jackpot 0 | Bingo 0 | Fortune 0 | Tax 0
Board [6d 9h Kd Ts 7c]
Seat 1: d8a83c3a folded before Flop
Seat 2: Hero folded before Flop
Seat 3: 371c6baf (button) folded before Flop
Seat 4: d7d167e4 (small blind) folded on the Turn
Seat 5: 2cb57533 (big blind) showed [Kh 6s] and won (21,525) with two pair, Kings and Sixes
Seat 6: a4d7e6ca folded before Flop
Seat 7: 6e8d8ffb showed [Ad Qd] and lost with Ace high
Seat 8: 9c826932 folded before Flop


Poker Hand #TM5697298434: Tournament #269347657, Bounty Hunters Special $10.80 Hold'em No Limit - Level7(175/350(50)) - 2026/03/12 22:02:47
Table '136' 8-max Seat #2 is the button
Seat 1: d8a83c3a (17,090 in chips)
Seat 2: Hero (12,730 in chips)
Seat 3: 371c6baf (16,726 in chips)
Seat 4: d7d167e4 (28,417 in chips)
Seat 6: a4d7e6ca (22,682 in chips)
Seat 7: 6e8d8ffb (21,475 in chips)
Seat 8: 9c826932 (25,465 in chips)
d8a83c3a: posts the ante 50
Hero: posts the ante 50
6e8d8ffb: posts the ante 50
d7d167e4: posts the ante 50
a4d7e6ca: posts the ante 50
9c826932: posts the ante 50
371c6baf: posts the ante 50
371c6baf: posts small blind 175
d7d167e4: posts big blind 350
*** HOLE CARDS ***
Dealt to d8a83c3a 
Dealt to Hero [Ac 5s]
Dealt to 371c6baf 
Dealt to d7d167e4 
Dealt to a4d7e6ca 
Dealt to 6e8d8ffb 
Dealt to 9c826932 
a4d7e6ca: folds
6e8d8ffb: folds
9c826932: raises 350 to 700
d8a83c3a: folds
Hero: folds
371c6baf: folds
d7d167e4: calls 350
*** FLOP *** [3s 8s 5h]
d7d167e4: checks
9c826932: bets 1,194
d7d167e4: raises 3,006 to 4,200
9c826932: folds
Uncalled bet (3,006) returned to d7d167e4
*** SHOWDOWN ***
d7d167e4 collected 4,313 from pot
*** SUMMARY ***
Total pot 4,313 | Rake 0 | Jackpot 0 | Bingo 0 | Fortune 0 | Tax 0
Board [3s 8s 5h]
Seat 1: d8a83c3a folded before Flop
Seat 2: Hero (button) folded before Flop
Seat 3: 371c6baf (small blind) folded before Flop
Seat 4: d7d167e4 (big blind) won (4,313)
Seat 6: a4d7e6ca folded before Flop
Seat 7: 6e8d8ffb folded before Flop
Seat 8: 9c826932 folded on the Flop


Poker Hand #TM5697298420: Tournament #269347657, Bounty Hunters Special $10.80 Hold'em No Limit - Level7(175/350(50)) - 2026/03/12 22:02:05
Table '136' 8-max Seat #1 is the button
Seat 1: d8a83c3a (17,140 in chips)
Seat 2: Hero (12,955 in chips)
Seat 3: 371c6baf (17,126 in chips)
Seat 4: d7d167e4 (28,467 in chips)
Seat 5: 52ace512 (16,593 in chips)
Seat 6: a4d7e6ca (21,807 in chips)
Seat 7: 6e8d8ffb (21,525 in chips)
Seat 8: 9c826932 (25,515 in chips)
d8a83c3a: posts the ante 50
Hero: posts the ante 50
6e8d8ffb: posts the ante 50
52ace512: posts the ante 50
d7d167e4: posts the ante 50
a4d7e6ca: posts the ante 50
9c826932: posts the ante 50
371c6baf: posts the ante 50
Hero: posts small blind 175
371c6baf: posts big blind 350
*** HOLE CARDS ***
Dealt to d8a83c3a 
Dealt to Hero [Qd 9c]
Dealt to 371c6baf 
Dealt to d7d167e4 
Dealt to 52ace512 
Dealt to a4d7e6ca 
Dealt to 6e8d8ffb 
Dealt to 9c826932 
d7d167e4: folds
52ace512: folds
a4d7e6ca: raises 350 to 700
6e8d8ffb: folds
9c826932: folds
d8a83c3a: folds
Hero: folds
371c6baf: folds
Uncalled bet (350) returned to a4d7e6ca
*** SHOWDOWN ***
a4d7e6ca collected 1,275 from pot
*** SUMMARY ***
Total pot 1,275 | Rake 0 | Jackpot 0 | Bingo 0 | Fortune 0 | Tax 0
Seat 1: d8a83c3a (button) folded before Flop
Seat 2: Hero (small blind) folded before Flop
Seat 3: 371c6baf (big blind) folded before Flop
Seat 4: d7d167e4 folded before Flop
Seat 5: 52ace512 folded before Flop
Seat 6: a4d7e6ca collected (1,275)
Seat 7: 6e8d8ffb folded before Flop
Seat 8: 9c826932 folded before Flop


Poker Hand #TM5697298377: Tournament #269347657, Bounty Hunters Special $10.80 Hold'em No Limit - Level7(175/350(50)) - 2026/03/12 21:53:55
Table '136' 8-max Seat #8 is the button
Seat 1: d8a83c3a (17,365 in chips)
Seat 2: Hero (13,355 in chips)
Seat 3: 371c6baf (17,876 in chips)
Seat 4: d7d167e4 (38,467 in chips)
Seat 5: 52ace512 (16,643 in chips)
Seat 6: a4d7e6ca (21,857 in chips)
Seat 7: 6e8d8ffb (10,000 in chips)
Seat 8: 9c826932 (25,565 in chips)
d8a83c3a: posts the ante 50
Hero: posts the ante 50
6e8d8ffb: posts the ante 50
52ace512: posts the ante 50
d7d167e4: posts the ante 50
a4d7e6ca: posts the ante 50
9c826932: posts the ante 50
371c6baf: posts the ante 50
d8a83c3a: posts small blind 175
Hero: posts big blind 350
*** HOLE CARDS ***
Dealt to d8a83c3a 
Dealt to Hero [8h 5s]
Dealt to 371c6baf 
Dealt to d7d167e4 
Dealt to 52ace512 
Dealt to a4d7e6ca 
Dealt to 6e8d8ffb 
Dealt to 9c826932 
371c6baf: raises 350 to 700
d7d167e4: raises 1,744 to 2,444
52ace512: folds
a4d7e6ca: folds
6e8d8ffb: calls 2,444
9c826932: folds
d8a83c3a: folds
Hero: folds
371c6baf: folds
*** FLOP *** [Kh 6h 9d]
d7d167e4: checks
6e8d8ffb: checks
*** TURN *** [Kh 6h 9d] [3s]
d7d167e4: bets 2,150
6e8d8ffb: calls 2,150
*** RIVER *** [Kh 6h 9d 3s] [2d]
d7d167e4: bets 8,110
6e8d8ffb: calls 5,356 and is all-in
Uncalled bet (2,754) returned to d7d167e4
d7d167e4: shows [As 4s] (Ace high)
6e8d8ffb: shows [Kc Qc] (a pair of Kings)
*** SHOWDOWN ***
6e8d8ffb collected 21,525 from pot
*** SUMMARY ***
Total pot 21,525 | Rake 0 | Jackpot 0 | Bingo 0 | Fortune 0 | Tax 0
Board [Kh 6h 9d 3s 2d]
Seat 1: d8a83c3a (small blind) folded before Flop
Seat 2: Hero (big blind) folded before Flop
Seat 3: 371c6baf folded before Flop
Seat 4: d7d167e4 showed [As 4s] and lost with Ace high
Seat 5: 52ace512 folded before Flop
Seat 6: a4d7e6ca folded before Flop
Seat 7: 6e8d8ffb showed [Kc Qc] and won (21,525) with a pair of Kings
Seat 8: 9c826932 (button) folded before Flop


Poker Hand #TM5697298350: Tournament #269347657, Bounty Hunters Special $10.80 Hold'em No Limit - Level7(175/350(50)) - 2026/03/12 21:52:41
Table '136' 8-max Seat #6 is the button
Seat 1: d8a83c3a (17,415 in chips)
Seat 2: Hero (8,245 in chips)
Seat 3: 371c6baf (17,926 in chips)
Seat 4: d7d167e4 (38,517 in chips)
Seat 5: 52ace512 (17,393 in chips)
Seat 6: a4d7e6ca (22,607 in chips)
Seat 7: 7e356ea8 (3,060 in chips)
Seat 8: 9c826932 (25,965 in chips)
d8a83c3a: posts the ante 50
Hero: posts the ante 50
52ace512: posts the ante 50
d7d167e4: posts the ante 50
a4d7e6ca: posts the ante 50
9c826932: posts the ante 50
371c6baf: posts the ante 50
7e356ea8: posts the ante 50
7e356ea8: posts small blind 175
9c826932: posts big blind 350
*** HOLE CARDS ***
Dealt to d8a83c3a 
Dealt to Hero [Kh Kc]
Dealt to 371c6baf 
Dealt to d7d167e4 
Dealt to 52ace512 
Dealt to a4d7e6ca 
Dealt to 7e356ea8 
Dealt to 9c826932 
d8a83c3a: folds
Hero: raises 350 to 700
371c6baf: folds
d7d167e4: folds
52ace512: calls 700
a4d7e6ca: calls 700
7e356ea8: raises 2,310 to 3,010 and is all-in
9c826932: folds
Hero: raises 5,185 to 8,195 and is all-in
52ace512: folds
a4d7e6ca: folds
Uncalled bet (5,185) returned to Hero
Hero: shows [Kh Kc]
7e356ea8: shows [Th Ts]
*** FLOP *** [Qs Ac 3d]
*** TURN *** [Qs Ac 3d] [3h]
*** RIVER *** [Qs Ac 3d 3h] [4s]
*** SHOWDOWN ***
Hero collected 8,170 from pot
*** SUMMARY ***
Total pot 8,170 | Rake 0 | Jackpot 0 | Bingo 0 | Fortune 0 | Tax 0
Board [Qs Ac 3d 3h 4s]
Seat 1: d8a83c3a folded before Flop
Seat 2: Hero showed [Kh Kc] and won (8,170) with two pair, Kings and Threes
Seat 3: 371c6baf folded before Flop
Seat 4: d7d167e4 folded before Flop
Seat 5: 52ace512 folded before Flop
Seat 6: a4d7e6ca (button) folded before Flop
Seat 7: 7e356ea8 (small blind) showed [Th Ts] and lost with two pair, Tens and Threes
Seat 8: 9c826932 (big blind) folded before Flop


Poker Hand #TM5697298330: Tournament #269347657, Bounty Hunters Special $10.80 Hold'em No Limit - Level7(175/350(50)) - 2026/03/12 21:51:39
Table '136' 8-max Seat #5 is the button
Seat 1: d8a83c3a (17,465 in chips)
Seat 2: Hero (12,245 in chips)
Seat 3: 371c6baf (17,976 in chips)
Seat 4: d7d167e4 (38,567 in chips)
Seat 5: 52ace512 (17,443 in chips)
Seat 6: a4d7e6ca (17,607 in chips)
Seat 7: 7e356ea8 (3,810 in chips)
Seat 8: 9c826932 (26,015 in chips)
d8a83c3a: posts the ante 50
Hero: posts the ante 50
52ace512: posts the ante 50
d7d167e4: posts the ante 50
a4d7e6ca: posts the ante 50
9c826932: posts the ante 50
371c6baf: posts the ante 50
7e356ea8: posts the ante 50
a4d7e6ca: posts small blind 175
7e356ea8: posts big blind 350
*** HOLE CARDS ***
Dealt to d8a83c3a 
Dealt to Hero [4c Ac]
Dealt to 371c6baf 
Dealt to d7d167e4 
Dealt to 52ace512 
Dealt to a4d7e6ca 
Dealt to 7e356ea8 
Dealt to 9c826932 
9c826932: folds
d8a83c3a: folds
Hero: raises 350 to 700
371c6baf: folds
d7d167e4: folds
52ace512: folds
a4d7e6ca: calls 525
7e356ea8: calls 350
*** FLOP *** [6d Qs 7h]
a4d7e6ca: checks
7e356ea8: checks
Hero: bets 825
a4d7e6ca: calls 825
7e356ea8: folds
*** TURN *** [6d Qs 7h] [9d]
a4d7e6ca: checks
Hero: bets 2,425
a4d7e6ca: raises 13,607 to 16,032 and is all-in
Hero: folds
Uncalled bet (13,607) returned to a4d7e6ca
*** SHOWDOWN ***
a4d7e6ca collected 9,000 from pot
*** SUMMARY ***
Total pot 9,000 | Rake 0 | Jackpot 0 | Bingo 0 | Fortune 0 | Tax 0
Board [6d Qs 7h 9d]
Seat 1: d8a83c3a folded before Flop
Seat 2: Hero folded on the Turn
Seat 3: 371c6baf folded before Flop
Seat 4: d7d167e4 folded before Flop
Seat 5: 52ace512 (button) folded before Flop
Seat 6: a4d7e6ca (small blind) won (9,000)
Seat 7: 7e356ea8 (big blind) folded on the Flop
Seat 8: 9c826932 folded before Flop


Poker Hand #TM5697298324: Tournament #269347657, Bounty Hunters Special $10.80 Hold'em No Limit - Level7(175/350(50)) - 2026/03/12 21:51:14
Table '136' 8-max Seat #4 is the button
Seat 1: d8a83c3a (17,515 in chips)
Seat 2: Hero (12,295 in chips)
Seat 3: 371c6baf (18,026 in chips)
Seat 4: d7d167e4 (38,617 in chips)
Seat 5: 52ace512 (17,668 in chips)
Seat 6: a4d7e6ca (17,082 in chips)
Seat 7: 7e356ea8 (3,860 in chips)
Seat 8: 9c826932 (26,065 in chips)
d8a83c3a: posts the ante 50
Hero: posts the ante 50
d7d167e4: posts the ante 50
52ace512: posts the ante 50
a4d7e6ca: posts the ante 50
9c826932: posts the ante 50
371c6baf: posts the ante 50
7e356ea8: posts the ante 50
52ace512: posts small blind 175
a4d7e6ca: posts big blind 350
*** HOLE CARDS ***
Dealt to d8a83c3a 
Dealt to Hero [5c Qs]
Dealt to 371c6baf 
Dealt to d7d167e4 
Dealt to 52ace512 
Dealt to a4d7e6ca 
Dealt to 7e356ea8 
Dealt to 9c826932 
7e356ea8: folds
9c826932: folds
d8a83c3a: folds
Hero: folds
371c6baf: folds
d7d167e4: folds
52ace512: folds
Uncalled bet (175) returned to a4d7e6ca
*** SHOWDOWN ***
a4d7e6ca collected 750 from pot
*** SUMMARY ***
Total pot 750 | Rake 0 | Jackpot 0 | Bingo 0 | Fortune 0 | Tax 0
Seat 1: d8a83c3a folded before Flop
Seat 2: Hero folded before Flop
Seat 3: 371c6baf folded before Flop
Seat 4: d7d167e4 (button) folded before Flop
Seat 5: 52ace512 (small blind) folded before Flop
Seat 6: a4d7e6ca (big blind) collected (750)
Seat 7: 7e356ea8 folded before Flop
Seat 8: 9c826932 folded before Flop


Poker Hand #TM5697298308: Tournament #269347657, Bounty Hunters Special $10.80 Hold'em No Limit - Level7(175/350(50)) - 2026/03/12 21:50:31
Table '136' 8-max Seat #3 is the button
Seat 1: d8a83c3a (17,915 in chips)
Seat 2: Hero (10,720 in chips)
Seat 3: 371c6baf (18,076 in chips)
Seat 4: d7d167e4 (38,842 in chips)
Seat 5: 52ace512 (18,068 in chips)
Seat 6: a4d7e6ca (17,482 in chips)
Seat 7: 7e356ea8 (3,910 in chips)
Seat 8: 9c826932 (26,115 in chips)
d8a83c3a: posts the ante 50
Hero: posts the ante 50
52ace512: posts the ante 50
d7d167e4: posts the ante 50
a4d7e6ca: posts the ante 50
9c826932: posts the ante 50
371c6baf: posts the ante 50
7e356ea8: posts the ante 50
d7d167e4: posts small blind 175
52ace512: posts big blind 350
*** HOLE CARDS ***
Dealt to d8a83c3a 
Dealt to Hero [8c 8s]
Dealt to 371c6baf 
Dealt to d7d167e4 
Dealt to 52ace512 
Dealt to a4d7e6ca 
Dealt to 7e356ea8 
Dealt to 9c826932 
a4d7e6ca: calls 350
7e356ea8: folds
9c826932: folds
d8a83c3a: calls 350
Hero: raises 10,320 to 10,670 and is all-in
371c6baf: folds
d7d167e4: folds
52ace512: folds
a4d7e6ca: folds
d8a83c3a: folds
Uncalled bet (10,320) returned to Hero
*** SHOWDOWN ***
Hero collected 1,975 from pot
*** SUMMARY ***
Total pot 1,975 | Rake 0 | Jackpot 0 | Bingo 0 | Fortune 0 | Tax 0
Seat 1: d8a83c3a folded before Flop
Seat 2: Hero collected (1,975)
Seat 3: 371c6baf (button) folded before Flop
Seat 4: d7d167e4 (small blind) folded before Flop
Seat 5: 52ace512 (big blind) folded before Flop
Seat 6: a4d7e6ca folded before Flop
Seat 7: 7e356ea8 folded before Flop
Seat 8: 9c826932 folded before Flop


Poker Hand #TM5697298296: Tournament #269347657, Bounty Hunters Special $10.80 Hold'em No Limit - Level7(175/350(50)) - 2026/03/12 21:50:02
Table '136' 8-max Seat #2 is the button
Seat 1: d8a83c3a (17,040 in chips)
Seat 2: Hero (10,770 in chips)
Seat 3: 371c6baf (18,301 in chips)
Seat 4: d7d167e4 (39,242 in chips)
Seat 5: 52ace512 (18,118 in chips)
Seat 6: a4d7e6ca (17,532 in chips)
Seat 7: 7e356ea8 (3,960 in chips)
Seat 8: 9c826932 (26,165 in chips)
d8a83c3a: posts the ante 50
Hero: posts the ante 50
52ace512: posts the ante 50
d7d167e4: posts the ante 50
a4d7e6ca: posts the ante 50
9c826932: posts the ante 50
371c6baf: posts the ante 50
7e356ea8: posts the ante 50
371c6baf: posts small blind 175
d7d167e4: posts big blind 350
*** HOLE CARDS ***
Dealt to d8a83c3a 
Dealt to Hero [4s 7s]
Dealt to 371c6baf 
Dealt to d7d167e4 
Dealt to 52ace512 
Dealt to a4d7e6ca 
Dealt to 7e356ea8 
Dealt to 9c826932 
52ace512: folds
a4d7e6ca: folds
7e356ea8: folds
9c826932: folds
d8a83c3a: raises 350 to 700
Hero: folds
371c6baf: folds
d7d167e4: folds
Uncalled bet (350) returned to d8a83c3a
*** SHOWDOWN ***
d8a83c3a collected 1,275 from pot
*** SUMMARY ***
Total pot 1,275 | Rake 0 | Jackpot 0 | Bingo 0 | Fortune 0 | Tax 0
Seat 1: d8a83c3a collected (1,275)
Seat 2: Hero (button) folded before Flop
Seat 3: 371c6baf (small blind) folded before Flop
Seat 4: d7d167e4 (big blind) folded before Flop
Seat 5: 52ace512 folded before Flop
Seat 6: a4d7e6ca folded before Flop
Seat 7: 7e356ea8 folded before Flop
Seat 8: 9c826932 folded before Flop


Poker Hand #TM5697298281: Tournament #269347657, Bounty Hunters Special $10.80 Hold'em No Limit - Level6(150/300(45)) - 2026/03/12 21:49:05
Table '136' 8-max Seat #1 is the button
Seat 1: d8a83c3a (17,085 in chips)
Seat 2: Hero (10,965 in chips)
Seat 3: 371c6baf (18,646 in chips)
Seat 4: d7d167e4 (37,877 in chips)
Seat 5: 52ace512 (18,163 in chips)
Seat 6: a4d7e6ca (18,177 in chips)
Seat 7: 7e356ea8 (4,005 in chips)
Seat 8: 9c826932 (26,210 in chips)
d8a83c3a: posts the ante 45
Hero: posts the ante 45
52ace512: posts the ante 45
d7d167e4: posts the ante 45
a4d7e6ca: posts the ante 45
9c826932: posts the ante 45
371c6baf: posts the ante 45
7e356ea8: posts the ante 45
Hero: posts small blind 150
371c6baf: posts big blind 300
*** HOLE CARDS ***
Dealt to d8a83c3a 
Dealt to Hero [Ts Kc]
Dealt to 371c6baf 
Dealt to d7d167e4 
Dealt to 52ace512 
Dealt to a4d7e6ca 
Dealt to 7e356ea8 
Dealt to 9c826932 
d7d167e4: raises 300 to 600
52ace512: folds
a4d7e6ca: calls 600
7e356ea8: folds
9c826932: folds
d8a83c3a: folds
Hero: folds
371c6baf: folds
*** FLOP *** [2c 6c 4c]
d7d167e4: checks
a4d7e6ca: checks
*** TURN *** [2c 6c 4c] [4d]
d7d167e4: bets 2,613
a4d7e6ca: folds
Uncalled bet (2,613) returned to d7d167e4
*** SHOWDOWN ***
d7d167e4 collected 2,010 from pot
*** SUMMARY ***
Total pot 2,010 | Rake 0 | Jackpot 0 | Bingo 0 | Fortune 0 | Tax 0
Board [2c 6c 4c 4d]
Seat 1: d8a83c3a (button) folded before Flop
Seat 2: Hero (small blind) folded before Flop
Seat 3: 371c6baf (big blind) folded before Flop
Seat 4: d7d167e4 won (2,010)
Seat 5: 52ace512 folded before Flop
Seat 6: a4d7e6ca folded on the Turn
Seat 7: 7e356ea8 folded before Flop
Seat 8: 9c826932 folded before Flop


Poker Hand #TM5697298275: Tournament #269347657, Bounty Hunters Special $10.80 Hold'em No Limit - Level6(150/300(45)) - 2026/03/12 21:48:45
Table '136' 8-max Seat #8 is the button
Seat 1: d8a83c3a (17,280 in chips)
Seat 2: Hero (11,310 in chips)
Seat 3: 371c6baf (18,691 in chips)
Seat 4: d7d167e4 (37,922 in chips)
Seat 5: 52ace512 (18,208 in chips)
Seat 6: a4d7e6ca (18,222 in chips)
Seat 7: 7e356ea8 (4,050 in chips)
Seat 8: 9c826932 (25,445 in chips)
d8a83c3a: posts the ante 45
Hero: posts the ante 45
52ace512: posts the ante 45
d7d167e4: posts the ante 45
a4d7e6ca: posts the ante 45
9c826932: posts the ante 45
371c6baf: posts the ante 45
7e356ea8: posts the ante 45
d8a83c3a: posts small blind 150
Hero: posts big blind 300
*** HOLE CARDS ***
Dealt to d8a83c3a 
Dealt to Hero [5d 3c]
Dealt to 371c6baf 
Dealt to d7d167e4 
Dealt to 52ace512 
Dealt to a4d7e6ca 
Dealt to 7e356ea8 
Dealt to 9c826932 
371c6baf: folds
d7d167e4: folds
52ace512: folds
a4d7e6ca: folds
7e356ea8: folds
9c826932: raises 300 to 600
d8a83c3a: folds
Hero: folds
Uncalled bet (300) returned to 9c826932
*** SHOWDOWN ***
9c826932 collected 1,110 from pot
*** SUMMARY ***
Total pot 1,110 | Rake 0 | Jackpot 0 | Bingo 0 | Fortune 0 | Tax 0
Seat 1: d8a83c3a (small blind) folded before Flop
Seat 2: Hero (big blind) folded before Flop
Seat 3: 371c6baf folded before Flop
Seat 4: d7d167e4 folded before Flop
Seat 5: 52ace512 folded before Flop
Seat 6: a4d7e6ca folded before Flop
Seat 7: 7e356ea8 folded before Flop
Seat 8: 9c826932 (button) collected (1,110)


Poker Hand #TM5697298267: Tournament #269347657, Bounty Hunters Special $10.80 Hold'em No Limit - Level6(150/300(45)) - 2026/03/12 21:48:23
Table '136' 8-max Seat #7 is the button
Seat 1: d8a83c3a (17,625 in chips)
Seat 2: Hero (11,355 in chips)
Seat 3: 371c6baf (18,736 in chips)
Seat 4: d7d167e4 (37,967 in chips)
Seat 5: 52ace512 (17,443 in chips)
Seat 6: a4d7e6ca (18,267 in chips)
Seat 7: 7e356ea8 (4,095 in chips)
Seat 8: 9c826932 (25,640 in chips)
d8a83c3a: posts the ante 45
Hero: posts the ante 45
52ace512: posts the ante 45
d7d167e4: posts the ante 45
a4d7e6ca: posts the ante 45
9c826932: posts the ante 45
371c6baf: posts the ante 45
7e356ea8: posts the ante 45
9c826932: posts small blind 150
d8a83c3a: posts big blind 300
*** HOLE CARDS ***
Dealt to d8a83c3a 
Dealt to Hero [7s Kc]
Dealt to 371c6baf 
Dealt to d7d167e4 
Dealt to 52ace512 
Dealt to a4d7e6ca 
Dealt to 7e356ea8 
Dealt to 9c826932 
Hero: folds
371c6baf: folds
d7d167e4: folds
52ace512: raises 300 to 600
a4d7e6ca: folds
7e356ea8: folds
9c826932: folds
d8a83c3a: folds
Uncalled bet (300) returned to 52ace512
*** SHOWDOWN ***
52ace512 collected 1,110 from pot
*** SUMMARY ***
Total pot 1,110 | Rake 0 | Jackpot 0 | Bingo 0 | Fortune 0 | Tax 0
Seat 1: d8a83c3a (big blind) folded before Flop
Seat 2: Hero folded before Flop
Seat 3: 371c6baf folded before Flop
Seat 4: d7d167e4 folded before Flop
Seat 5: 52ace512 collected (1,110)
Seat 6: a4d7e6ca folded before Flop
Seat 7: 7e356ea8 (button) folded before Flop
Seat 8: 9c826932 (small blind) folded before Flop


Poker Hand #TM5697298248: Tournament #269347657, Bounty Hunters Special $10.80 Hold'em No Limit - Level6(150/300(45)) - 2026/03/12 21:47:14
Table '136' 8-max Seat #6 is the button
Seat 1: d8a83c3a (17,670 in chips)
Seat 2: Hero (11,400 in chips)
Seat 3: 371c6baf (18,781 in chips)
Seat 4: d7d167e4 (38,012 in chips)
Seat 5: 52ace512 (18,633 in chips)
Seat 6: a4d7e6ca (19,457 in chips)
Seat 7: 7e356ea8 (1,190 in chips)
Seat 8: 9c826932 (25,985 in chips)
d8a83c3a: posts the ante 45
Hero: posts the ante 45
52ace512: posts the ante 45
d7d167e4: posts the ante 45
a4d7e6ca: posts the ante 45
9c826932: posts the ante 45
371c6baf: posts the ante 45
7e356ea8: posts the ante 45
7e356ea8: posts small blind 150
9c826932: posts big blind 300
*** HOLE CARDS ***
Dealt to d8a83c3a 
Dealt to Hero [9h 2c]
Dealt to 371c6baf 
Dealt to d7d167e4 
Dealt to 52ace512 
Dealt to a4d7e6ca 
Dealt to 7e356ea8 
Dealt to 9c826932 
d8a83c3a: folds
Hero: folds
371c6baf: folds
d7d167e4: folds
52ace512: raises 300 to 600
a4d7e6ca: calls 600
7e356ea8: raises 545 to 1,145 and is all-in
9c826932: folds
52ace512: calls 545
a4d7e6ca: calls 545
*** FLOP *** [Ad Ks 5s]
52ace512: checks
a4d7e6ca: checks
*** TURN *** [Ad Ks 5s] [9d]
52ace512: checks
a4d7e6ca: checks
*** RIVER *** [Ad Ks 5s 9d] [Tc]
52ace512: checks
a4d7e6ca: checks
7e356ea8: shows [Th Ah] (two pair, Aces and Tens)
52ace512: shows [Jc Td] (a pair of Tens)
a4d7e6ca: shows [4c 6d] (Ace high)
*** SHOWDOWN ***
7e356ea8 collected 4,095 from pot
*** SUMMARY ***
Total pot 4,095 | Rake 0 | Jackpot 0 | Bingo 0 | Fortune 0 | Tax 0
Board [Ad Ks 5s 9d Tc]
Seat 1: d8a83c3a folded before Flop
Seat 2: Hero folded before Flop
Seat 3: 371c6baf folded before Flop
Seat 4: d7d167e4 folded before Flop
Seat 5: 52ace512 showed [Jc Td] and lost with a pair of Tens
Seat 6: a4d7e6ca (button) showed [4c 6d] and lost with Ace high
Seat 7: 7e356ea8 (small blind) showed [Th Ah] and won (4,095) with two pair, Aces and Tens
Seat 8: 9c826932 (big blind) folded before Flop


Poker Hand #TM5697298220: Tournament #269347657, Bounty Hunters Special $10.80 Hold'em No Limit - Level6(150/300(45)) - 2026/03/12 21:45:46
Table '136' 8-max Seat #5 is the button
Seat 1: d8a83c3a (8,475 in chips)
Seat 2: Hero (11,445 in chips)
Seat 3: 371c6baf (18,826 in chips)
Seat 4: d7d167e4 (38,057 in chips)
Seat 5: 52ace512 (18,678 in chips)
Seat 6: a4d7e6ca (20,102 in chips)
Seat 7: 7e356ea8 (9,515 in chips)
Seat 8: 9c826932 (26,030 in chips)
d8a83c3a: posts the ante 45
Hero: posts the ante 45
52ace512: posts the ante 45
d7d167e4: posts the ante 45
a4d7e6ca: posts the ante 45
9c826932: posts the ante 45
371c6baf: posts the ante 45
7e356ea8: posts the ante 45
a4d7e6ca: posts small blind 150
7e356ea8: posts big blind 300
*** HOLE CARDS ***
Dealt to d8a83c3a 
Dealt to Hero [7h Td]
Dealt to 371c6baf 
Dealt to d7d167e4 
Dealt to 52ace512 
Dealt to a4d7e6ca 
Dealt to 7e356ea8 
Dealt to 9c826932 
9c826932: folds
d8a83c3a: raises 300 to 600
Hero: folds
371c6baf: folds
d7d167e4: folds
52ace512: folds
a4d7e6ca: calls 450
7e356ea8: calls 300
*** FLOP *** [Js 5d Th]
a4d7e6ca: checks
7e356ea8: checks
d8a83c3a: bets 900
a4d7e6ca: folds
7e356ea8: calls 900
*** TURN *** [Js 5d Th] [2h]
7e356ea8: checks
d8a83c3a: bets 1,980
7e356ea8: calls 1,980
*** RIVER *** [Js 5d Th 2h] [8s]
7e356ea8: checks
d8a83c3a: bets 4,800
7e356ea8: calls 4,800
d8a83c3a: shows [Jh Ac] (a pair of Jacks)
7e356ea8: shows [4c Jc] (a pair of Jacks)
*** SHOWDOWN ***
d8a83c3a collected 17,520 from pot
*** SUMMARY ***
Total pot 17,520 | Rake 0 | Jackpot 0 | Bingo 0 | Fortune 0 | Tax 0
Board [Js 5d Th 2h 8s]
Seat 1: d8a83c3a showed [Jh Ac] and won (17,520) with a pair of Jacks
Seat 2: Hero folded before Flop
Seat 3: 371c6baf folded before Flop
Seat 4: d7d167e4 folded before Flop
Seat 5: 52ace512 (button) folded before Flop
Seat 6: a4d7e6ca (small blind) folded on the Flop
Seat 7: 7e356ea8 (big blind) showed [4c Jc] and lost with a pair of Jacks
Seat 8: 9c826932 folded before Flop


Poker Hand #TM5697298207: Tournament #269347657, Bounty Hunters Special $10.80 Hold'em No Limit - Level6(150/300(45)) - 2026/03/12 21:44:59
Table '136' 8-max Seat #4 is the button
Seat 1: d8a83c3a (8,520 in chips)
Seat 2: Hero (11,085 in chips)
Seat 3: 371c6baf (18,871 in chips)
Seat 4: d7d167e4 (37,697 in chips)
Seat 5: 52ace512 (18,873 in chips)
Seat 6: a4d7e6ca (20,447 in chips)
Seat 7: 7e356ea8 (9,560 in chips)
Seat 8: 9c826932 (26,075 in chips)
d8a83c3a: posts the ante 45
Hero: posts the ante 45
d7d167e4: posts the ante 45
52ace512: posts the ante 45
a4d7e6ca: posts the ante 45
9c826932: posts the ante 45
371c6baf: posts the ante 45
7e356ea8: posts the ante 45
52ace512: posts small blind 150
a4d7e6ca: posts big blind 300
*** HOLE CARDS ***
Dealt to d8a83c3a 
Dealt to Hero [Ah Kc]
Dealt to 371c6baf 
Dealt to d7d167e4 
Dealt to 52ace512 
Dealt to a4d7e6ca 
Dealt to 7e356ea8 
Dealt to 9c826932 
7e356ea8: folds
9c826932: folds
d8a83c3a: folds
Hero: raises 300 to 600
371c6baf: folds
d7d167e4: raises 1,508 to 2,108
52ace512: folds
a4d7e6ca: folds
Hero: raises 8,932 to 11,040 and is all-in
d7d167e4: calls 8,932
Hero: shows [Ah Kc]
d7d167e4: shows [Ad Kd]
*** FLOP *** [As Td 4s]
*** TURN *** [As Td 4s] [Qh]
*** RIVER *** [As Td 4s Qh] [Ac]
*** SHOWDOWN ***
d7d167e4 collected 11,445 from pot
Hero collected 11,445 from pot
*** SUMMARY ***
Total pot 22,890 | Rake 0 | Jackpot 0 | Bingo 0 | Fortune 0 | Tax 0
Board [As Td 4s Qh Ac]
Seat 1: d8a83c3a folded before Flop
Seat 2: Hero showed [Ah Kc] and won (11,445) with three of a kind, Aces
Seat 3: 371c6baf folded before Flop
Seat 4: d7d167e4 (button) showed [Ad Kd] and won (11,445) with three of a kind, Aces
Seat 5: 52ace512 (small blind) folded before Flop
Seat 6: a4d7e6ca (big blind) folded before Flop
Seat 7: 7e356ea8 folded before Flop
Seat 8: 9c826932 folded before Flop


Poker Hand #TM5697298196: Tournament #269347657, Bounty Hunters Special $10.80 Hold'em No Limit - Level6(150/300(45)) - 2026/03/12 21:44:23
Table '136' 8-max Seat #3 is the button
Seat 1: d8a83c3a (9,165 in chips)
Seat 2: Hero (11,130 in chips)
Seat 3: 371c6baf (17,506 in chips)
Seat 4: d7d167e4 (37,892 in chips)
Seat 5: 52ace512 (19,218 in chips)
Seat 6: a4d7e6ca (20,492 in chips)
Seat 7: 7e356ea8 (9,605 in chips)
Seat 8: 9c826932 (26,120 in chips)
d8a83c3a: posts the ante 45
Hero: posts the ante 45
52ace512: posts the ante 45
d7d167e4: posts the ante 45
a4d7e6ca: posts the ante 45
9c826932: posts the ante 45
371c6baf: posts the ante 45
7e356ea8: posts the ante 45
d7d167e4: posts small blind 150
52ace512: posts big blind 300
*** HOLE CARDS ***
Dealt to d8a83c3a 
Dealt to Hero [8d 3d]
Dealt to 371c6baf 
Dealt to d7d167e4 
Dealt to 52ace512 
Dealt to a4d7e6ca 
Dealt to 7e356ea8 
Dealt to 9c826932 
a4d7e6ca: folds
7e356ea8: folds
9c826932: folds
d8a83c3a: raises 300 to 600
Hero: folds
371c6baf: raises 1,200 to 1,800
d7d167e4: folds
52ace512: folds
d8a83c3a: folds
Uncalled bet (1,200) returned to 371c6baf
*** SHOWDOWN ***
371c6baf collected 2,010 from pot
*** SUMMARY ***
Total pot 2,010 | Rake 0 | Jackpot 0 | Bingo 0 | Fortune 0 | Tax 0
Seat 1: d8a83c3a folded before Flop
Seat 2: Hero folded before Flop
Seat 3: 371c6baf (button) collected (2,010)
Seat 4: d7d167e4 (small blind) folded before Flop
Seat 5: 52ace512 (big blind) folded before Flop
Seat 6: a4d7e6ca folded before Flop
Seat 7: 7e356ea8 folded before Flop
Seat 8: 9c826932 folded before Flop


Poker Hand #TM5697298184: Tournament #269347657, Bounty Hunters Special $10.80 Hold'em No Limit - Level6(150/300(45)) - 2026/03/12 21:43:37
Table '136' 8-max Seat #2 is the button
Seat 1: d8a83c3a (9,210 in chips)
Seat 2: Hero (11,175 in chips)
Seat 3: 371c6baf (17,701 in chips)
Seat 4: d7d167e4 (31,319 in chips)
Seat 5: 52ace512 (19,263 in chips)
Seat 6: a4d7e6ca (26,645 in chips)
Seat 7: 7e356ea8 (9,650 in chips)
Seat 8: 9c826932 (26,165 in chips)
d8a83c3a: posts the ante 45
Hero: posts the ante 45
52ace512: posts the ante 45
d7d167e4: posts the ante 45
a4d7e6ca: posts the ante 45
9c826932: posts the ante 45
371c6baf: posts the ante 45
7e356ea8: posts the ante 45
371c6baf: posts small blind 150
d7d167e4: posts big blind 300
*** HOLE CARDS ***
Dealt to d8a83c3a 
Dealt to Hero [9s Ks]
Dealt to 371c6baf 
Dealt to d7d167e4 
Dealt to 52ace512 
Dealt to a4d7e6ca 
Dealt to 7e356ea8 
Dealt to 9c826932 
52ace512: folds
a4d7e6ca: raises 300 to 600
7e356ea8: folds
9c826932: folds
d8a83c3a: folds
Hero: folds
371c6baf: folds
d7d167e4: calls 300
*** FLOP *** [4c Ts 6s]
d7d167e4: checks
a4d7e6ca: bets 513
d7d167e4: raises 1,177 to 1,690
a4d7e6ca: calls 1,177
*** TURN *** [4c Ts 6s] [2c]
d7d167e4: bets 3,818
a4d7e6ca: calls 3,818
*** RIVER *** [4c Ts 6s 2c] [Js]
d7d167e4: bets 4,200
a4d7e6ca: folds
Uncalled bet (4,200) returned to d7d167e4
*** SHOWDOWN ***
d7d167e4 collected 12,726 from pot
*** SUMMARY ***
Total pot 12,726 | Rake 0 | Jackpot 0 | Bingo 0 | Fortune 0 | Tax 0
Board [4c Ts 6s 2c Js]
Seat 1: d8a83c3a folded before Flop
Seat 2: Hero (button) folded before Flop
Seat 3: 371c6baf (small blind) folded before Flop
Seat 4: d7d167e4 (big blind) won (12,726)
Seat 5: 52ace512 folded before Flop
Seat 6: a4d7e6ca folded on the River
Seat 7: 7e356ea8 folded before Flop
Seat 8: 9c826932 folded before Flop


Poker Hand #TM5697298165: Tournament #269347657, Bounty Hunters Special $10.80 Hold'em No Limit - Level6(150/300(45)) - 2026/03/12 21:42:46
Table '136' 8-max Seat #1 is the button
Seat 1: d8a83c3a (9,255 in chips)
Seat 2: Hero (11,370 in chips)
Seat 3: 371c6baf (18,859 in chips)
Seat 4: d7d167e4 (31,364 in chips)
Seat 5: 52ace512 (19,308 in chips)
Seat 6: a4d7e6ca (25,067 in chips)
Seat 7: 7e356ea8 (9,695 in chips)
Seat 8: 9c826932 (26,210 in chips)
d8a83c3a: posts the ante 45
Hero: posts the ante 45
52ace512: posts the ante 45
d7d167e4: posts the ante 45
a4d7e6ca: posts the ante 45
9c826932: posts the ante 45
371c6baf: posts the ante 45
7e356ea8: posts the ante 45
Hero: posts small blind 150
371c6baf: posts big blind 300
*** HOLE CARDS ***
Dealt to d8a83c3a 
Dealt to Hero [Jd 6d]
Dealt to 371c6baf 
Dealt to d7d167e4 
Dealt to 52ace512 
Dealt to a4d7e6ca 
Dealt to 7e356ea8 
Dealt to 9c826932 
d7d167e4: folds
52ace512: folds
a4d7e6ca: raises 300 to 600
7e356ea8: folds
9c826932: folds
d8a83c3a: folds
Hero: folds
371c6baf: calls 300
*** FLOP *** [9h Td 8d]
371c6baf: checks
a4d7e6ca: bets 513
371c6baf: calls 513
*** TURN *** [9h Td 8d] [5c]
371c6baf: checks
a4d7e6ca: bets 2,052
371c6baf: folds
Uncalled bet (2,052) returned to a4d7e6ca
*** SHOWDOWN ***
a4d7e6ca collected 2,736 from pot
*** SUMMARY ***
Total pot 2,736 | Rake 0 | Jackpot 0 | Bingo 0 | Fortune 0 | Tax 0
Board [9h Td 8d 5c]
Seat 1: d8a83c3a (button) folded before Flop
Seat 2: Hero (small blind) folded before Flop
Seat 3: 371c6baf (big blind) folded on the Turn
Seat 4: d7d167e4 folded before Flop
Seat 5: 52ace512 folded before Flop
Seat 6: a4d7e6ca won (2,736)
Seat 7: 7e356ea8 folded before Flop
Seat 8: 9c826932 folded before Flop


Poker Hand #TM5697298152: Tournament #269347657, Bounty Hunters Special $10.80 Hold'em No Limit - Level6(150/300(45)) - 2026/03/12 21:41:57
Table '136' 8-max Seat #8 is the button
Seat 1: d8a83c3a (9,450 in chips)
Seat 2: Hero (12,015 in chips)
Seat 3: 371c6baf (18,904 in chips)
Seat 4: d7d167e4 (31,409 in chips)
Seat 5: 52ace512 (19,353 in chips)
Seat 6: a4d7e6ca (24,002 in chips)
Seat 7: 7e356ea8 (9,740 in chips)
Seat 8: 9c826932 (26,255 in chips)
d8a83c3a: posts the ante 45
Hero: posts the ante 45
52ace512: posts the ante 45
d7d167e4: posts the ante 45
a4d7e6ca: posts the ante 45
9c826932: posts the ante 45
371c6baf: posts the ante 45
7e356ea8: posts the ante 45
d8a83c3a: posts small blind 150
Hero: posts big blind 300
*** HOLE CARDS ***
Dealt to d8a83c3a 
Dealt to Hero [4h Ac]
Dealt to 371c6baf 
Dealt to d7d167e4 
Dealt to 52ace512 
Dealt to a4d7e6ca 
Dealt to 7e356ea8 
Dealt to 9c826932 
371c6baf: folds
d7d167e4: folds
52ace512: folds
a4d7e6ca: raises 300 to 600
7e356ea8: folds
9c826932: folds
d8a83c3a: folds
Hero: calls 300
*** FLOP *** [5c 6h 5s]
Hero: checks
a4d7e6ca: checks
*** TURN *** [5c 6h 5s] [Js]
Hero: checks
a4d7e6ca: bets 855
Hero: folds
Uncalled bet (855) returned to a4d7e6ca
*** SHOWDOWN ***
a4d7e6ca collected 1,710 from pot
*** SUMMARY ***
Total pot 1,710 | Rake 0 | Jackpot 0 | Bingo 0 | Fortune 0 | Tax 0
Board [5c 6h 5s Js]
Seat 1: d8a83c3a (small blind) folded before Flop
Seat 2: Hero (big blind) folded on the Turn
Seat 3: 371c6baf folded before Flop
Seat 4: d7d167e4 folded before Flop
Seat 5: 52ace512 folded before Flop
Seat 6: a4d7e6ca won (1,710)
Seat 7: 7e356ea8 folded before Flop
Seat 8: 9c826932 (button) folded before Flop


Poker Hand #TM5697298140: Tournament #269347657, Bounty Hunters Special $10.80 Hold'em No Limit - Level6(150/300(45)) - 2026/03/12 21:41:25
Table '136' 8-max Seat #7 is the button
Seat 1: d8a83c3a (9,795 in chips)
Seat 2: Hero (12,660 in chips)
Seat 3: 371c6baf (20,599 in chips)
Seat 4: d7d167e4 (28,394 in chips)
Seat 5: 52ace512 (19,398 in chips)
Seat 6: a4d7e6ca (24,047 in chips)
Seat 7: 7e356ea8 (9,785 in chips)
Seat 8: 9c826932 (26,450 in chips)
d8a83c3a: posts the ante 45
Hero: posts the ante 45
52ace512: posts the ante 45
d7d167e4: posts the ante 45
a4d7e6ca: posts the ante 45
9c826932: posts small blind 150
9c826932: posts the ante 45
371c6baf: posts the ante 45
7e356ea8: posts the ante 45
d8a83c3a: posts big blind 300
*** HOLE CARDS ***
Dealt to d8a83c3a 
Dealt to Hero [8d Ad]
Dealt to 371c6baf 
Dealt to d7d167e4 
Dealt to 52ace512 
Dealt to a4d7e6ca 
Dealt to 7e356ea8 
Dealt to 9c826932 
Hero: raises 300 to 600
371c6baf: raises 1,050 to 1,650
d7d167e4: raises 2,100 to 3,750
52ace512: folds
a4d7e6ca: folds
7e356ea8: folds
9c826932: folds
d8a83c3a: folds
Hero: folds
371c6baf: folds
Uncalled bet (2,100) returned to d7d167e4
*** SHOWDOWN ***
d7d167e4 collected 4,710 from pot
*** SUMMARY ***
Total pot 4,710 | Rake 0 | Jackpot 0 | Bingo 0 | Fortune 0 | Tax 0
Seat 1: d8a83c3a (big blind) folded before Flop
Seat 2: Hero folded before Flop
Seat 3: 371c6baf folded before Flop
Seat 4: d7d167e4 collected (4,710)
Seat 5: 52ace512 folded before Flop
Seat 6: a4d7e6ca folded before Flop
Seat 7: 7e356ea8 (button) folded before Flop
Seat 8: 9c826932 (small blind) folded before Flop


Poker Hand #TM5697298121: Tournament #269347657, Bounty Hunters Special $10.80 Hold'em No Limit - Level6(150/300(45)) - 2026/03/12 21:40:20
Table '136' 8-max Seat #6 is the button
Seat 1: d8a83c3a (9,840 in chips)
Seat 2: Hero (12,705 in chips)
Seat 3: 371c6baf (18,570 in chips)
Seat 4: d7d167e4 (28,439 in chips)
Seat 5: 52ace512 (19,443 in chips)
Seat 6: a4d7e6ca (25,356 in chips)
Seat 7: 7e356ea8 (9,980 in chips)
Seat 8: 9c826932 (26,795 in chips)
d8a83c3a: posts the ante 45
Hero: posts the ante 45
52ace512: posts the ante 45
d7d167e4: posts the ante 45
a4d7e6ca: posts the ante 45
9c826932: posts the ante 45
371c6baf: posts the ante 45
7e356ea8: posts the ante 45
7e356ea8: posts small blind 150
9c826932: posts big blind 300
*** HOLE CARDS ***
Dealt to d8a83c3a 
Dealt to Hero [9s Kh]
Dealt to 371c6baf 
Dealt to d7d167e4 
Dealt to 52ace512 
Dealt to a4d7e6ca 
Dealt to 7e356ea8 
Dealt to 9c826932 
d8a83c3a: folds
Hero: folds
371c6baf: raises 300 to 600
d7d167e4: folds
52ace512: folds
a4d7e6ca: calls 600
7e356ea8: folds
9c826932: folds
*** FLOP *** [5d 7h Ac]
371c6baf: bets 664
a4d7e6ca: calls 664
*** TURN *** [5d 7h Ac] [Tc]
371c6baf: bets 2,671
a4d7e6ca: folds
Uncalled bet (2,671) returned to 371c6baf
*** SHOWDOWN ***
371c6baf collected 3,338 from pot
*** SUMMARY ***
Total pot 3,338 | Rake 0 | Jackpot 0 | Bingo 0 | Fortune 0 | Tax 0
Board [5d 7h Ac Tc]
Seat 1: d8a83c3a folded before Flop
Seat 2: Hero folded before Flop
Seat 3: 371c6baf won (3,338)
Seat 4: d7d167e4 folded before Flop
Seat 5: 52ace512 folded before Flop
Seat 6: a4d7e6ca (button) folded on the Turn
Seat 7: 7e356ea8 (small blind) folded before Flop
Seat 8: 9c826932 (big blind) folded before Flop


Poker Hand #TM5697298103: Tournament #269347657, Bounty Hunters Special $10.80 Hold'em No Limit - Level6(150/300(45)) - 2026/03/12 21:39:10
Table '136' 8-max Seat #5 is the button
Seat 1: d8a83c3a (9,885 in chips)
Seat 2: Hero (12,750 in chips)
Seat 3: 371c6baf (8,925 in chips)
Seat 4: d7d167e4 (37,364 in chips)
Seat 5: 52ace512 (19,488 in chips)
Seat 6: a4d7e6ca (25,551 in chips)
Seat 7: 7e356ea8 (10,325 in chips)
Seat 8: 9c826932 (26,840 in chips)
a4d7e6ca: posts the ante 45
d8a83c3a: posts the ante 45
Hero: posts the ante 45
52ace512: posts the ante 45
d7d167e4: posts the ante 45
9c826932: posts the ante 45
371c6baf: posts the ante 45
7e356ea8: posts the ante 45
a4d7e6ca: posts small blind 150
7e356ea8: posts big blind 300
*** HOLE CARDS ***
Dealt to d8a83c3a 
Dealt to Hero [3d 9c]
Dealt to 371c6baf 
Dealt to d7d167e4 
Dealt to 52ace512 
Dealt to a4d7e6ca 
Dealt to 7e356ea8 
Dealt to 9c826932 
9c826932: folds
d8a83c3a: folds
Hero: folds
371c6baf: raises 300 to 600
d7d167e4: raises 1,350 to 1,950
52ace512: folds
a4d7e6ca: folds
7e356ea8: folds
371c6baf: calls 1,350
*** FLOP *** [5s Tc Kh]
371c6baf: checks
d7d167e4: checks
*** TURN *** [5s Tc Kh] [8h]
371c6baf: bets 1,555
d7d167e4: calls 1,555
*** RIVER *** [5s Tc Kh 8h] [8s]
371c6baf: bets 5,375 and is all-in
d7d167e4: calls 5,375
371c6baf: shows [Ks Qc] (two pair, Kings and Eights)
d7d167e4: shows [9s 9d] (two pair, Nines and Eights)
*** SHOWDOWN ***
371c6baf collected 18,570 from pot
*** SUMMARY ***
Total pot 18,570 | Rake 0 | Jackpot 0 | Bingo 0 | Fortune 0 | Tax 0
Board [5s Tc Kh 8h 8s]
Seat 1: d8a83c3a folded before Flop
Seat 2: Hero folded before Flop
Seat 3: 371c6baf showed [Ks Qc] and won (18,570) with two pair, Kings and Eights
Seat 4: d7d167e4 showed [9s 9d] and lost with two pair, Nines and Eights
Seat 5: 52ace512 (button) folded before Flop
Seat 6: a4d7e6ca (small blind) folded before Flop
Seat 7: 7e356ea8 (big blind) folded before Flop
Seat 8: 9c826932 folded before Flop


Poker Hand #TM5697298078: Tournament #269347657, Bounty Hunters Special $10.80 Hold'em No Limit - Level6(150/300(45)) - 2026/03/12 21:37:56
Table '136' 8-max Seat #4 is the button
Seat 1: d8a83c3a (9,930 in chips)
Seat 2: Hero (30,772 in chips)
Seat 3: 371c6baf (8,970 in chips)
Seat 4: d7d167e4 (18,022 in chips)
Seat 5: 52ace512 (19,683 in chips)
Seat 6: a4d7e6ca (25,896 in chips)
Seat 7: 7e356ea8 (10,370 in chips)
Seat 8: 9c826932 (27,485 in chips)
d8a83c3a: posts the ante 45
Hero: posts the ante 45
d7d167e4: posts the ante 45
52ace512: posts the ante 45
a4d7e6ca: posts the ante 45
9c826932: posts the ante 45
371c6baf: posts the ante 45
7e356ea8: posts the ante 45
52ace512: posts small blind 150
a4d7e6ca: posts big blind 300
*** HOLE CARDS ***
Dealt to d8a83c3a 
Dealt to Hero [Jh Th]
Dealt to 371c6baf 
Dealt to d7d167e4 
Dealt to 52ace512 
Dealt to a4d7e6ca 
Dealt to 7e356ea8 
Dealt to 9c826932 
7e356ea8: folds
9c826932: raises 300 to 600
d8a83c3a: folds
Hero: calls 600
371c6baf: folds
d7d167e4: raises 1,800 to 2,400
52ace512: folds
a4d7e6ca: folds
9c826932: folds
Hero: calls 1,800
*** FLOP *** [9h Ts Qd]
Hero: checks
d7d167e4: bets 2,050
Hero: calls 2,050
*** TURN *** [9h Ts Qd] [6h]
Hero: checks
d7d167e4: bets 13,527 and is all-in
Hero: calls 13,527
d7d167e4: shows [Ac Qc] (a pair of Queens)
Hero: shows [Jh Th] (a pair of Tens)
*** RIVER *** [9h Ts Qd 6h] [As]
*** SHOWDOWN ***
d7d167e4 collected 37,364 from pot
*** SUMMARY ***
Total pot 37,364 | Rake 0 | Jackpot 0 | Bingo 0 | Fortune 0 | Tax 0
Board [9h Ts Qd 6h As]
Seat 1: d8a83c3a folded before Flop
Seat 2: Hero showed [Jh Th] and lost with a pair of Tens
Seat 3: 371c6baf folded before Flop
Seat 4: d7d167e4 (button) showed [Ac Qc] and won (37,364) with two pair, Aces and Queens
Seat 5: 52ace512 (small blind) folded before Flop
Seat 6: a4d7e6ca (big blind) folded before Flop
Seat 7: 7e356ea8 folded before Flop
Seat 8: 9c826932 folded before Flop


Poker Hand #TM5697298062: Tournament #269347657, Bounty Hunters Special $10.80 Hold'em No Limit - Level5(125/250(35)) - 2026/03/12 21:37:07
Table '136' 8-max Seat #3 is the button
Seat 1: d8a83c3a (9,965 in chips)
Seat 2: Hero (30,807 in chips)
Seat 3: 371c6baf (9,505 in chips)
Seat 4: d7d167e4 (18,182 in chips)
Seat 5: 52ace512 (21,171 in chips)
Seat 6: a4d7e6ca (23,573 in chips)
Seat 7: 7e356ea8 (10,405 in chips)
Seat 8: 9c826932 (27,520 in chips)
d8a83c3a: posts the ante 35
Hero: posts the ante 35
52ace512: posts the ante 35
d7d167e4: posts the ante 35
a4d7e6ca: posts the ante 35
9c826932: posts the ante 35
371c6baf: posts the ante 35
7e356ea8: posts the ante 35
d7d167e4: posts small blind 125
52ace512: posts big blind 250
*** HOLE CARDS ***
Dealt to d8a83c3a 
Dealt to Hero [4s 7d]
Dealt to 371c6baf 
Dealt to d7d167e4 
Dealt to 52ace512 
Dealt to a4d7e6ca 
Dealt to 7e356ea8 
Dealt to 9c826932 
a4d7e6ca: raises 250 to 500
7e356ea8: folds
9c826932: folds
d8a83c3a: folds
Hero: folds
371c6baf: calls 500
d7d167e4: folds
52ace512: calls 250
*** FLOP *** [Jd 3s 4c]
52ace512: checks
a4d7e6ca: bets 953
371c6baf: folds
52ace512: calls 953
*** TURN *** [Jd 3s 4c] [Th]
52ace512: checks
a4d7e6ca: bets 2,859
52ace512: folds
Uncalled bet (2,859) returned to a4d7e6ca
*** SHOWDOWN ***
a4d7e6ca collected 3,811 from pot
*** SUMMARY ***
Total pot 3,811 | Rake 0 | Jackpot 0 | Bingo 0 | Fortune 0 | Tax 0
Board [Jd 3s 4c Th]
Seat 1: d8a83c3a folded before Flop
Seat 2: Hero folded before Flop
Seat 3: 371c6baf (button) folded on the Flop
Seat 4: d7d167e4 (small blind) folded before Flop
Seat 5: 52ace512 (big blind) folded on the Turn
Seat 6: a4d7e6ca won (3,811)
Seat 7: 7e356ea8 folded before Flop
Seat 8: 9c826932 folded before Flop


Poker Hand #TM5697298054: Tournament #269347657, Bounty Hunters Special $10.80 Hold'em No Limit - Level5(125/250(35)) - 2026/03/12 21:36:34
Table '136' 8-max Seat #2 is the button
Seat 1: d8a83c3a (10,000 in chips)
Seat 2: Hero (29,937 in chips)
Seat 3: 371c6baf (9,665 in chips)
Seat 4: d7d167e4 (18,467 in chips)
Seat 5: 52ace512 (21,206 in chips)
Seat 6: a4d7e6ca (23,858 in chips)
Seat 7: 7e356ea8 (10,440 in chips)
Seat 8: 9c826932 (27,555 in chips)
d8a83c3a: posts the ante 35
Hero: posts the ante 35
52ace512: posts the ante 35
d7d167e4: posts the ante 35
a4d7e6ca: posts the ante 35
9c826932: posts the ante 35
371c6baf: posts the ante 35
7e356ea8: posts the ante 35
371c6baf: posts small blind 125
d7d167e4: posts big blind 250
*** HOLE CARDS ***
Dealt to d8a83c3a 
Dealt to Hero [Qc Ac]
Dealt to 371c6baf 
Dealt to d7d167e4 
Dealt to 52ace512 
Dealt to a4d7e6ca 
Dealt to 7e356ea8 
Dealt to 9c826932 
52ace512: folds
a4d7e6ca: calls 250
7e356ea8: folds
9c826932: folds
d8a83c3a: folds
Hero: raises 1,405 to 1,655
371c6baf: folds
d7d167e4: folds
a4d7e6ca: folds
Uncalled bet (1,405) returned to Hero
*** SHOWDOWN ***
Hero collected 1,155 from pot
*** SUMMARY ***
Total pot 1,155 | Rake 0 | Jackpot 0 | Bingo 0 | Fortune 0 | Tax 0
Seat 1: d8a83c3a folded before Flop
Seat 2: Hero (button) showed [Qc Ac] and collected (1,155)
Seat 3: 371c6baf (small blind) folded before Flop
Seat 4: d7d167e4 (big blind) folded before Flop
Seat 5: 52ace512 folded before Flop
Seat 6: a4d7e6ca folded before Flop
Seat 7: 7e356ea8 folded before Flop
Seat 8: 9c826932 folded before Flop


Poker Hand #TM5697298038: Tournament #269347657, Bounty Hunters Special $10.80 Hold'em No Limit - Level5(125/250(35)) - 2026/03/12 21:35:34
Table '136' 8-max Seat #8 is the button
Seat 2: Hero (29,724 in chips)
Seat 3: 371c6baf (9,950 in chips)
Seat 4: d7d167e4 (18,502 in chips)
Seat 5: 52ace512 (21,241 in chips)
Seat 6: a4d7e6ca (23,646 in chips)
Seat 7: 7e356ea8 (10,475 in chips)
Seat 8: 9c826932 (27,590 in chips)
Hero: posts the ante 35
52ace512: posts the ante 35
d7d167e4: posts the ante 35
a4d7e6ca: posts the ante 35
9c826932: posts the ante 35
371c6baf: posts the ante 35
7e356ea8: posts the ante 35
Hero: posts small blind 125
371c6baf: posts big blind 250
*** HOLE CARDS ***
Dealt to Hero [As Qc]
Dealt to 371c6baf 
Dealt to d7d167e4 
Dealt to 52ace512 
Dealt to a4d7e6ca 
Dealt to 7e356ea8 
Dealt to 9c826932 
d7d167e4: folds
52ace512: folds
a4d7e6ca: raises 250 to 500
7e356ea8: folds
9c826932: folds
Hero: raises 1,622 to 2,122
371c6baf: folds
a4d7e6ca: calls 1,622
*** FLOP *** [4s Tc Jc]
Hero: bets 2,370
a4d7e6ca: calls 2,370
*** TURN *** [4s Tc Jc] [Th]
Hero: checks
a4d7e6ca: bets 2,844
Hero: calls 2,844
*** RIVER *** [4s Tc Jc Th] [5s]
Hero: checks
a4d7e6ca: checks
Hero: shows [As Qc] (a pair of Tens)
a4d7e6ca: shows [Ad Qd] (a pair of Tens)
*** SHOWDOWN ***
a4d7e6ca collected 7,583 from pot
Hero collected 7,584 from pot
*** SUMMARY ***
Total pot 15,167 | Rake 0 | Jackpot 0 | Bingo 0 | Fortune 0 | Tax 0
Board [4s Tc Jc Th 5s]
Seat 2: Hero (small blind) showed [As Qc] and won (7,584) with a pair of Tens
Seat 3: 371c6baf (big blind) folded before Flop
Seat 4: d7d167e4 folded before Flop
Seat 5: 52ace512 folded before Flop
Seat 6: a4d7e6ca showed [Ad Qd] and won (7,583) with a pair of Tens
Seat 7: 7e356ea8 folded before Flop
Seat 8: 9c826932 (button) folded before Flop


Poker Hand #TM5697298024: Tournament #269347657, Bounty Hunters Special $10.80 Hold'em No Limit - Level5(125/250(35)) - 2026/03/12 21:34:43
Table '136' 8-max Seat #7 is the button
Seat 2: Hero (30,259 in chips)
Seat 3: 371c6baf (9,985 in chips)
Seat 4: d7d167e4 (17,167 in chips)
Seat 5: 52ace512 (21,276 in chips)
Seat 6: a4d7e6ca (23,681 in chips)
Seat 7: 7e356ea8 (11,010 in chips)
Seat 8: 9c826932 (27,750 in chips)
Hero: posts the ante 35
52ace512: posts the ante 35
d7d167e4: posts the ante 35
a4d7e6ca: posts the ante 35
9c826932: posts the ante 35
371c6baf: posts the ante 35
7e356ea8: posts the ante 35
9c826932: posts small blind 125
Hero: posts big blind 250
*** HOLE CARDS ***
Dealt to Hero [Td Js]
Dealt to 371c6baf 
Dealt to d7d167e4 
Dealt to 52ace512 
Dealt to a4d7e6ca 
Dealt to 7e356ea8 
Dealt to 9c826932 
371c6baf: folds
d7d167e4: raises 250 to 500
52ace512: folds
a4d7e6ca: folds
7e356ea8: calls 500
9c826932: folds
Hero: calls 250
*** FLOP *** [8c Ad 5c]
Hero: checks
d7d167e4: bets 618
7e356ea8: folds
Hero: folds
Uncalled bet (618) returned to d7d167e4
*** SHOWDOWN ***
d7d167e4 collected 1,870 from pot
*** SUMMARY ***
Total pot 1,870 | Rake 0 | Jackpot 0 | Bingo 0 | Fortune 0 | Tax 0
Board [8c Ad 5c]
Seat 2: Hero (big blind) folded on the Flop
Seat 3: 371c6baf folded before Flop
Seat 4: d7d167e4 won (1,870)
Seat 5: 52ace512 folded before Flop
Seat 6: a4d7e6ca folded before Flop
Seat 7: 7e356ea8 (button) folded on the Flop
Seat 8: 9c826932 (small blind) folded before Flop


Poker Hand #TM5697297999: Tournament #269347657, Bounty Hunters Special $10.80 Hold'em No Limit - Level5(125/250(35)) - 2026/03/12 21:33:25
Table '136' 8-max Seat #6 is the button
Seat 1: e130c017 (7,916 in chips)
Seat 2: Hero (18,805 in chips)
Seat 3: 371c6baf (10,020 in chips)
Seat 4: d7d167e4 (17,202 in chips)
Seat 5: 52ace512 (21,311 in chips)
Seat 6: a4d7e6ca (24,466 in chips)
Seat 7: 7e356ea8 (11,170 in chips)
Seat 8: 9c826932 (30,238 in chips)
Hero: posts the ante 35
e130c017: posts the ante 35
52ace512: posts the ante 35
d7d167e4: posts the ante 35
a4d7e6ca: posts the ante 35
9c826932: posts the ante 35
371c6baf: posts the ante 35
7e356ea8: posts the ante 35
7e356ea8: posts small blind 125
9c826932: posts big blind 250
*** HOLE CARDS ***
Dealt to e130c017 
Dealt to Hero [Kh Qs]
Dealt to 371c6baf 
Dealt to d7d167e4 
Dealt to 52ace512 
Dealt to a4d7e6ca 
Dealt to 7e356ea8 
Dealt to 9c826932 
e130c017: calls 250
Hero: raises 500 to 750
371c6baf: folds
d7d167e4: folds
52ace512: folds
a4d7e6ca: calls 750
7e356ea8: folds
9c826932: calls 500
e130c017: calls 500
*** FLOP *** [3d Qd 6s]
9c826932: checks
e130c017: checks
Hero: bets 1,703
a4d7e6ca: folds
9c826932: calls 1,703
e130c017: raises 5,428 to 7,131 and is all-in
Hero: raises 10,889 to 18,020 and is all-in
9c826932: folds
Uncalled bet (10,889) returned to Hero
Hero: shows [Kh Qs] (a pair of Queens)
e130c017: shows [Qc Tc] (a pair of Queens)
*** TURN *** [3d Qd 6s] [9d]
*** RIVER *** [3d Qd 6s 9d] [Jc]
*** SHOWDOWN ***
Hero collected 19,370 from pot
*** SUMMARY ***
Total pot 19,370 | Rake 0 | Jackpot 0 | Bingo 0 | Fortune 0 | Tax 0
Board [3d Qd 6s 9d Jc]
Seat 1: e130c017 showed [Qc Tc] and lost with a pair of Queens
Seat 2: Hero showed [Kh Qs] and won (19,370) with a pair of Queens
Seat 3: 371c6baf folded before Flop
Seat 4: d7d167e4 folded before Flop
Seat 5: 52ace512 folded before Flop
Seat 6: a4d7e6ca (button) folded on the Flop
Seat 7: 7e356ea8 (small blind) folded before Flop
Seat 8: 9c826932 (big blind) folded on the Flop


Poker Hand #TM5697297992: Tournament #269347657, Bounty Hunters Special $10.80 Hold'em No Limit - Level5(125/250(35)) - 2026/03/12 21:33:00
Table '136' 8-max Seat #5 is the button
Seat 1: e130c017 (6,796 in chips)
Seat 2: Hero (18,840 in chips)
Seat 3: 371c6baf (10,055 in chips)
Seat 4: d7d167e4 (17,237 in chips)
Seat 5: 52ace512 (21,346 in chips)
Seat 6: a4d7e6ca (24,626 in chips)
Seat 7: 7e356ea8 (11,455 in chips)
Seat 8: 9c826932 (30,773 in chips)
Hero: posts the ante 35
e130c017: posts the ante 35
52ace512: posts the ante 35
d7d167e4: posts the ante 35
a4d7e6ca: posts the ante 35
9c826932: posts the ante 35
371c6baf: posts the ante 35
7e356ea8: posts the ante 35
a4d7e6ca: posts small blind 125
7e356ea8: posts big blind 250
*** HOLE CARDS ***
Dealt to e130c017 
Dealt to Hero [7s 8s]
Dealt to 371c6baf 
Dealt to d7d167e4 
Dealt to 52ace512 
Dealt to a4d7e6ca 
Dealt to 7e356ea8 
Dealt to 9c826932 
9c826932: raises 250 to 500
e130c017: raises 6,261 to 6,761 and is all-in
Hero: folds
371c6baf: folds
d7d167e4: folds
52ace512: folds
a4d7e6ca: folds
7e356ea8: folds
9c826932: folds
Uncalled bet (6,261) returned to e130c017
*** SHOWDOWN ***
e130c017 collected 1,655 from pot
*** SUMMARY ***
Total pot 1,655 | Rake 0 | Jackpot 0 | Bingo 0 | Fortune 0 | Tax 0
Seat 1: e130c017 collected (1,655)
Seat 2: Hero folded before Flop
Seat 3: 371c6baf folded before Flop
Seat 4: d7d167e4 folded before Flop
Seat 5: 52ace512 (button) folded before Flop
Seat 6: a4d7e6ca (small blind) folded before Flop
Seat 7: 7e356ea8 (big blind) folded before Flop
Seat 8: 9c826932 folded before Flop


Poker Hand #TM5697297967: Tournament #269347657, Bounty Hunters Special $10.80 Hold'em No Limit - Level5(125/250(35)) - 2026/03/12 21:31:40
Table '136' 8-max Seat #4 is the button
Seat 1: e130c017 (6,831 in chips)
Seat 2: Hero (18,875 in chips)
Seat 3: 371c6baf (10,090 in chips)
Seat 4: d7d167e4 (12,305 in chips)
Seat 5: 52ace512 (21,506 in chips)
Seat 6: a4d7e6ca (29,223 in chips)
Seat 7: 7e356ea8 (11,490 in chips)
Seat 8: 9c826932 (30,808 in chips)
Hero: posts the ante 35
e130c017: posts the ante 35
d7d167e4: posts the ante 35
52ace512: posts the ante 35
a4d7e6ca: posts the ante 35
9c826932: posts the ante 35
371c6baf: posts the ante 35
7e356ea8: posts the ante 35
52ace512: posts small blind 125
a4d7e6ca: posts big blind 250
*** HOLE CARDS ***
Dealt to e130c017 
Dealt to Hero [Ts Kd]
Dealt to 371c6baf 
Dealt to d7d167e4 
Dealt to 52ace512 
Dealt to a4d7e6ca 
Dealt to 7e356ea8 
Dealt to 9c826932 
7e356ea8: folds
9c826932: folds
e130c017: folds
Hero: folds
371c6baf: folds
d7d167e4: raises 250 to 500
52ace512: folds
a4d7e6ca: calls 250
*** FLOP *** [7d 7s 9d]
a4d7e6ca: checks
d7d167e4: bets 250
a4d7e6ca: raises 953 to 1,203
d7d167e4: calls 953
*** TURN *** [7d 7s 9d] [8h]
a4d7e6ca: checks
d7d167e4: checks
*** RIVER *** [7d 7s 9d 8h] [6s]
a4d7e6ca: checks
d7d167e4: bets 2,859
a4d7e6ca: calls 2,859
d7d167e4: shows [7h 8c] (a full house, Sevens full of Eights)
a4d7e6ca: shows [5c 9c] (a straight, Nine to Five)
*** SHOWDOWN ***
d7d167e4 collected 9,529 from pot
*** SUMMARY ***
Total pot 9,529 | Rake 0 | Jackpot 0 | Bingo 0 | Fortune 0 | Tax 0
Board [7d 7s 9d 8h 6s]
Seat 1: e130c017 folded before Flop
Seat 2: Hero folded before Flop
Seat 3: 371c6baf folded before Flop
Seat 4: d7d167e4 (button) showed [7h 8c] and won (9,529) with a full house, Sevens full of Eights
Seat 5: 52ace512 (small blind) folded before Flop
Seat 6: a4d7e6ca (big blind) showed [5c 9c] and lost with a straight, Nine to Five
Seat 7: 7e356ea8 folded before Flop
Seat 8: 9c826932 folded before Flop


Poker Hand #TM5697297948: Tournament #269347657, Bounty Hunters Special $10.80 Hold'em No Limit - Level5(125/250(35)) - 2026/03/12 21:30:38
Table '136' 8-max Seat #3 is the button
Seat 1: e130c017 (7,366 in chips)
Seat 2: Hero (18,910 in chips)
Seat 3: 371c6baf (10,125 in chips)
Seat 4: d7d167e4 (12,465 in chips)
Seat 5: 52ace512 (21,791 in chips)
Seat 6: a4d7e6ca (27,603 in chips)
Seat 7: 7e356ea8 (12,025 in chips)
Seat 8: 9c826932 (30,843 in chips)
Hero: posts the ante 35
e130c017: posts the ante 35
52ace512: posts the ante 35
d7d167e4: posts the ante 35
a4d7e6ca: posts the ante 35
9c826932: posts the ante 35
371c6baf: posts the ante 35
7e356ea8: posts the ante 35
d7d167e4: posts small blind 125
52ace512: posts big blind 250
*** HOLE CARDS ***
Dealt to e130c017 
Dealt to Hero [7c Jh]
Dealt to 371c6baf 
Dealt to d7d167e4 
Dealt to 52ace512 
Dealt to a4d7e6ca 
Dealt to 7e356ea8 
Dealt to 9c826932 
a4d7e6ca: raises 250 to 500
7e356ea8: calls 500
9c826932: folds
e130c017: calls 500
Hero: folds
371c6baf: folds
d7d167e4: folds
52ace512: folds
*** FLOP *** [8c Ks 4h]
a4d7e6ca: checks
7e356ea8: checks
e130c017: checks
*** TURN *** [8c Ks 4h] [Td]
a4d7e6ca: bets 1,617
7e356ea8: folds
e130c017: folds
Uncalled bet (1,617) returned to a4d7e6ca
*** SHOWDOWN ***
a4d7e6ca collected 2,155 from pot
*** SUMMARY ***
Total pot 2,155 | Rake 0 | Jackpot 0 | Bingo 0 | Fortune 0 | Tax 0
Board [8c Ks 4h Td]
Seat 1: e130c017 folded on the Turn
Seat 2: Hero folded before Flop
Seat 3: 371c6baf (button) folded before Flop
Seat 4: d7d167e4 (small blind) folded before Flop
Seat 5: 52ace512 (big blind) folded before Flop
Seat 6: a4d7e6ca won (2,155)
Seat 7: 7e356ea8 folded on the Turn
Seat 8: 9c826932 folded before Flop


Poker Hand #TM5697297924: Tournament #269347657, Bounty Hunters Special $10.80 Hold'em No Limit - Level5(125/250(35)) - 2026/03/12 21:29:12
Table '136' 8-max Seat #2 is the button
Seat 1: e130c017 (7,401 in chips)
Seat 2: Hero (18,945 in chips)
Seat 3: 371c6baf (10,285 in chips)
Seat 4: d7d167e4 (15,526 in chips)
Seat 5: 52ace512 (16,942 in chips)
Seat 6: a4d7e6ca (27,638 in chips)
Seat 7: 7e356ea8 (12,060 in chips)
Seat 8: 9c826932 (32,331 in chips)
Hero: posts the ante 35
e130c017: posts the ante 35
52ace512: posts the ante 35
d7d167e4: posts the ante 35
a4d7e6ca: posts the ante 35
9c826932: posts the ante 35
371c6baf: posts the ante 35
7e356ea8: posts the ante 35
371c6baf: posts small blind 125
d7d167e4: posts big blind 250
*** HOLE CARDS ***
Dealt to e130c017 
Dealt to Hero [5h 8c]
Dealt to 371c6baf 
Dealt to d7d167e4 
Dealt to 52ace512 
Dealt to a4d7e6ca 
Dealt to 7e356ea8 
Dealt to 9c826932 
52ace512: raises 250 to 500
a4d7e6ca: folds
7e356ea8: folds
9c826932: calls 500
e130c017: folds
Hero: folds
371c6baf: folds
d7d167e4: calls 250
*** FLOP *** [Ah 2d Ts]
d7d167e4: checks
52ace512: bets 953
9c826932: calls 953
d7d167e4: calls 953
*** TURN *** [Ah 2d Ts] [5c]
d7d167e4: checks
52ace512: checks
9c826932: checks
*** RIVER *** [Ah 2d Ts 5c] [8d]
d7d167e4: bets 1,573
52ace512: calls 1,573
9c826932: folds
d7d167e4: shows [7c Ac] (a pair of Aces)
52ace512: shows [9d Ad] (a pair of Aces)
*** SHOWDOWN ***
52ace512 collected 7,910 from pot
*** SUMMARY ***
Total pot 7,910 | Rake 0 | Jackpot 0 | Bingo 0 | Fortune 0 | Tax 0
Board [Ah 2d Ts 5c 8d]
Seat 1: e130c017 folded before Flop
Seat 2: Hero (button) folded before Flop
Seat 3: 371c6baf (small blind) folded before Flop
Seat 4: d7d167e4 (big blind) showed [7c Ac] and lost with a pair of Aces
Seat 5: 52ace512 showed [9d Ad] and won (7,910) with a pair of Aces
Seat 6: a4d7e6ca folded before Flop
Seat 7: 7e356ea8 folded before Flop
Seat 8: 9c826932 folded on the River


Poker Hand #TM5697297903: Tournament #269347657, Bounty Hunters Special $10.80 Hold'em No Limit - Level5(125/250(35)) - 2026/03/12 21:28:00
Table '136' 8-max Seat #1 is the button
Seat 1: e130c017 (7,436 in chips)
Seat 2: Hero (19,105 in chips)
Seat 3: 371c6baf (10,570 in chips)
Seat 4: d7d167e4 (15,561 in chips)
Seat 5: 52ace512 (16,977 in chips)
Seat 6: a4d7e6ca (30,912 in chips)
Seat 7: 7e356ea8 (12,095 in chips)
Seat 8: 9c826932 (28,472 in chips)
Hero: posts the ante 35
e130c017: posts the ante 35
52ace512: posts the ante 35
d7d167e4: posts the ante 35
a4d7e6ca: posts the ante 35
9c826932: posts the ante 35
371c6baf: posts the ante 35
7e356ea8: posts the ante 35
Hero: posts small blind 125
371c6baf: posts big blind 250
*** HOLE CARDS ***
Dealt to e130c017 
Dealt to Hero [8d 5h]
Dealt to 371c6baf 
Dealt to d7d167e4 
Dealt to 52ace512 
Dealt to a4d7e6ca 
Dealt to 7e356ea8 
Dealt to 9c826932 
d7d167e4: folds
52ace512: folds
a4d7e6ca: raises 250 to 500
7e356ea8: folds
9c826932: raises 1,374 to 1,874
e130c017: folds
Hero: folds
371c6baf: folds
a4d7e6ca: calls 1,374
*** FLOP *** [3d 3c Ah]
a4d7e6ca: checks
9c826932: bets 1,365
a4d7e6ca: calls 1,365
*** TURN *** [3d 3c Ah] [5s]
a4d7e6ca: checks
9c826932: checks
*** RIVER *** [3d 3c Ah 5s] [9d]
a4d7e6ca: checks
9c826932: checks
a4d7e6ca: shows [8h 8c] (two pair, Eights and Threes)
9c826932: shows [Jh Jc] (two pair, Jacks and Threes)
*** SHOWDOWN ***
9c826932 collected 7,133 from pot
*** SUMMARY ***
Total pot 7,133 | Rake 0 | Jackpot 0 | Bingo 0 | Fortune 0 | Tax 0
Board [3d 3c Ah 5s 9d]
Seat 1: e130c017 (button) folded before Flop
Seat 2: Hero (small blind) folded before Flop
Seat 3: 371c6baf (big blind) folded before Flop
Seat 4: d7d167e4 folded before Flop
Seat 5: 52ace512 folded before Flop
Seat 6: a4d7e6ca showed [8h 8c] and lost with two pair, Eights and Threes
Seat 7: 7e356ea8 folded before Flop
Seat 8: 9c826932 showed [Jh Jc] and won (7,133) with two pair, Jacks and Threes


Poker Hand #TM5697297884: Tournament #269347657, Bounty Hunters Special $10.80 Hold'em No Limit - Level5(125/250(35)) - 2026/03/12 21:27:11
Table '136' 8-max Seat #8 is the button
Seat 1: e130c017 (8,559 in chips)
Seat 2: Hero (16,684 in chips)
Seat 3: 371c6baf (10,605 in chips)
Seat 4: d7d167e4 (15,596 in chips)
Seat 5: 52ace512 (18,100 in chips)
Seat 6: a4d7e6ca (30,947 in chips)
Seat 7: 7e356ea8 (12,130 in chips)
Seat 8: 9c826932 (28,507 in chips)
Hero: posts the ante 35
e130c017: posts the ante 35
52ace512: posts the ante 35
d7d167e4: posts the ante 35
a4d7e6ca: posts the ante 35
9c826932: posts the ante 35
371c6baf: posts the ante 35
7e356ea8: posts the ante 35
e130c017: posts small blind 125
Hero: posts big blind 250
*** HOLE CARDS ***
Dealt to e130c017 
Dealt to Hero [8d 8s]
Dealt to 371c6baf 
Dealt to d7d167e4 
Dealt to 52ace512 
Dealt to a4d7e6ca 
Dealt to 7e356ea8 
Dealt to 9c826932 
371c6baf: folds
d7d167e4: folds
52ace512: raises 250 to 500
a4d7e6ca: folds
7e356ea8: folds
9c826932: folds
e130c017: calls 375
Hero: calls 250
*** FLOP *** [8c 3h Qd]
e130c017: bets 588
Hero: calls 588
52ace512: calls 588
*** TURN *** [8c 3h Qd] [8h]
e130c017: checks
Hero: checks
52ace512: checks
*** RIVER *** [8c 3h Qd 8h] [2d]
e130c017: checks
Hero: bets 15,561 and is all-in
52ace512: folds
e130c017: folds
Uncalled bet (15,561) returned to Hero
*** SHOWDOWN ***
Hero collected 3,544 from pot
*** SUMMARY ***
Total pot 3,544 | Rake 0 | Jackpot 0 | Bingo 0 | Fortune 0 | Tax 0
Board [8c 3h Qd 8h 2d]
Seat 1: e130c017 (small blind) folded on the River
Seat 2: Hero (big blind) showed [8d 8s] and won (3,544)
Seat 3: 371c6baf folded before Flop
Seat 4: d7d167e4 folded before Flop
Seat 5: 52ace512 folded on the River
Seat 6: a4d7e6ca folded before Flop
Seat 7: 7e356ea8 folded before Flop
Seat 8: 9c826932 (button) folded before Flop


Poker Hand #TM5697297870: Tournament #269347657, Bounty Hunters Special $10.80 Hold'em No Limit - Level5(125/250(35)) - 2026/03/12 21:26:28
Table '136' 8-max Seat #7 is the button
Seat 1: e130c017 (8,844 in chips)
Seat 2: Hero (16,719 in chips)
Seat 3: 371c6baf (9,485 in chips)
Seat 4: d7d167e4 (15,631 in chips)
Seat 5: 52ace512 (18,135 in chips)
Seat 6: a4d7e6ca (30,982 in chips)
Seat 7: 7e356ea8 (12,665 in chips)
Seat 8: 9c826932 (28,667 in chips)
Hero: posts the ante 35
e130c017: posts the ante 35
52ace512: posts the ante 35
d7d167e4: posts the ante 35
a4d7e6ca: posts the ante 35
9c826932: posts the ante 35
371c6baf: posts the ante 35
7e356ea8: posts the ante 35
9c826932: posts small blind 125
e130c017: posts big blind 250
*** HOLE CARDS ***
Dealt to e130c017 
Dealt to Hero [5h 9s]
Dealt to 371c6baf 
Dealt to d7d167e4 
Dealt to 52ace512 
Dealt to a4d7e6ca 
Dealt to 7e356ea8 
Dealt to 9c826932 
Hero: folds
371c6baf: raises 250 to 500
d7d167e4: folds
52ace512: folds
a4d7e6ca: folds
7e356ea8: calls 500
9c826932: folds
e130c017: folds
*** FLOP *** [Th Qd 4h]
371c6baf: checks
7e356ea8: checks
*** TURN *** [Th Qd 4h] [Jd]
371c6baf: bets 1,324
7e356ea8: folds
Uncalled bet (1,324) returned to 371c6baf
*** SHOWDOWN ***
371c6baf collected 1,655 from pot
*** SUMMARY ***
Total pot 1,655 | Rake 0 | Jackpot 0 | Bingo 0 | Fortune 0 | Tax 0
Board [Th Qd 4h Jd]
Seat 1: e130c017 (big blind) folded before Flop
Seat 2: Hero folded before Flop
Seat 3: 371c6baf won (1,655)
Seat 4: d7d167e4 folded before Flop
Seat 5: 52ace512 folded before Flop
Seat 6: a4d7e6ca folded before Flop
Seat 7: 7e356ea8 (button) folded on the Turn
Seat 8: 9c826932 (small blind) folded before Flop


Poker Hand #TM5697297858: Tournament #269347657, Bounty Hunters Special $10.80 Hold'em No Limit - Level5(125/250(35)) - 2026/03/12 21:25:58
Table '136' 8-max Seat #6 is the button
Seat 1: e130c017 (7,724 in chips)
Seat 2: Hero (16,754 in chips)
Seat 3: 371c6baf (9,520 in chips)
Seat 4: d7d167e4 (15,666 in chips)
Seat 5: 52ace512 (18,170 in chips)
Seat 6: a4d7e6ca (31,517 in chips)
Seat 7: 7e356ea8 (12,825 in chips)
Seat 8: 9c826932 (28,952 in chips)
Hero: posts the ante 35
e130c017: posts the ante 35
52ace512: posts the ante 35
d7d167e4: posts the ante 35
a4d7e6ca: posts the ante 35
9c826932: posts the ante 35
371c6baf: posts the ante 35
7e356ea8: posts the ante 35
7e356ea8: posts small blind 125
9c826932: posts big blind 250
*** HOLE CARDS ***
Dealt to e130c017 
Dealt to Hero [2s 8h]
Dealt to 371c6baf 
Dealt to d7d167e4 
Dealt to 52ace512 
Dealt to a4d7e6ca 
Dealt to 7e356ea8 
Dealt to 9c826932 
e130c017: raises 250 to 500
Hero: folds
371c6baf: folds
d7d167e4: folds
52ace512: folds
a4d7e6ca: calls 500
7e356ea8: folds
9c826932: folds
*** FLOP *** [2c 4c 9c]
e130c017: bets 828
a4d7e6ca: folds
Uncalled bet (828) returned to e130c017
*** SHOWDOWN ***
e130c017 collected 1,655 from pot
*** SUMMARY ***
Total pot 1,655 | Rake 0 | Jackpot 0 | Bingo 0 | Fortune 0 | Tax 0
Board [2c 4c 9c]
Seat 1: e130c017 won (1,655)
Seat 2: Hero folded before Flop
Seat 3: 371c6baf folded before Flop
Seat 4: d7d167e4 folded before Flop
Seat 5: 52ace512 folded before Flop
Seat 6: a4d7e6ca (button) folded on the Flop
Seat 7: 7e356ea8 (small blind) folded before Flop
Seat 8: 9c826932 (big blind) folded before Flop


Poker Hand #TM5697297836: Tournament #269347657, Bounty Hunters Special $10.80 Hold'em No Limit - Level4(100/200(30)) - 2026/03/12 21:24:39
Table '136' 8-max Seat #5 is the button
Seat 1: e130c017 (8,154 in chips)
Seat 2: Hero (16,784 in chips)
Seat 3: 371c6baf (9,550 in chips)
Seat 4: d7d167e4 (15,696 in chips)
Seat 5: 52ace512 (18,600 in chips)
Seat 6: a4d7e6ca (31,647 in chips)
Seat 7: 7e356ea8 (11,715 in chips)
Seat 8: 9c826932 (28,982 in chips)
Hero: posts the ante 30
e130c017: posts the ante 30
52ace512: posts the ante 30
d7d167e4: posts the ante 30
a4d7e6ca: posts the ante 30
9c826932: posts the ante 30
371c6baf: posts the ante 30
7e356ea8: posts the ante 30
a4d7e6ca: posts small blind 100
7e356ea8: posts big blind 200
*** HOLE CARDS ***
Dealt to e130c017 
Dealt to Hero [Js 9h]
Dealt to 371c6baf 
Dealt to d7d167e4 
Dealt to 52ace512 
Dealt to a4d7e6ca 
Dealt to 7e356ea8 
Dealt to 9c826932 
9c826932: folds
e130c017: raises 200 to 400
Hero: folds
371c6baf: folds
d7d167e4: folds
52ace512: calls 400
a4d7e6ca: folds
7e356ea8: calls 200
*** FLOP *** [Jc 6s 8h]
7e356ea8: checks
e130c017: checks
52ace512: checks
*** TURN *** [Jc 6s 8h] [4d]
7e356ea8: checks
e130c017: checks
52ace512: checks
*** RIVER *** [Jc 6s 8h 4d] [8c]
7e356ea8: checks
e130c017: checks
52ace512: checks
7e356ea8: shows [7h 6h] (two pair, Eights and Sixes)
e130c017: shows [Th Kc] (a pair of Eights)
52ace512: shows [9d Kd] (a pair of Eights)
*** SHOWDOWN ***
7e356ea8 collected 1,540 from pot
*** SUMMARY ***
Total pot 1,540 | Rake 0 | Jackpot 0 | Bingo 0 | Fortune 0 | Tax 0
Board [Jc 6s 8h 4d 8c]
Seat 1: e130c017 showed [Th Kc] and lost with a pair of Eights
Seat 2: Hero folded before Flop
Seat 3: 371c6baf folded before Flop
Seat 4: d7d167e4 folded before Flop
Seat 5: 52ace512 (button) showed [9d Kd] and lost with a pair of Eights
Seat 6: a4d7e6ca (small blind) folded before Flop
Seat 7: 7e356ea8 (big blind) showed [7h 6h] and won (1,540) with two pair, Eights and Sixes
Seat 8: 9c826932 folded before Flop


Poker Hand #TM5697297824: Tournament #269347657, Bounty Hunters Special $10.80 Hold'em No Limit - Level4(100/200(30)) - 2026/03/12 21:24:10
Table '136' 8-max Seat #4 is the button
Seat 1: e130c017 (8,184 in chips)
Seat 2: Hero (16,814 in chips)
Seat 3: 371c6baf (9,580 in chips)
Seat 4: d7d167e4 (15,726 in chips)
Seat 5: 52ace512 (18,190 in chips)
Seat 6: a4d7e6ca (31,877 in chips)
Seat 7: 7e356ea8 (11,745 in chips)
Seat 8: 9c826932 (29,012 in chips)
Hero: posts the ante 30
e130c017: posts the ante 30
d7d167e4: posts the ante 30
52ace512: posts the ante 30
a4d7e6ca: posts the ante 30
9c826932: posts the ante 30
371c6baf: posts the ante 30
7e356ea8: posts the ante 30
52ace512: posts small blind 100
a4d7e6ca: posts big blind 200
*** HOLE CARDS ***
Dealt to e130c017 
Dealt to Hero [2c 6c]
Dealt to 371c6baf 
Dealt to d7d167e4 
Dealt to 52ace512 
Dealt to a4d7e6ca 
Dealt to 7e356ea8 
Dealt to 9c826932 
7e356ea8: folds
9c826932: folds
e130c017: folds
Hero: folds
371c6baf: folds
d7d167e4: folds
52ace512: raises 200 to 400
a4d7e6ca: folds
Uncalled bet (200) returned to 52ace512
*** SHOWDOWN ***
52ace512 collected 640 from pot
*** SUMMARY ***
Total pot 640 | Rake 0 | Jackpot 0 | Bingo 0 | Fortune 0 | Tax 0
Seat 1: e130c017 folded before Flop
Seat 2: Hero folded before Flop
Seat 3: 371c6baf folded before Flop
Seat 4: d7d167e4 (button) folded before Flop
Seat 5: 52ace512 (small blind) collected (640)
Seat 6: a4d7e6ca (big blind) folded before Flop
Seat 7: 7e356ea8 folded before Flop
Seat 8: 9c826932 folded before Flop


Poker Hand #TM5697297811: Tournament #269347657, Bounty Hunters Special $10.80 Hold'em No Limit - Level4(100/200(30)) - 2026/03/12 21:23:22
Table '136' 8-max Seat #3 is the button
Seat 1: e130c017 (8,214 in chips)
Seat 2: Hero (16,844 in chips)
Seat 3: 371c6baf (9,610 in chips)
Seat 4: d7d167e4 (19,456 in chips)
Seat 5: 52ace512 (14,280 in chips)
Seat 6: a4d7e6ca (31,907 in chips)
Seat 7: 7e356ea8 (11,775 in chips)
Seat 8: 9c826932 (29,042 in chips)
Hero: posts the ante 30
e130c017: posts the ante 30
52ace512: posts the ante 30
d7d167e4: posts the ante 30
a4d7e6ca: posts the ante 30
9c826932: posts the ante 30
371c6baf: posts the ante 30
7e356ea8: posts the ante 30
d7d167e4: posts small blind 100
52ace512: posts big blind 200
*** HOLE CARDS ***
Dealt to e130c017 
Dealt to Hero [Jd 3h]
Dealt to 371c6baf 
Dealt to d7d167e4 
Dealt to 52ace512 
Dealt to a4d7e6ca 
Dealt to 7e356ea8 
Dealt to 9c826932 
a4d7e6ca: folds
7e356ea8: folds
9c826932: folds
e130c017: folds
Hero: folds
371c6baf: folds
d7d167e4: raises 600 to 800
52ace512: calls 600
*** FLOP *** [7c Jh Ac]
d7d167e4: bets 608
52ace512: calls 608
*** TURN *** [7c Jh Ac] [Qd]
d7d167e4: checks
52ace512: checks
*** RIVER *** [7c Jh Ac Qd] [Kd]
d7d167e4: checks
52ace512: bets 2,292
d7d167e4: calls 2,292
52ace512: shows [7h Td] (a straight, Ace to Ten)
d7d167e4: shows [2h Qh] (a pair of Queens)
*** SHOWDOWN ***
52ace512 collected 7,640 from pot
*** SUMMARY ***
Total pot 7,640 | Rake 0 | Jackpot 0 | Bingo 0 | Fortune 0 | Tax 0
Board [7c Jh Ac Qd Kd]
Seat 1: e130c017 folded before Flop
Seat 2: Hero folded before Flop
Seat 3: 371c6baf (button) folded before Flop
Seat 4: d7d167e4 (small blind) showed [2h Qh] and lost with a pair of Queens
Seat 5: 52ace512 (big blind) showed [7h Td] and won (7,640) with a straight, Ace to Ten
Seat 6: a4d7e6ca folded before Flop
Seat 7: 7e356ea8 folded before Flop
Seat 8: 9c826932 folded before Flop


Poker Hand #TM5697297782: Tournament #269347657, Bounty Hunters Special $10.80 Hold'em No Limit - Level4(100/200(30)) - 2026/03/12 21:22:13
Table '136' 8-max Seat #2 is the button
Seat 1: e130c017 (8,644 in chips)
Seat 2: Hero (16,874 in chips)
Seat 3: 371c6baf (9,740 in chips)
Seat 4: d7d167e4 (17,683 in chips)
Seat 5: 52ace512 (14,310 in chips)
Seat 6: a4d7e6ca (33,000 in chips)
Seat 7: 7e356ea8 (11,805 in chips)
Seat 8: 9c826932 (29,072 in chips)
Hero: posts the ante 30
e130c017: posts the ante 30
52ace512: posts the ante 30
d7d167e4: posts the ante 30
a4d7e6ca: posts the ante 30
9c826932: posts the ante 30
371c6baf: posts the ante 30
7e356ea8: posts the ante 30
371c6baf: posts small blind 100
d7d167e4: posts big blind 200
*** HOLE CARDS ***
Dealt to e130c017 
Dealt to Hero [3c 2c]
Dealt to 371c6baf 
Dealt to d7d167e4 
Dealt to 52ace512 
Dealt to a4d7e6ca 
Dealt to 7e356ea8 
Dealt to 9c826932 
52ace512: folds
a4d7e6ca: raises 200 to 400
7e356ea8: folds
9c826932: folds
e130c017: calls 400
Hero: folds
371c6baf: folds
d7d167e4: calls 200
*** FLOP *** [7d Ks 7s]
d7d167e4: checks
a4d7e6ca: checks
e130c017: checks
*** TURN *** [7d Ks 7s] [6c]
d7d167e4: bets 663
a4d7e6ca: calls 663
e130c017: folds
*** RIVER *** [7d Ks 7s 6c] [7c]
d7d167e4: bets 8,500
a4d7e6ca: folds
Uncalled bet (8,500) returned to d7d167e4
*** SHOWDOWN ***
d7d167e4 collected 2,866 from pot
*** SUMMARY ***
Total pot 2,866 | Rake 0 | Jackpot 0 | Bingo 0 | Fortune 0 | Tax 0
Board [7d Ks 7s 6c 7c]
Seat 1: e130c017 folded on the Turn
Seat 2: Hero (button) folded before Flop
Seat 3: 371c6baf (small blind) folded before Flop
Seat 4: d7d167e4 (big blind) won (2,866)
Seat 5: 52ace512 folded before Flop
Seat 6: a4d7e6ca folded on the River
Seat 7: 7e356ea8 folded before Flop
Seat 8: 9c826932 folded before Flop


Poker Hand #TM5697297768: Tournament #269347657, Bounty Hunters Special $10.80 Hold'em No Limit - Level4(100/200(30)) - 2026/03/12 21:21:20
Table '136' 8-max Seat #1 is the button
Seat 1: e130c017 (8,674 in chips)
Seat 2: Hero (17,004 in chips)
Seat 3: 371c6baf (9,970 in chips)
Seat 4: d7d167e4 (17,713 in chips)
Seat 5: 52ace512 (14,340 in chips)
Seat 6: a4d7e6ca (33,430 in chips)
Seat 7: 7e356ea8 (11,835 in chips)
Seat 8: 9c826932 (28,162 in chips)
Hero: posts the ante 30
e130c017: posts the ante 30
52ace512: posts the ante 30
d7d167e4: posts the ante 30
a4d7e6ca: posts the ante 30
9c826932: posts the ante 30
371c6baf: posts the ante 30
7e356ea8: posts the ante 30
Hero: posts small blind 100
371c6baf: posts big blind 200
*** HOLE CARDS ***
Dealt to e130c017 
Dealt to Hero [9s 6d]
Dealt to 371c6baf 
Dealt to d7d167e4 
Dealt to 52ace512 
Dealt to a4d7e6ca 
Dealt to 7e356ea8 
Dealt to 9c826932 
d7d167e4: folds
52ace512: folds
a4d7e6ca: raises 200 to 400
7e356ea8: folds
9c826932: calls 400
e130c017: folds
Hero: folds
371c6baf: folds
*** FLOP *** [Td 8s 3h]
a4d7e6ca: checks
9c826932: bets 831
a4d7e6ca: folds
Uncalled bet (831) returned to 9c826932
*** SHOWDOWN ***
9c826932 collected 1,340 from pot
*** SUMMARY ***
Total pot 1,340 | Rake 0 | Jackpot 0 | Bingo 0 | Fortune 0 | Tax 0
Board [Td 8s 3h]
Seat 1: e130c017 (button) folded before Flop
Seat 2: Hero (small blind) folded before Flop
Seat 3: 371c6baf (big blind) folded before Flop
Seat 4: d7d167e4 folded before Flop
Seat 5: 52ace512 folded before Flop
Seat 6: a4d7e6ca folded on the Flop
Seat 7: 7e356ea8 folded before Flop
Seat 8: 9c826932 won (1,340)


Poker Hand #TM5697297745: Tournament #269347657, Bounty Hunters Special $10.80 Hold'em No Limit - Level4(100/200(30)) - 2026/03/12 21:19:50
Table '136' 8-max Seat #8 is the button
Seat 1: e130c017 (9,104 in chips)
Seat 2: Hero (17,234 in chips)
Seat 3: 371c6baf (10,000 in chips)
Seat 4: d7d167e4 (17,743 in chips)
Seat 5: 52ace512 (15,590 in chips)
Seat 6: a4d7e6ca (33,460 in chips)
Seat 7: 7e356ea8 (11,865 in chips)
Seat 8: 9c826932 (26,132 in chips)
Hero: posts the ante 30
e130c017: posts the ante 30
52ace512: posts the ante 30
d7d167e4: posts the ante 30
a4d7e6ca: posts the ante 30
9c826932: posts the ante 30
371c6baf: posts the ante 30
7e356ea8: posts the ante 30
e130c017: posts small blind 100
Hero: posts big blind 200
*** HOLE CARDS ***
Dealt to e130c017 
Dealt to Hero [6s 8d]
Dealt to 371c6baf 
Dealt to d7d167e4 
Dealt to 52ace512 
Dealt to a4d7e6ca 
Dealt to 7e356ea8 
Dealt to 9c826932 
371c6baf: folds
d7d167e4: folds
52ace512: raises 200 to 400
a4d7e6ca: folds
7e356ea8: folds
9c826932: calls 400
e130c017: calls 300
Hero: folds
*** FLOP *** [Ks 5h Qc]
e130c017: checks
52ace512: bets 820
9c826932: calls 820
e130c017: folds
*** TURN *** [Ks 5h Qc] [7h]
52ace512: checks
9c826932: bets 2,134
52ace512: folds
Uncalled bet (2,134) returned to 9c826932
*** SHOWDOWN ***
9c826932 collected 3,280 from pot
*** SUMMARY ***
Total pot 3,280 | Rake 0 | Jackpot 0 | Bingo 0 | Fortune 0 | Tax 0
Board [Ks 5h Qc 7h]
Seat 1: e130c017 (small blind) folded on the Flop
Seat 2: Hero (big blind) folded before Flop
Seat 3: 371c6baf folded before Flop
Seat 4: d7d167e4 folded before Flop
Seat 5: 52ace512 folded on the Turn
Seat 6: a4d7e6ca folded before Flop
Seat 7: 7e356ea8 folded before Flop
Seat 8: 9c826932 (button) won (3,280)


Poker Hand #TM5697297725: Tournament #269347657, Bounty Hunters Special $10.80 Hold'em No Limit - Level4(100/200(30)) - 2026/03/12 21:18:53
Table '136' 8-max Seat #7 is the button
Seat 1: e130c017 (9,890 in chips)
Seat 2: Hero (17,264 in chips)
Seat 4: d7d167e4 (17,773 in chips)
Seat 5: 52ace512 (15,620 in chips)
Seat 6: a4d7e6ca (33,490 in chips)
Seat 7: 7e356ea8 (10,829 in chips)
Seat 8: 9c826932 (26,262 in chips)
Hero: posts the ante 30
e130c017: posts the ante 30
52ace512: posts the ante 30
d7d167e4: posts the ante 30
a4d7e6ca: posts the ante 30
9c826932: posts the ante 30
7e356ea8: posts the ante 30
9c826932: posts small blind 100
e130c017: posts big blind 200
*** HOLE CARDS ***
Dealt to e130c017 
Dealt to Hero [4d Ks]
Dealt to d7d167e4 
Dealt to 52ace512 
Dealt to a4d7e6ca 
Dealt to 7e356ea8 
Dealt to 9c826932 
Hero: folds
d7d167e4: folds
52ace512: folds
a4d7e6ca: folds
7e356ea8: raises 200 to 400
9c826932: folds
e130c017: calls 200
*** FLOP *** [3c 9d Td]
e130c017: checks
7e356ea8: bets 356
e130c017: calls 356
*** TURN *** [3c 9d Td] [Jh]
e130c017: checks
7e356ea8: bets 1,331
e130c017: folds
Uncalled bet (1,331) returned to 7e356ea8
*** SHOWDOWN ***
7e356ea8 collected 1,822 from pot
*** SUMMARY ***
Total pot 1,822 | Rake 0 | Jackpot 0 | Bingo 0 | Fortune 0 | Tax 0
Board [3c 9d Td Jh]
Seat 1: e130c017 (big blind) folded on the Turn
Seat 2: Hero folded before Flop
Seat 4: d7d167e4 folded before Flop
Seat 5: 52ace512 folded before Flop
Seat 6: a4d7e6ca folded before Flop
Seat 7: 7e356ea8 (button) won (1,822)
Seat 8: 9c826932 (small blind) folded before Flop


Poker Hand #TM5697297698: Tournament #269347657, Bounty Hunters Special $10.80 Hold'em No Limit - Level4(100/200(30)) - 2026/03/12 21:17:19
Table '136' 8-max Seat #6 is the button
Seat 1: e130c017 (9,920 in chips)
Seat 2: Hero (17,294 in chips)
Seat 3: 3d2ef3ea (10,880 in chips)
Seat 4: d7d167e4 (17,803 in chips)
Seat 5: 52ace512 (15,650 in chips)
Seat 6: a4d7e6ca (34,120 in chips)
Seat 7: 7e356ea8 (11,459 in chips)
Seat 8: 9c826932 (14,002 in chips)
Hero: posts the ante 30
e130c017: posts the ante 30
52ace512: posts the ante 30
d7d167e4: posts the ante 30
a4d7e6ca: posts the ante 30
9c826932: posts the ante 30
3d2ef3ea: posts the ante 30
7e356ea8: posts the ante 30
7e356ea8: posts small blind 100
9c826932: posts big blind 200
*** HOLE CARDS ***
Dealt to e130c017 
Dealt to Hero [Td 4h]
Dealt to 3d2ef3ea 
Dealt to d7d167e4 
Dealt to 52ace512 
Dealt to a4d7e6ca 
Dealt to 7e356ea8 
Dealt to 9c826932 
e130c017: folds
Hero: folds
3d2ef3ea: raises 400 to 600
d7d167e4: folds
52ace512: folds
a4d7e6ca: calls 600
7e356ea8: calls 500
9c826932: calls 400
*** FLOP *** [Ts 9c Jd]
7e356ea8: checks
9c826932: checks
3d2ef3ea: bets 1,320
a4d7e6ca: folds
7e356ea8: folds
9c826932: raises 2,588 to 3,908
3d2ef3ea: calls 2,588
*** TURN *** [Ts 9c Jd] [2h]
9c826932: bets 9,464 and is all-in
3d2ef3ea: calls 6,342 and is all-in
Uncalled bet (3,122) returned to 9c826932
9c826932: shows [7h 8h] (a straight, Jack to Seven)
3d2ef3ea: shows [Kh Kc] (a pair of Kings)
*** RIVER *** [Ts 9c Jd 2h] [3h]
*** SHOWDOWN ***
9c826932 collected 23,140 from pot
*** SUMMARY ***
Total pot 23,140 | Rake 0 | Jackpot 0 | Bingo 0 | Fortune 0 | Tax 0
Board [Ts 9c Jd 2h 3h]
Seat 1: e130c017 folded before Flop
Seat 2: Hero folded before Flop
Seat 3: 3d2ef3ea showed [Kh Kc] and lost with a pair of Kings
Seat 4: d7d167e4 folded before Flop
Seat 5: 52ace512 folded before Flop
Seat 6: a4d7e6ca (button) folded on the Flop
Seat 7: 7e356ea8 (small blind) folded on the Flop
Seat 8: 9c826932 (big blind) showed [7h 8h] and won (23,140) with a straight, Jack to Seven


Poker Hand #TM5697297665: Tournament #269347657, Bounty Hunters Special $10.80 Hold'em No Limit - Level4(100/200(30)) - 2026/03/12 21:15:54
Table '136' 8-max Seat #5 is the button
Seat 1: e130c017 (9,950 in chips)
Seat 2: Hero (24,879 in chips)
Seat 3: 3d2ef3ea (10,910 in chips)
Seat 4: d7d167e4 (17,833 in chips)
Seat 5: 52ace512 (7,585 in chips)
Seat 6: a4d7e6ca (34,250 in chips)
Seat 7: 7e356ea8 (11,689 in chips)
Seat 8: 9c826932 (14,032 in chips)
Hero: posts the ante 30
e130c017: posts the ante 30
52ace512: posts the ante 30
d7d167e4: posts the ante 30
a4d7e6ca: posts the ante 30
9c826932: posts the ante 30
3d2ef3ea: posts the ante 30
7e356ea8: posts the ante 30
a4d7e6ca: posts small blind 100
7e356ea8: posts big blind 200
*** HOLE CARDS ***
Dealt to e130c017 
Dealt to Hero [Tc Th]
Dealt to 3d2ef3ea 
Dealt to d7d167e4 
Dealt to 52ace512 
Dealt to a4d7e6ca 
Dealt to 7e356ea8 
Dealt to 9c826932 
9c826932: folds
e130c017: folds
Hero: raises 200 to 400
3d2ef3ea: folds
d7d167e4: folds
52ace512: raises 1,340 to 1,740
a4d7e6ca: folds
7e356ea8: folds
Hero: calls 1,340
*** FLOP *** [5s 7c Kc]
Hero: checks
52ace512: bets 5,815 and is all-in
Hero: calls 5,815
52ace512: shows [Jd Jh] (a pair of Jacks)
Hero: shows [Tc Th] (a pair of Tens)
*** TURN *** [5s 7c Kc] [5h]
*** RIVER *** [5s 7c Kc 5h] [6d]
*** SHOWDOWN ***
52ace512 collected 15,650 from pot
*** SUMMARY ***
Total pot 15,650 | Rake 0 | Jackpot 0 | Bingo 0 | Fortune 0 | Tax 0
Board [5s 7c Kc 5h 6d]
Seat 1: e130c017 folded before Flop
Seat 2: Hero showed [Tc Th] and lost with two pair, Tens and Fives
Seat 3: 3d2ef3ea folded before Flop
Seat 4: d7d167e4 folded before Flop
Seat 5: 52ace512 (button) showed [Jd Jh] and won (15,650) with two pair, Jacks and Fives
Seat 6: a4d7e6ca (small blind) folded before Flop
Seat 7: 7e356ea8 (big blind) folded before Flop
Seat 8: 9c826932 folded before Flop


Poker Hand #TM5697297643: Tournament #269347657, Bounty Hunters Special $10.80 Hold'em No Limit - Level4(100/200(30)) - 2026/03/12 21:14:39
Table '136' 8-max Seat #4 is the button
Seat 1: e130c017 (9,980 in chips)
Seat 2: Hero (24,909 in chips)
Seat 3: 3d2ef3ea (10,000 in chips)
Seat 4: d7d167e4 (17,863 in chips)
Seat 5: 52ace512 (7,715 in chips)
Seat 6: a4d7e6ca (34,480 in chips)
Seat 7: 7e356ea8 (12,119 in chips)
Seat 8: 9c826932 (14,062 in chips)
Hero: posts the ante 30
e130c017: posts the ante 30
d7d167e4: posts the ante 30
52ace512: posts the ante 30
a4d7e6ca: posts the ante 30
9c826932: posts the ante 30
3d2ef3ea: posts the ante 30
7e356ea8: posts the ante 30
52ace512: posts small blind 100
a4d7e6ca: posts big blind 200
*** HOLE CARDS ***
Dealt to e130c017 
Dealt to Hero [3s 2h]
Dealt to 3d2ef3ea 
Dealt to d7d167e4 
Dealt to 52ace512 
Dealt to a4d7e6ca 
Dealt to 7e356ea8 
Dealt to 9c826932 
7e356ea8: raises 200 to 400
9c826932: folds
e130c017: folds
Hero: folds
3d2ef3ea: raises 1,540 to 1,940
d7d167e4: folds
52ace512: folds
a4d7e6ca: folds
7e356ea8: folds
Uncalled bet (1,540) returned to 3d2ef3ea
*** SHOWDOWN ***
3d2ef3ea collected 1,340 from pot
*** SUMMARY ***
Total pot 1,340 | Rake 0 | Jackpot 0 | Bingo 0 | Fortune 0 | Tax 0
Seat 1: e130c017 folded before Flop
Seat 2: Hero folded before Flop
Seat 3: 3d2ef3ea collected (1,340)
Seat 4: d7d167e4 (button) folded before Flop
Seat 5: 52ace512 (small blind) folded before Flop
Seat 6: a4d7e6ca (big blind) folded before Flop
Seat 7: 7e356ea8 folded before Flop
Seat 8: 9c826932 folded before Flop


Poker Hand #TM5697297606: Tournament #269347657, Bounty Hunters Special $10.80 Hold'em No Limit - Level3(75/150(20)) - 2026/03/12 21:13:00
Table '136' 8-max Seat #2 is the button
Seat 1: e130c017 (10,000 in chips)
Seat 2: Hero (24,929 in chips)
Seat 3: 1ba74f99 (8,792 in chips)
Seat 4: d7d167e4 (18,033 in chips)
Seat 5: 52ace512 (7,735 in chips)
Seat 6: a4d7e6ca (25,418 in chips)
Seat 7: 7e356ea8 (12,139 in chips)
Seat 8: 9c826932 (14,082 in chips)
Hero: posts the ante 20
1ba74f99: posts the ante 20
e130c017: posts the ante 20
52ace512: posts the ante 20
d7d167e4: posts the ante 20
a4d7e6ca: posts the ante 20
9c826932: posts the ante 20
7e356ea8: posts the ante 20
1ba74f99: posts small blind 75
d7d167e4: posts big blind 150
*** HOLE CARDS ***
Dealt to e130c017 
Dealt to Hero [2d Kh]
Dealt to 1ba74f99 
Dealt to d7d167e4 
Dealt to 52ace512 
Dealt to a4d7e6ca 
Dealt to 7e356ea8 
Dealt to 9c826932 
52ace512: folds
a4d7e6ca: calls 150
7e356ea8: folds
9c826932: folds
e130c017: folds
Hero: folds
1ba74f99: raises 600 to 750
d7d167e4: folds
a4d7e6ca: calls 600
*** FLOP *** [8c 3d 9d]
1ba74f99: checks
a4d7e6ca: bets 905
1ba74f99: raises 2,390 to 3,295
a4d7e6ca: raises 21,353 to 24,648 and is all-in
1ba74f99: calls 4,727 and is all-in
Uncalled bet (16,626) returned to a4d7e6ca
a4d7e6ca: shows [Ah As] (a pair of Aces)
1ba74f99: shows [Jc Jd] (a pair of Jacks)
*** TURN *** [8c 3d 9d] [Kc]
*** RIVER *** [8c 3d 9d Kc] [3s]
*** SHOWDOWN ***
a4d7e6ca collected 17,854 from pot
*** SUMMARY ***
Total pot 17,854 | Rake 0 | Jackpot 0 | Bingo 0 | Fortune 0 | Tax 0
Board [8c 3d 9d Kc 3s]
Seat 1: e130c017 folded before Flop
Seat 2: Hero (button) folded before Flop
Seat 3: 1ba74f99 (small blind) showed [Jc Jd] and lost with two pair, Jacks and Threes
Seat 4: d7d167e4 (big blind) folded before Flop
Seat 5: 52ace512 folded before Flop
Seat 6: a4d7e6ca showed [Ah As] and won (17,854) with two pair, Aces and Threes
Seat 7: 7e356ea8 folded before Flop
Seat 8: 9c826932 folded before Flop


Poker Hand #TM5697297592: Tournament #269347657, Bounty Hunters Special $10.80 Hold'em No Limit - Level3(75/150(20)) - 2026/03/12 21:12:14
Table '136' 8-max Seat #8 is the button
Seat 2: Hero (25,024 in chips)
Seat 3: 1ba74f99 (9,463 in chips)
Seat 4: d7d167e4 (17,187 in chips)
Seat 5: 52ace512 (7,755 in chips)
Seat 6: a4d7e6ca (25,438 in chips)
Seat 7: 7e356ea8 (12,159 in chips)
Seat 8: 9c826932 (14,102 in chips)
Hero: posts the ante 20
1ba74f99: posts the ante 20
52ace512: posts the ante 20
d7d167e4: posts the ante 20
a4d7e6ca: posts the ante 20
9c826932: posts the ante 20
7e356ea8: posts the ante 20
Hero: posts small blind 75
1ba74f99: posts big blind 150
*** HOLE CARDS ***
Dealt to Hero [8s 5d]
Dealt to 1ba74f99 
Dealt to d7d167e4 
Dealt to 52ace512 
Dealt to a4d7e6ca 
Dealt to 7e356ea8 
Dealt to 9c826932 
d7d167e4: raises 150 to 300
52ace512: folds
a4d7e6ca: folds
7e356ea8: folds
9c826932: folds
Hero: folds
1ba74f99: calls 150
*** FLOP *** [Td 7d Jh]
1ba74f99: checks
d7d167e4: checks
*** TURN *** [Td 7d Jh] [4h]
1ba74f99: checks
d7d167e4: bets 351
1ba74f99: calls 351
*** RIVER *** [Td 7d Jh 4h] [7h]
1ba74f99: checks
d7d167e4: checks
1ba74f99: shows [Qd 2d] (a pair of Sevens)
d7d167e4: shows [9h 9c] (two pair, Nines and Sevens)
*** SHOWDOWN ***
d7d167e4 collected 1,517 from pot
*** SUMMARY ***
Total pot 1,517 | Rake 0 | Jackpot 0 | Bingo 0 | Fortune 0 | Tax 0
Board [Td 7d Jh 4h 7h]
Seat 2: Hero (small blind) folded before Flop
Seat 3: 1ba74f99 (big blind) showed [Qd 2d] and lost with a pair of Sevens
Seat 4: d7d167e4 showed [9h 9c] and won (1,517) with two pair, Nines and Sevens
Seat 5: 52ace512 folded before Flop
Seat 6: a4d7e6ca folded before Flop
Seat 7: 7e356ea8 folded before Flop
Seat 8: 9c826932 (button) folded before Flop


Poker Hand #TM5697297576: Tournament #269347657, Bounty Hunters Special $10.80 Hold'em No Limit - Level3(75/150(20)) - 2026/03/12 21:11:27
Table '136' 8-max Seat #7 is the button
Seat 2: Hero (25,194 in chips)
Seat 3: 1ba74f99 (9,483 in chips)
Seat 4: d7d167e4 (17,207 in chips)
Seat 5: 52ace512 (7,775 in chips)
Seat 6: a4d7e6ca (25,458 in chips)
Seat 7: 7e356ea8 (12,479 in chips)
Seat 8: 9c826932 (13,532 in chips)
Hero: posts the ante 20
1ba74f99: posts the ante 20
52ace512: posts the ante 20
d7d167e4: posts the ante 20
a4d7e6ca: posts the ante 20
9c826932: posts the ante 20
7e356ea8: posts the ante 20
9c826932: posts small blind 75
Hero: posts big blind 150
*** HOLE CARDS ***
Dealt to Hero [5d Kc]
Dealt to 1ba74f99 
Dealt to d7d167e4 
Dealt to 52ace512 
Dealt to a4d7e6ca 
Dealt to 7e356ea8 
Dealt to 9c826932 
1ba74f99: folds
d7d167e4: folds
52ace512: folds
a4d7e6ca: folds
7e356ea8: raises 150 to 300
9c826932: raises 739 to 1,039
Hero: folds
7e356ea8: folds
Uncalled bet (739) returned to 9c826932
*** SHOWDOWN ***
9c826932 collected 890 from pot
*** SUMMARY ***
Total pot 890 | Rake 0 | Jackpot 0 | Bingo 0 | Fortune 0 | Tax 0
Seat 2: Hero (big blind) folded before Flop
Seat 3: 1ba74f99 folded before Flop
Seat 4: d7d167e4 folded before Flop
Seat 5: 52ace512 folded before Flop
Seat 6: a4d7e6ca folded before Flop
Seat 7: 7e356ea8 (button) folded before Flop
Seat 8: 9c826932 (small blind) collected (890)


Poker Hand #TM5697297569: Tournament #269347657, Bounty Hunters Special $10.80 Hold'em No Limit - Level3(75/150(20)) - 2026/03/12 21:11:04
Table '136' 8-max Seat #6 is the button
Seat 1: 4ca9f173 (6,008 in chips)
Seat 2: Hero (25,214 in chips)
Seat 3: 1ba74f99 (9,503 in chips)
Seat 4: d7d167e4 (17,227 in chips)
Seat 5: 52ace512 (7,795 in chips)
Seat 6: a4d7e6ca (25,478 in chips)
Seat 7: 7e356ea8 (12,574 in chips)
Seat 8: 9c826932 (13,702 in chips)
Hero: posts the ante 20
1ba74f99: posts the ante 20
52ace512: posts the ante 20
d7d167e4: posts the ante 20
a4d7e6ca: posts the ante 20
9c826932: posts the ante 20
4ca9f173: posts the ante 20
7e356ea8: posts the ante 20
7e356ea8: posts small blind 75
9c826932: posts big blind 150
*** HOLE CARDS ***
Dealt to 4ca9f173 
Dealt to Hero [4h 2c]
Dealt to 1ba74f99 
Dealt to d7d167e4 
Dealt to 52ace512 
Dealt to a4d7e6ca 
Dealt to 7e356ea8 
Dealt to 9c826932 
4ca9f173: raises 5,838 to 5,988 and is all-in
Hero: folds
1ba74f99: folds
d7d167e4: folds
52ace512: folds
a4d7e6ca: folds
7e356ea8: folds
9c826932: folds
Uncalled bet (5,838) returned to 4ca9f173
*** SHOWDOWN ***
4ca9f173 collected 535 from pot
*** SUMMARY ***
Total pot 535 | Rake 0 | Jackpot 0 | Bingo 0 | Fortune 0 | Tax 0
Seat 1: 4ca9f173 collected (535)
Seat 2: Hero folded before Flop
Seat 3: 1ba74f99 folded before Flop
Seat 4: d7d167e4 folded before Flop
Seat 5: 52ace512 folded before Flop
Seat 6: a4d7e6ca (button) folded before Flop
Seat 7: 7e356ea8 (small blind) folded before Flop
Seat 8: 9c826932 (big blind) folded before Flop


Poker Hand #TM5697297555: Tournament #269347657, Bounty Hunters Special $10.80 Hold'em No Limit - Level3(75/150(20)) - 2026/03/12 21:10:28
Table '136' 8-max Seat #5 is the button
Seat 1: 4ca9f173 (6,028 in chips)
Seat 2: Hero (25,234 in chips)
Seat 3: 1ba74f99 (8,838 in chips)
Seat 4: d7d167e4 (17,247 in chips)
Seat 5: 52ace512 (7,815 in chips)
Seat 6: a4d7e6ca (25,573 in chips)
Seat 7: 7e356ea8 (12,744 in chips)
Seat 8: 9c826932 (14,022 in chips)
Hero: posts the ante 20
1ba74f99: posts the ante 20
52ace512: posts the ante 20
d7d167e4: posts the ante 20
a4d7e6ca: posts the ante 20
9c826932: posts the ante 20
4ca9f173: posts the ante 20
7e356ea8: posts the ante 20
a4d7e6ca: posts small blind 75
7e356ea8: posts big blind 150
*** HOLE CARDS ***
Dealt to 4ca9f173 
Dealt to Hero [Jd 9s]
Dealt to 1ba74f99 
Dealt to d7d167e4 
Dealt to 52ace512 
Dealt to a4d7e6ca 
Dealt to 7e356ea8 
Dealt to 9c826932 
9c826932: raises 150 to 300
4ca9f173: folds
Hero: folds
1ba74f99: raises 750 to 1,050
d7d167e4: folds
52ace512: folds
a4d7e6ca: folds
7e356ea8: folds
9c826932: folds
Uncalled bet (750) returned to 1ba74f99
*** SHOWDOWN ***
1ba74f99 collected 985 from pot
*** SUMMARY ***
Total pot 985 | Rake 0 | Jackpot 0 | Bingo 0 | Fortune 0 | Tax 0
Seat 1: 4ca9f173 folded before Flop
Seat 2: Hero folded before Flop
Seat 3: 1ba74f99 collected (985)
Seat 4: d7d167e4 folded before Flop
Seat 5: 52ace512 (button) folded before Flop
Seat 6: a4d7e6ca (small blind) folded before Flop
Seat 7: 7e356ea8 (big blind) folded before Flop
Seat 8: 9c826932 folded before Flop


Poker Hand #TM5697297523: Tournament #269347657, Bounty Hunters Special $10.80 Hold'em No Limit - Level3(75/150(20)) - 2026/03/12 21:08:50
Table '136' 8-max Seat #4 is the button
Seat 1: 4ca9f173 (10,462 in chips)
Seat 2: Hero (25,254 in chips)
Seat 3: 1ba74f99 (9,308 in chips)
Seat 4: d7d167e4 (17,267 in chips)
Seat 5: 52ace512 (7,910 in chips)
Seat 6: a4d7e6ca (20,494 in chips)
Seat 7: 7e356ea8 (12,764 in chips)
Seat 8: 9c826932 (14,042 in chips)
Hero: posts the ante 20
1ba74f99: posts the ante 20
d7d167e4: posts the ante 20
52ace512: posts the ante 20
a4d7e6ca: posts the ante 20
9c826932: posts the ante 20
4ca9f173: posts the ante 20
7e356ea8: posts the ante 20
52ace512: posts small blind 75
a4d7e6ca: posts big blind 150
*** HOLE CARDS ***
Dealt to 4ca9f173 
Dealt to Hero [Qh 9c]
Dealt to 1ba74f99 
Dealt to d7d167e4 
Dealt to 52ace512 
Dealt to a4d7e6ca 
Dealt to 7e356ea8 
Dealt to 9c826932 
7e356ea8: folds
9c826932: folds
4ca9f173: raises 300 to 450
Hero: folds
1ba74f99: calls 450
d7d167e4: folds
52ace512: folds
a4d7e6ca: calls 300
*** FLOP *** [4h 2c 6d]
a4d7e6ca: checks
4ca9f173: checks
1ba74f99: checks
*** TURN *** [4h 2c 6d] [8d]
a4d7e6ca: bets 793
4ca9f173: calls 793
1ba74f99: folds
*** RIVER *** [4h 2c 6d 8d] [Th]
a4d7e6ca: checks
4ca9f173: bets 3,171
a4d7e6ca: calls 3,171
4ca9f173: shows [Ah Kh] (Ace high)
a4d7e6ca: shows [2s 4s] (two pair, Fours and Twos)
*** SHOWDOWN ***
a4d7e6ca collected 9,513 from pot
*** SUMMARY ***
Total pot 9,513 | Rake 0 | Jackpot 0 | Bingo 0 | Fortune 0 | Tax 0
Board [4h 2c 6d 8d Th]
Seat 1: 4ca9f173 showed [Ah Kh] and lost with Ace high
Seat 2: Hero folded before Flop
Seat 3: 1ba74f99 folded on the Turn
Seat 4: d7d167e4 (button) folded before Flop
Seat 5: 52ace512 (small blind) folded before Flop
Seat 6: a4d7e6ca (big blind) showed [2s 4s] and won (9,513) with two pair, Fours and Twos
Seat 7: 7e356ea8 folded before Flop
Seat 8: 9c826932 folded before Flop


Poker Hand #TM5697297504: Tournament #269347657, Bounty Hunters Special $10.80 Hold'em No Limit - Level3(75/150(20)) - 2026/03/12 21:08:03
Table '136' 8-max Seat #3 is the button
Seat 1: 4ca9f173 (10,365 in chips)
Seat 2: Hero (25,274 in chips)
Seat 3: 1ba74f99 (9,328 in chips)
Seat 4: d7d167e4 (17,362 in chips)
Seat 5: 52ace512 (7,812 in chips)
Seat 6: a4d7e6ca (20,514 in chips)
Seat 7: 7e356ea8 (12,784 in chips)
Seat 8: 9c826932 (14,062 in chips)
Hero: posts the ante 20
1ba74f99: posts the ante 20
52ace512: posts the ante 20
d7d167e4: posts the ante 20
a4d7e6ca: posts the ante 20
9c826932: posts the ante 20
4ca9f173: posts the ante 20
7e356ea8: posts the ante 20
d7d167e4: posts small blind 75
52ace512: posts big blind 150
*** HOLE CARDS ***
Dealt to 4ca9f173 
Dealt to Hero [5d 7h]
Dealt to 1ba74f99 
Dealt to d7d167e4 
Dealt to 52ace512 
Dealt to a4d7e6ca 
Dealt to 7e356ea8 
Dealt to 9c826932 
a4d7e6ca: folds
7e356ea8: folds
9c826932: folds
4ca9f173: raises 300 to 450
Hero: folds
1ba74f99: folds
d7d167e4: folds
52ace512: calls 300
*** FLOP *** [2d 2h 3s]
52ace512: checks
4ca9f173: checks
*** TURN *** [2d 2h 3s] [Jd]
52ace512: checks
4ca9f173: bets 1,135
52ace512: calls 1,135
*** RIVER *** [2d 2h 3s Jd] [As]
52ace512: checks
4ca9f173: checks
52ace512: shows [9d Jh] (two pair, Jacks and Twos)
4ca9f173: shows [Js Ts] (two pair, Jacks and Twos)
*** SHOWDOWN ***
4ca9f173 collected 1,702 from pot
52ace512 collected 1,703 from pot
*** SUMMARY ***
Total pot 3,405 | Rake 0 | Jackpot 0 | Bingo 0 | Fortune 0 | Tax 0
Board [2d 2h 3s Jd As]
Seat 1: 4ca9f173 showed [Js Ts] and won (1,702) with two pair, Jacks and Twos
Seat 2: Hero folded before Flop
Seat 3: 1ba74f99 (button) folded before Flop
Seat 4: d7d167e4 (small blind) folded before Flop
Seat 5: 52ace512 (big blind) showed [9d Jh] and won (1,703) with two pair, Jacks and Twos
Seat 6: a4d7e6ca folded before Flop
Seat 7: 7e356ea8 folded before Flop
Seat 8: 9c826932 folded before Flop


Poker Hand #TM5697297495: Tournament #269347657, Bounty Hunters Special $10.80 Hold'em No Limit - Level3(75/150(20)) - 2026/03/12 21:07:25
Table '136' 8-max Seat #2 is the button
Seat 1: 4ca9f173 (10,000 in chips)
Seat 2: Hero (25,294 in chips)
Seat 3: 1ba74f99 (9,423 in chips)
Seat 4: d7d167e4 (17,532 in chips)
Seat 5: 52ace512 (7,832 in chips)
Seat 6: a4d7e6ca (20,534 in chips)
Seat 7: 7e356ea8 (12,804 in chips)
Seat 8: 9c826932 (14,082 in chips)
Hero: posts the ante 20
1ba74f99: posts the ante 20
52ace512: posts the ante 20
d7d167e4: posts the ante 20
a4d7e6ca: posts the ante 20
9c826932: posts the ante 20
4ca9f173: posts the ante 20
7e356ea8: posts the ante 20
1ba74f99: posts small blind 75
d7d167e4: posts big blind 150
*** HOLE CARDS ***
Dealt to 4ca9f173 
Dealt to Hero [6h Qh]
Dealt to 1ba74f99 
Dealt to d7d167e4 
Dealt to 52ace512 
Dealt to a4d7e6ca 
Dealt to 7e356ea8 
Dealt to 9c826932 
52ace512: folds
a4d7e6ca: folds
7e356ea8: folds
9c826932: folds
4ca9f173: raises 300 to 450
Hero: folds
1ba74f99: folds
d7d167e4: folds
Uncalled bet (300) returned to 4ca9f173
*** SHOWDOWN ***
4ca9f173 collected 535 from pot
*** SUMMARY ***
Total pot 535 | Rake 0 | Jackpot 0 | Bingo 0 | Fortune 0 | Tax 0
Seat 1: 4ca9f173 collected (535)
Seat 2: Hero (button) folded before Flop
Seat 3: 1ba74f99 (small blind) folded before Flop
Seat 4: d7d167e4 (big blind) folded before Flop
Seat 5: 52ace512 folded before Flop
Seat 6: a4d7e6ca folded before Flop
Seat 7: 7e356ea8 folded before Flop
Seat 8: 9c826932 folded before Flop


Poker Hand #TM5697603753: Tournament #269347657, Bounty Hunters Special $10.80 Hold'em No Limit - Level3(75/150(20)) - 2026/03/12 21:06:38
Table '26' 8-max Seat #8 is the button
Seat 1: 1d763323 (9,030 in chips)
Seat 2: 14e64f5b (9,900 in chips)
Seat 3: 53041737 (8,613 in chips)
Seat 4: Hero (26,032 in chips)
Seat 5: 67d1ff17 (14,033 in chips)
Seat 6: 72608149 (10,395 in chips)
Seat 7: aa7c377 (13,197 in chips)
Seat 8: 3165b148 (10,346 in chips)
aa7c377: posts the ante 20
Hero: posts the ante 20
67d1ff17: posts the ante 20
72608149: posts the ante 20
14e64f5b: posts the ante 20
53041737: posts the ante 20
1d763323: posts the ante 20
3165b148: posts the ante 20
1d763323: posts small blind 75
14e64f5b: posts big blind 150
*** HOLE CARDS ***
Dealt to 1d763323 
Dealt to 14e64f5b 
Dealt to 53041737 
Dealt to Hero [Ks Js]
Dealt to 67d1ff17 
Dealt to 72608149 
Dealt to aa7c377 
Dealt to 3165b148 
53041737: folds
Hero: raises 150 to 300
67d1ff17: folds
72608149: folds
aa7c377: folds
3165b148: folds
1d763323: folds
14e64f5b: calls 150
*** FLOP *** [Th 8d 3d]
14e64f5b: checks
Hero: checks
*** TURN *** [Th 8d 3d] [7h]
14e64f5b: bets 418
Hero: calls 418
*** RIVER *** [Th 8d 3d 7h] [6s]
14e64f5b: checks
Hero: checks
14e64f5b: shows [Kh 8c] (a pair of Eights)
Hero: shows [Ks Js] (King high)
*** SHOWDOWN ***
14e64f5b collected 1,671 from pot
*** SUMMARY ***
Total pot 1,671 | Rake 0 | Jackpot 0 | Bingo 0 | Fortune 0 | Tax 0
Board [Th 8d 3d 7h 6s]
Seat 1: 1d763323 (small blind) folded before Flop
Seat 2: 14e64f5b (big blind) showed [Kh 8c] and won (1,671) with a pair of Eights
Seat 3: 53041737 folded before Flop
Seat 4: Hero showed [Ks Js] and lost with King high
Seat 5: 67d1ff17 folded before Flop
Seat 6: 72608149 folded before Flop
Seat 7: aa7c377 folded before Flop
Seat 8: 3165b148 (button) folded before Flop


Poker Hand #TM5697603747: Tournament #269347657, Bounty Hunters Special $10.80 Hold'em No Limit - Level3(75/150(20)) - 2026/03/12 21:06:13
Table '26' 8-max Seat #7 is the button
Seat 1: 1d763323 (9,200 in chips)
Seat 2: 14e64f5b (9,920 in chips)
Seat 3: 53041737 (8,633 in chips)
Seat 4: Hero (26,052 in chips)
Seat 5: 67d1ff17 (14,053 in chips)
Seat 6: 72608149 (10,415 in chips)
Seat 7: aa7c377 (12,832 in chips)
Seat 8: 3165b148 (10,441 in chips)
aa7c377: posts the ante 20
Hero: posts the ante 20
67d1ff17: posts the ante 20
72608149: posts the ante 20
14e64f5b: posts the ante 20
53041737: posts the ante 20
1d763323: posts the ante 20
3165b148: posts the ante 20
3165b148: posts small blind 75
1d763323: posts big blind 150
*** HOLE CARDS ***
Dealt to 1d763323 
Dealt to 14e64f5b 
Dealt to 53041737 
Dealt to Hero [2c 7s]
Dealt to 67d1ff17 
Dealt to 72608149 
Dealt to aa7c377 
Dealt to 3165b148 
14e64f5b: folds
53041737: folds
Hero: folds
67d1ff17: folds
72608149: folds
aa7c377: raises 150 to 300
3165b148: folds
1d763323: folds
Uncalled bet (150) returned to aa7c377
*** SHOWDOWN ***
aa7c377 collected 535 from pot
*** SUMMARY ***
Total pot 535 | Rake 0 | Jackpot 0 | Bingo 0 | Fortune 0 | Tax 0
Seat 1: 1d763323 (big blind) folded before Flop
Seat 2: 14e64f5b folded before Flop
Seat 3: 53041737 folded before Flop
Seat 4: Hero folded before Flop
Seat 5: 67d1ff17 folded before Flop
Seat 6: 72608149 folded before Flop
Seat 7: aa7c377 (button) collected (535)
Seat 8: 3165b148 (small blind) folded before Flop


Poker Hand #TM5697603737: Tournament #269347657, Bounty Hunters Special $10.80 Hold'em No Limit - Level3(75/150(20)) - 2026/03/12 21:05:18
Table '26' 8-max Seat #6 is the button
Seat 1: 1d763323 (9,220 in chips)
Seat 2: 14e64f5b (9,940 in chips)
Seat 3: 53041737 (8,653 in chips)
Seat 4: Hero (26,072 in chips)
Seat 5: 67d1ff17 (14,073 in chips)
Seat 6: 72608149 (9,510 in chips)
Seat 7: aa7c377 (12,927 in chips)
Seat 8: 3165b148 (11,151 in chips)
aa7c377: posts the ante 20
Hero: posts the ante 20
67d1ff17: posts the ante 20
72608149: posts the ante 20
14e64f5b: posts the ante 20
53041737: posts the ante 20
1d763323: posts the ante 20
3165b148: posts the ante 20
aa7c377: posts small blind 75
3165b148: posts big blind 150
*** HOLE CARDS ***
Dealt to 1d763323 
Dealt to 14e64f5b 
Dealt to 53041737 
Dealt to Hero [2c 9h]
Dealt to 67d1ff17 
Dealt to 72608149 
Dealt to aa7c377 
Dealt to 3165b148 
1d763323: folds
14e64f5b: folds
53041737: folds
Hero: folds
67d1ff17: folds
72608149: raises 165 to 315
aa7c377: folds
3165b148: calls 165
*** FLOP *** [Th 8c Ks]
3165b148: checks
72608149: bets 375
3165b148: calls 375
*** TURN *** [Th 8c Ks] [3h]
3165b148: checks
72608149: bets 1,050
3165b148: folds
Uncalled bet (1,050) returned to 72608149
*** SHOWDOWN ***
72608149 collected 1,615 from pot
*** SUMMARY ***
Total pot 1,615 | Rake 0 | Jackpot 0 | Bingo 0 | Fortune 0 | Tax 0
Board [Th 8c Ks 3h]
Seat 1: 1d763323 folded before Flop
Seat 2: 14e64f5b folded before Flop
Seat 3: 53041737 folded before Flop
Seat 4: Hero folded before Flop
Seat 5: 67d1ff17 folded before Flop
Seat 6: 72608149 (button) won (1,615)
Seat 7: aa7c377 (small blind) folded before Flop
Seat 8: 3165b148 (big blind) folded on the Turn


Poker Hand #TM5697603713: Tournament #269347657, Bounty Hunters Special $10.80 Hold'em No Limit - Level3(75/150(20)) - 2026/03/12 21:03:56
Table '26' 8-max Seat #5 is the button
Seat 1: 1d763323 (9,240 in chips)
Seat 2: 14e64f5b (9,960 in chips)
Seat 3: 53041737 (8,673 in chips)
Seat 4: Hero (25,557 in chips)
Seat 5: 67d1ff17 (14,093 in chips)
Seat 6: 72608149 (9,605 in chips)
Seat 7: aa7c377 (13,247 in chips)
Seat 8: 3165b148 (11,171 in chips)
aa7c377: posts the ante 20
Hero: posts the ante 20
67d1ff17: posts the ante 20
72608149: posts the ante 20
14e64f5b: posts the ante 20
53041737: posts the ante 20
1d763323: posts the ante 20
3165b148: posts the ante 20
72608149: posts small blind 75
aa7c377: posts big blind 150
*** HOLE CARDS ***
Dealt to 1d763323 
Dealt to 14e64f5b 
Dealt to 53041737 
Dealt to Hero [5s Qs]
Dealt to 67d1ff17 
Dealt to 72608149 
Dealt to aa7c377 
Dealt to 3165b148 
3165b148: folds
1d763323: folds
14e64f5b: folds
53041737: folds
Hero: raises 150 to 300
67d1ff17: folds
72608149: folds
aa7c377: calls 150
*** FLOP *** [Tc Ts 3h]
aa7c377: checks
Hero: checks
*** TURN *** [Tc Ts 3h] [2d]
aa7c377: checks
Hero: checks
*** RIVER *** [Tc Ts 3h 2d] [As]
aa7c377: checks
Hero: bets 418
aa7c377: folds
Uncalled bet (418) returned to Hero
*** SHOWDOWN ***
Hero collected 835 from pot
*** SUMMARY ***
Total pot 835 | Rake 0 | Jackpot 0 | Bingo 0 | Fortune 0 | Tax 0
Board [Tc Ts 3h 2d As]
Seat 1: 1d763323 folded before Flop
Seat 2: 14e64f5b folded before Flop
Seat 3: 53041737 folded before Flop
Seat 4: Hero won (835)
Seat 5: 67d1ff17 (button) folded before Flop
Seat 6: 72608149 (small blind) folded before Flop
Seat 7: aa7c377 (big blind) folded on the River
Seat 8: 3165b148 folded before Flop


Poker Hand #TM5697603700: Tournament #269347657, Bounty Hunters Special $10.80 Hold'em No Limit - Level3(75/150(20)) - 2026/03/12 21:03:01
Table '26' 8-max Seat #4 is the button
Seat 1: 1d763323 (9,260 in chips)
Seat 2: 14e64f5b (9,980 in chips)
Seat 3: 53041737 (8,693 in chips)
Seat 4: Hero (25,577 in chips)
Seat 5: 67d1ff17 (14,188 in chips)
Seat 6: 72608149 (10,000 in chips)
Seat 7: aa7c377 (12,657 in chips)
Seat 8: 3165b148 (11,191 in chips)
aa7c377: posts the ante 20
Hero: posts the ante 20
67d1ff17: posts the ante 20
72608149: posts the ante 20
14e64f5b: posts the ante 20
53041737: posts the ante 20
1d763323: posts the ante 20
3165b148: posts the ante 20
67d1ff17: posts small blind 75
72608149: posts big blind 150
*** HOLE CARDS ***
Dealt to 1d763323 
Dealt to 14e64f5b 
Dealt to 53041737 
Dealt to Hero [Kh Ts]
Dealt to 67d1ff17 
Dealt to 72608149 
Dealt to aa7c377 
Dealt to 3165b148 
aa7c377: raises 225 to 375
3165b148: folds
1d763323: folds
14e64f5b: folds
53041737: folds
Hero: folds
67d1ff17: folds
72608149: calls 225
*** FLOP *** [Tc Ah Jh]
72608149: checks
aa7c377: bets 326
72608149: folds
Uncalled bet (326) returned to aa7c377
*** SHOWDOWN ***
aa7c377 collected 985 from pot
*** SUMMARY ***
Total pot 985 | Rake 0 | Jackpot 0 | Bingo 0 | Fortune 0 | Tax 0
Board [Tc Ah Jh]
Seat 1: 1d763323 folded before Flop
Seat 2: 14e64f5b folded before Flop
Seat 3: 53041737 folded before Flop
Seat 4: Hero (button) folded before Flop
Seat 5: 67d1ff17 (small blind) folded before Flop
Seat 6: 72608149 (big blind) folded on the Flop
Seat 7: aa7c377 won (985)
Seat 8: 3165b148 folded before Flop


Poker Hand #TM5697603690: Tournament #269347657, Bounty Hunters Special $10.80 Hold'em No Limit - Level3(75/150(20)) - 2026/03/12 21:02:46
Table '26' 8-max Seat #3 is the button
Seat 1: 1d763323 (9,280 in chips)
Seat 2: 14e64f5b (10,000 in chips)
Seat 3: 53041737 (8,713 in chips)
Seat 4: Hero (25,672 in chips)
Seat 5: 67d1ff17 (13,973 in chips)
Seat 6: 9e84eb73 (10,000 in chips)
Seat 7: aa7c377 (12,677 in chips)
Seat 8: 3165b148 (11,211 in chips)
aa7c377: posts the ante 20
Hero: posts the ante 20
9e84eb73: posts the ante 20
67d1ff17: posts the ante 20
14e64f5b: posts the ante 20
53041737: posts the ante 20
1d763323: posts the ante 20
3165b148: posts the ante 20
Hero: posts small blind 75
67d1ff17: posts big blind 150
*** HOLE CARDS ***
Dealt to 1d763323 
Dealt to 14e64f5b 
Dealt to 53041737 
Dealt to Hero [2s Tc]
Dealt to 67d1ff17 
Dealt to 9e84eb73 
Dealt to aa7c377 
Dealt to 3165b148 
9e84eb73: folds
aa7c377: folds
3165b148: folds
1d763323: folds
14e64f5b: folds
53041737: folds
Hero: folds
Uncalled bet (75) returned to 67d1ff17
*** SHOWDOWN ***
67d1ff17 collected 310 from pot
*** SUMMARY ***
Total pot 310 | Rake 0 | Jackpot 0 | Bingo 0 | Fortune 0 | Tax 0
Seat 1: 1d763323 folded before Flop
Seat 2: 14e64f5b folded before Flop
Seat 3: 53041737 (button) folded before Flop
Seat 4: Hero (small blind) folded before Flop
Seat 5: 67d1ff17 (big blind) collected (310)
Seat 6: 9e84eb73 folded before Flop
Seat 7: aa7c377 folded before Flop
Seat 8: 3165b148 folded before Flop


Poker Hand #TM5697603658: Tournament #269347657, Bounty Hunters Special $10.80 Hold'em No Limit - Level2(60/120(18)) - 2026/03/12 20:53:41
Table '26' 8-max Seat #2 is the button
Seat 1: 1d763323 (9,298 in chips)
Seat 2: ad4d8852 (9,877 in chips)
Seat 3: 53041737 (8,791 in chips)
Seat 4: Hero (25,810 in chips)
Seat 5: 67d1ff17 (13,991 in chips)
Seat 6: 1b6b7887 (9,572 in chips)
Seat 7: aa7c377 (12,695 in chips)
Seat 8: 3165b148 (7,779 in chips)
aa7c377: posts the ante 18
Hero: posts the ante 18
67d1ff17: posts the ante 18
1b6b7887: posts the ante 18
1d763323: posts the ante 18
53041737: posts the ante 18
ad4d8852: posts the ante 18
3165b148: posts the ante 18
53041737: posts small blind 60
Hero: posts big blind 120
*** HOLE CARDS ***
Dealt to 1d763323 
Dealt to ad4d8852 
Dealt to 53041737 
Dealt to Hero [7d Td]
Dealt to 67d1ff17 
Dealt to 1b6b7887 
Dealt to aa7c377 
Dealt to 3165b148 
67d1ff17: folds
1b6b7887: raises 120 to 240
aa7c377: folds
3165b148: raises 360 to 600
1d763323: folds
ad4d8852: folds
53041737: folds
Hero: folds
1b6b7887: calls 360
*** FLOP *** [6h 7s 7c]
1b6b7887: checks
3165b148: bets 882
1b6b7887: calls 882
*** TURN *** [6h 7s 7c] [7h]
1b6b7887: checks
3165b148: checks
*** RIVER *** [6h 7s 7c 7h] [8d]
1b6b7887: bets 1,644
3165b148: calls 1,644
1b6b7887: shows [5c Qc] (three of a kind, Sevens)
3165b148: shows [Kd Ah] (three of a kind, Sevens)
*** SHOWDOWN ***
3165b148 collected 6,576 from pot
*** SUMMARY ***
Total pot 6,576 | Rake 0 | Jackpot 0 | Bingo 0 | Fortune 0 | Tax 0
Board [6h 7s 7c 7h 8d]
Seat 1: 1d763323 folded before Flop
Seat 2: ad4d8852 (button) folded before Flop
Seat 3: 53041737 (small blind) folded before Flop
Seat 4: Hero (big blind) folded before Flop
Seat 5: 67d1ff17 folded before Flop
Seat 6: 1b6b7887 showed [5c Qc] and lost with three of a kind, Sevens
Seat 7: aa7c377 folded before Flop
Seat 8: 3165b148 showed [Kd Ah] and won (6,576) with three of a kind, Sevens


Poker Hand #TM5697603646: Tournament #269347657, Bounty Hunters Special $10.80 Hold'em No Limit - Level2(60/120(18)) - 2026/03/12 20:52:51
Table '26' 8-max Seat #1 is the button
Seat 1: 1d763323 (9,556 in chips)
Seat 2: ad4d8852 (9,955 in chips)
Seat 3: 53041737 (9,049 in chips)
Seat 4: Hero (26,453 in chips)
Seat 5: 67d1ff17 (12,700 in chips)
Seat 6: 1b6b7887 (9,590 in chips)
Seat 7: aa7c377 (12,713 in chips)
Seat 8: 3165b148 (7,797 in chips)
aa7c377: posts the ante 18
Hero: posts the ante 18
67d1ff17: posts the ante 18
1b6b7887: posts the ante 18
1d763323: posts the ante 18
53041737: posts the ante 18
3165b148: posts the ante 18
ad4d8852: posts the ante 18
ad4d8852: posts small blind 60
53041737: posts big blind 120
*** HOLE CARDS ***
Dealt to 1d763323 
Dealt to ad4d8852 
Dealt to 53041737 
Dealt to Hero [9d 9c]
Dealt to 67d1ff17 
Dealt to 1b6b7887 
Dealt to aa7c377 
Dealt to 3165b148 
Hero: raises 120 to 240
67d1ff17: calls 240
1b6b7887: folds
aa7c377: folds
3165b148: folds
1d763323: calls 240
ad4d8852: folds
53041737: calls 120
*** FLOP *** [As Kh Jh]
53041737: checks
Hero: bets 385
67d1ff17: calls 385
1d763323: folds
53041737: folds
*** TURN *** [As Kh Jh] [Ks]
Hero: checks
67d1ff17: bets 967
Hero: folds
Uncalled bet (967) returned to 67d1ff17
*** SHOWDOWN ***
67d1ff17 collected 1,934 from pot
*** SUMMARY ***
Total pot 1,934 | Rake 0 | Jackpot 0 | Bingo 0 | Fortune 0 | Tax 0
Board [As Kh Jh Ks]
Seat 1: 1d763323 (button) folded on the Flop
Seat 2: ad4d8852 (small blind) folded before Flop
Seat 3: 53041737 (big blind) folded on the Flop
Seat 4: Hero folded on the Turn
Seat 5: 67d1ff17 won (1,934)
Seat 6: 1b6b7887 folded before Flop
Seat 7: aa7c377 folded before Flop
Seat 8: 3165b148 folded before Flop


Poker Hand #TM5697603632: Tournament #269347657, Bounty Hunters Special $10.80 Hold'em No Limit - Level2(60/120(18)) - 2026/03/12 20:51:38
Table '26' 8-max Seat #8 is the button
Seat 1: 1d763323 (9,826 in chips)
Seat 2: ad4d8852 (10,093 in chips)
Seat 3: 53041737 (9,319 in chips)
Seat 4: Hero (26,471 in chips)
Seat 5: 67d1ff17 (12,718 in chips)
Seat 6: 1b6b7887 (8,588 in chips)
Seat 7: aa7c377 (12,983 in chips)
Seat 8: 3165b148 (7,815 in chips)
aa7c377: posts the ante 18
Hero: posts the ante 18
67d1ff17: posts the ante 18
1b6b7887: posts the ante 18
53041737: posts the ante 18
1d763323: posts the ante 18
3165b148: posts the ante 18
ad4d8852: posts the ante 18
1d763323: posts small blind 60
ad4d8852: posts big blind 120
*** HOLE CARDS ***
Dealt to 1d763323 
Dealt to ad4d8852 
Dealt to 53041737 
Dealt to Hero [5h Kc]
Dealt to 67d1ff17 
Dealt to 1b6b7887 
Dealt to aa7c377 
Dealt to 3165b148 
53041737: raises 132 to 252
Hero: folds
67d1ff17: folds
1b6b7887: calls 252
aa7c377: calls 252
3165b148: folds
1d763323: calls 192
ad4d8852: folds
*** FLOP *** [8h 2s 9s]
1d763323: checks
53041737: checks
1b6b7887: bets 636
aa7c377: folds
1d763323: folds
53041737: folds
Uncalled bet (636) returned to 1b6b7887
*** SHOWDOWN ***
1b6b7887 collected 1,272 from pot
*** SUMMARY ***
Total pot 1,272 | Rake 0 | Jackpot 0 | Bingo 0 | Fortune 0 | Tax 0
Board [8h 2s 9s]
Seat 1: 1d763323 (small blind) folded on the Flop
Seat 2: ad4d8852 (big blind) folded before Flop
Seat 3: 53041737 folded on the Flop
Seat 4: Hero folded before Flop
Seat 5: 67d1ff17 folded before Flop
Seat 6: 1b6b7887 won (1,272)
Seat 7: aa7c377 folded on the Flop
Seat 8: 3165b148 (button) folded before Flop


Poker Hand #TM5697603613: Tournament #269347657, Bounty Hunters Special $10.80 Hold'em No Limit - Level2(60/120(18)) - 2026/03/12 20:50:26
Table '26' 8-max Seat #7 is the button
Seat 1: 1d763323 (9,964 in chips)
Seat 2: ad4d8852 (10,111 in chips)
Seat 3: 53041737 (9,337 in chips)
Seat 4: Hero (25,121 in chips)
Seat 5: 67d1ff17 (12,736 in chips)
Seat 6: 1b6b7887 (8,606 in chips)
Seat 7: aa7c377 (13,001 in chips)
Seat 8: 3165b148 (8,937 in chips)
aa7c377: posts the ante 18
Hero: posts the ante 18
67d1ff17: posts the ante 18
1b6b7887: posts the ante 18
53041737: posts the ante 18
1d763323: posts the ante 18
ad4d8852: posts the ante 18
3165b148: posts the ante 18
3165b148: posts small blind 60
1d763323: posts big blind 120
*** HOLE CARDS ***
Dealt to 1d763323 
Dealt to ad4d8852 
Dealt to 53041737 
Dealt to Hero [9c Tc]
Dealt to 67d1ff17 
Dealt to 1b6b7887 
Dealt to aa7c377 
Dealt to 3165b148 
ad4d8852: folds
53041737: folds
Hero: raises 120 to 240
67d1ff17: folds
1b6b7887: folds
aa7c377: folds
3165b148: calls 180
1d763323: folds
*** FLOP *** [Ad 3h Js]
3165b148: checks
Hero: bets 246
3165b148: calls 246
*** TURN *** [Ad 3h Js] [Kc]
3165b148: bets 618
Hero: calls 618
*** RIVER *** [Ad 3h Js Kc] [Qs]
3165b148: checks
Hero: bets 1,854
3165b148: folds
Uncalled bet (1,854) returned to Hero
*** SHOWDOWN ***
Hero collected 2,472 from pot
*** SUMMARY ***
Total pot 2,472 | Rake 0 | Jackpot 0 | Bingo 0 | Fortune 0 | Tax 0
Board [Ad 3h Js Kc Qs]
Seat 1: 1d763323 (big blind) folded before Flop
Seat 2: ad4d8852 folded before Flop
Seat 3: 53041737 folded before Flop
Seat 4: Hero won (2,472)
Seat 5: 67d1ff17 folded before Flop
Seat 6: 1b6b7887 folded before Flop
Seat 7: aa7c377 (button) folded before Flop
Seat 8: 3165b148 (small blind) folded on the River


Poker Hand #TM5697603604: Tournament #269347657, Bounty Hunters Special $10.80 Hold'em No Limit - Level2(60/120(18)) - 2026/03/12 20:49:38
Table '26' 8-max Seat #6 is the button
Seat 1: 1d763323 (9,982 in chips)
Seat 2: ad4d8852 (10,129 in chips)
Seat 3: 53041737 (9,355 in chips)
Seat 4: Hero (25,139 in chips)
Seat 5: 67d1ff17 (14,224 in chips)
Seat 6: 1b6b7887 (8,864 in chips)
Seat 7: aa7c377 (11,045 in chips)
Seat 8: 3165b148 (9,075 in chips)
aa7c377: posts the ante 18
Hero: posts the ante 18
67d1ff17: posts the ante 18
1b6b7887: posts the ante 18
53041737: posts the ante 18
1d763323: posts the ante 18
ad4d8852: posts the ante 18
3165b148: posts the ante 18
aa7c377: posts small blind 60
3165b148: posts big blind 120
*** HOLE CARDS ***
Dealt to 1d763323 
Dealt to ad4d8852 
Dealt to 53041737 
Dealt to Hero [9h Td]
Dealt to 67d1ff17 
Dealt to 1b6b7887 
Dealt to aa7c377 
Dealt to 3165b148 
1d763323: folds
ad4d8852: folds
53041737: folds
Hero: folds
67d1ff17: raises 120 to 240
1b6b7887: calls 240
aa7c377: raises 1,230 to 1,470
3165b148: folds
67d1ff17: calls 1,230
1b6b7887: folds
*** FLOP *** [Qs Tc Ac]
aa7c377: bets 1,137
67d1ff17: folds
Uncalled bet (1,137) returned to aa7c377
*** SHOWDOWN ***
aa7c377 collected 3,444 from pot
*** SUMMARY ***
Total pot 3,444 | Rake 0 | Jackpot 0 | Bingo 0 | Fortune 0 | Tax 0
Board [Qs Tc Ac]
Seat 1: 1d763323 folded before Flop
Seat 2: ad4d8852 folded before Flop
Seat 3: 53041737 folded before Flop
Seat 4: Hero folded before Flop
Seat 5: 67d1ff17 folded on the Flop
Seat 6: 1b6b7887 (button) folded before Flop
Seat 7: aa7c377 (small blind) won (3,444)
Seat 8: 3165b148 (big blind) folded before Flop


Poker Hand #TM5697603583: Tournament #269347657, Bounty Hunters Special $10.80 Hold'em No Limit - Level2(60/120(18)) - 2026/03/12 20:48:09
Table '26' 8-max Seat #5 is the button
Seat 1: 1d763323 (10,000 in chips)
Seat 2: ad4d8852 (10,147 in chips)
Seat 3: 53041737 (9,373 in chips)
Seat 4: Hero (25,157 in chips)
Seat 5: 67d1ff17 (14,242 in chips)
Seat 6: 1b6b7887 (9,587 in chips)
Seat 7: aa7c377 (11,183 in chips)
Seat 8: 3165b148 (8,124 in chips)
aa7c377: posts the ante 18
Hero: posts the ante 18
67d1ff17: posts the ante 18
1b6b7887: posts the ante 18
53041737: posts the ante 18
1d763323: posts the ante 18
ad4d8852: posts the ante 18
3165b148: posts the ante 18
1b6b7887: posts small blind 60
aa7c377: posts big blind 120
*** HOLE CARDS ***
Dealt to 1d763323 
Dealt to ad4d8852 
Dealt to 53041737 
Dealt to Hero [6d 4h]
Dealt to 67d1ff17 
Dealt to 1b6b7887 
Dealt to aa7c377 
Dealt to 3165b148 
3165b148: calls 120
1d763323: folds
ad4d8852: folds
53041737: folds
Hero: folds
67d1ff17: folds
1b6b7887: calls 60
aa7c377: checks
*** FLOP *** [As 6s 8h]
1b6b7887: checks
aa7c377: checks
3165b148: bets 252
1b6b7887: calls 252
aa7c377: folds
*** TURN *** [As 6s 8h] [Jh]
1b6b7887: checks
3165b148: checks
*** RIVER *** [As 6s 8h Jh] [Ac]
1b6b7887: bets 333
3165b148: calls 333
1b6b7887: shows [Kc 6c] (two pair, Aces and Sixes)
3165b148: shows [Qd Qh] (two pair, Aces and Queens)
*** SHOWDOWN ***
3165b148 collected 1,674 from pot
*** SUMMARY ***
Total pot 1,674 | Rake 0 | Jackpot 0 | Bingo 0 | Fortune 0 | Tax 0
Board [As 6s 8h Jh Ac]
Seat 1: 1d763323 folded before Flop
Seat 2: ad4d8852 folded before Flop
Seat 3: 53041737 folded before Flop
Seat 4: Hero folded before Flop
Seat 5: 67d1ff17 (button) folded before Flop
Seat 6: 1b6b7887 (small blind) showed [Kc 6c] and lost with two pair, Aces and Sixes
Seat 7: aa7c377 (big blind) folded on the Flop
Seat 8: 3165b148 showed [Qd Qh] and won (1,674) with two pair, Aces and Queens


Poker Hand #TM5697603572: Tournament #269347657, Bounty Hunters Special $10.80 Hold'em No Limit - Level2(60/120(18)) - 2026/03/12 20:47:06
Table '26' 8-max Seat #4 is the button
Seat 2: ad4d8852 (10,165 in chips)
Seat 3: 53041737 (8,965 in chips)
Seat 4: Hero (25,175 in chips)
Seat 5: 67d1ff17 (14,320 in chips)
Seat 6: 1b6b7887 (9,845 in chips)
Seat 7: aa7c377 (11,201 in chips)
Seat 8: 3165b148 (8,142 in chips)
aa7c377: posts the ante 18
Hero: posts the ante 18
67d1ff17: posts the ante 18
1b6b7887: posts the ante 18
53041737: posts the ante 18
ad4d8852: posts the ante 18
3165b148: posts the ante 18
67d1ff17: posts small blind 60
1b6b7887: posts big blind 120
*** HOLE CARDS ***
Dealt to ad4d8852 
Dealt to 53041737 
Dealt to Hero [Ad 8s]
Dealt to 67d1ff17 
Dealt to 1b6b7887 
Dealt to aa7c377 
Dealt to 3165b148 
aa7c377: folds
3165b148: folds
ad4d8852: folds
53041737: raises 120 to 240
Hero: folds
67d1ff17: folds
1b6b7887: calls 120
*** FLOP *** [3c 5c Qd]
1b6b7887: checks
53041737: bets 222
1b6b7887: folds
Uncalled bet (222) returned to 53041737
*** SHOWDOWN ***
53041737 collected 666 from pot
*** SUMMARY ***
Total pot 666 | Rake 0 | Jackpot 0 | Bingo 0 | Fortune 0 | Tax 0
Board [3c 5c Qd]
Seat 2: ad4d8852 folded before Flop
Seat 3: 53041737 won (666)
Seat 4: Hero (button) folded before Flop
Seat 5: 67d1ff17 (small blind) folded before Flop
Seat 6: 1b6b7887 (big blind) folded on the Flop
Seat 7: aa7c377 folded before Flop
Seat 8: 3165b148 folded before Flop


Poker Hand #TM5697603553: Tournament #269347657, Bounty Hunters Special $10.80 Hold'em No Limit - Level2(60/120(18)) - 2026/03/12 20:45:56
Table '26' 8-max Seat #2 is the button
Seat 1: 2a297777 (10,000 in chips)
Seat 2: ad4d8852 (10,183 in chips)
Seat 3: 3bd3a13 (3,214 in chips)
Seat 4: Hero (11,631 in chips)
Seat 5: 67d1ff17 (14,338 in chips)
Seat 6: 1b6b7887 (10,103 in chips)
Seat 7: aa7c377 (11,219 in chips)
Seat 8: 3165b148 (8,160 in chips)
aa7c377: posts the ante 18
Hero: posts the ante 18
67d1ff17: posts the ante 18
3bd3a13: posts the ante 18
1b6b7887: posts the ante 18
ad4d8852: posts the ante 18
2a297777: posts the ante 18
3165b148: posts the ante 18
3bd3a13: posts small blind 60
Hero: posts big blind 120
*** HOLE CARDS ***
Dealt to 2a297777 
Dealt to ad4d8852 
Dealt to 3bd3a13 
Dealt to Hero [Qs As]
Dealt to 67d1ff17 
Dealt to 1b6b7887 
Dealt to aa7c377 
Dealt to 3165b148 
67d1ff17: folds
1b6b7887: raises 120 to 240
aa7c377: folds
3165b148: folds
2a297777: raises 660 to 900
ad4d8852: folds
3bd3a13: raises 2,296 to 3,196 and is all-in
Hero: raises 8,417 to 11,613 and is all-in
1b6b7887: folds
2a297777: calls 9,082 and is all-in
Uncalled bet (1,631) returned to Hero
Hero: shows [Qs As]
2a297777: shows [Jh Td]
3bd3a13: shows [Ks Ac]
*** FLOP *** [7c 5s 4s]
*** TURN *** [7c 5s 4s] [Qd]
*** RIVER *** [7c 5s 4s Qd] [2h]
*** SHOWDOWN ***
Hero collected 9,972 from pot
Hero collected 13,572 from pot
*** SUMMARY ***
Total pot 23,544 | Rake 0 | Jackpot 0 | Bingo 0 | Fortune 0 | Tax 0
Board [7c 5s 4s Qd 2h]
Seat 1: 2a297777 showed [Jh Td] and lost with Queen high
Seat 2: ad4d8852 (button) folded before Flop
Seat 3: 3bd3a13 (small blind) showed [Ks Ac] and lost with Ace high
Seat 4: Hero (big blind) showed [Qs As] and won (23,544) with a pair of Queens
Seat 5: 67d1ff17 folded before Flop
Seat 6: 1b6b7887 folded before Flop
Seat 7: aa7c377 folded before Flop
Seat 8: 3165b148 folded before Flop


Poker Hand #TM5697603544: Tournament #269347657, Bounty Hunters Special $10.80 Hold'em No Limit - Level2(60/120(18)) - 2026/03/12 20:45:21
Table '26' 8-max Seat #8 is the button
Seat 2: ad4d8852 (10,261 in chips)
Seat 3: 3bd3a13 (3,472 in chips)
Seat 4: Hero (11,649 in chips)
Seat 5: 67d1ff17 (14,356 in chips)
Seat 6: 1b6b7887 (10,121 in chips)
Seat 7: aa7c377 (10,811 in chips)
Seat 8: 3165b148 (8,178 in chips)
aa7c377: posts the ante 18
Hero: posts the ante 18
67d1ff17: posts the ante 18
3bd3a13: posts the ante 18
1b6b7887: posts the ante 18
3165b148: posts the ante 18
ad4d8852: posts the ante 18
ad4d8852: posts small blind 60
3bd3a13: posts big blind 120
*** HOLE CARDS ***
Dealt to ad4d8852 
Dealt to 3bd3a13 
Dealt to Hero [8s Kh]
Dealt to 67d1ff17 
Dealt to 1b6b7887 
Dealt to aa7c377 
Dealt to 3165b148 
Hero: folds
67d1ff17: folds
1b6b7887: folds
aa7c377: raises 120 to 240
3165b148: folds
ad4d8852: folds
3bd3a13: calls 120
*** FLOP *** [5s As Jd]
3bd3a13: checks
aa7c377: bets 220
3bd3a13: folds
Uncalled bet (220) returned to aa7c377
*** SHOWDOWN ***
aa7c377 collected 666 from pot
*** SUMMARY ***
Total pot 666 | Rake 0 | Jackpot 0 | Bingo 0 | Fortune 0 | Tax 0
Board [5s As Jd]
Seat 2: ad4d8852 (small blind) folded before Flop
Seat 3: 3bd3a13 (big blind) folded on the Flop
Seat 4: Hero folded before Flop
Seat 5: 67d1ff17 folded before Flop
Seat 6: 1b6b7887 folded before Flop
Seat 7: aa7c377 won (666)
Seat 8: 3165b148 (button) folded before Flop


Poker Hand #TM5697603530: Tournament #269347657, Bounty Hunters Special $10.80 Hold'em No Limit - Level2(60/120(18)) - 2026/03/12 20:44:11
Table '26' 8-max Seat #7 is the button
Seat 2: ad4d8852 (10,399 in chips)
Seat 3: 3bd3a13 (6,202 in chips)
Seat 4: Hero (11,667 in chips)
Seat 5: 67d1ff17 (14,374 in chips)
Seat 6: 1b6b7887 (10,139 in chips)
Seat 7: aa7c377 (7,811 in chips)
Seat 8: 3165b148 (8,256 in chips)
aa7c377: posts the ante 18
Hero: posts the ante 18
67d1ff17: posts the ante 18
3bd3a13: posts the ante 18
1b6b7887: posts the ante 18
ad4d8852: posts the ante 18
3165b148: posts the ante 18
3165b148: posts small blind 60
ad4d8852: posts big blind 120
*** HOLE CARDS ***
Dealt to ad4d8852 
Dealt to 3bd3a13 
Dealt to Hero [Kh 6s]
Dealt to 67d1ff17 
Dealt to 1b6b7887 
Dealt to aa7c377 
Dealt to 3165b148 
3bd3a13: calls 120
Hero: folds
67d1ff17: folds
1b6b7887: folds
aa7c377: raises 300 to 420
3165b148: folds
ad4d8852: folds
3bd3a13: calls 300
*** FLOP *** [6c Td 8c]
3bd3a13: checks
aa7c377: bets 573
3bd3a13: calls 573
*** TURN *** [6c Td 8c] [8s]
3bd3a13: checks
aa7c377: checks
*** RIVER *** [6c Td 8c 8s] [3c]
3bd3a13: checks
aa7c377: bets 1,719
3bd3a13: calls 1,719
aa7c377: shows [4c 5c] (a flush Eight high)
3bd3a13: shows [6d 9s] (two pair, Eights and Sixes)
*** SHOWDOWN ***
aa7c377 collected 5,730 from pot
*** SUMMARY ***
Total pot 5,730 | Rake 0 | Jackpot 0 | Bingo 0 | Fortune 0 | Tax 0
Board [6c Td 8c 8s 3c]
Seat 2: ad4d8852 (big blind) folded before Flop
Seat 3: 3bd3a13 showed [6d 9s] and lost with two pair, Eights and Sixes
Seat 4: Hero folded before Flop
Seat 5: 67d1ff17 folded before Flop
Seat 6: 1b6b7887 folded before Flop
Seat 7: aa7c377 (button) showed [4c 5c] and won (5,730) with a flush Eight high
Seat 8: 3165b148 (small blind) folded before Flop


Poker Hand #TM5697603521: Tournament #269347657, Bounty Hunters Special $10.80 Hold'em No Limit - Level2(60/120(18)) - 2026/03/12 20:43:20
Table '26' 8-max Seat #6 is the button
Seat 1: 9c72924c (10,995 in chips)
Seat 2: ad4d8852 (10,417 in chips)
Seat 3: 3bd3a13 (10,288 in chips)
Seat 4: Hero (11,685 in chips)
Seat 5: 67d1ff17 (10,000 in chips)
Seat 6: 1b6b7887 (10,157 in chips)
Seat 7: aa7c377 (7,889 in chips)
Seat 8: 3165b148 (8,394 in chips)
aa7c377: posts the ante 18
Hero: posts the ante 18
67d1ff17: posts the ante 18
3bd3a13: posts the ante 18
9c72924c: posts the ante 18
1b6b7887: posts the ante 18
ad4d8852: posts the ante 18
3165b148: posts the ante 18
aa7c377: posts small blind 60
3165b148: posts big blind 120
*** HOLE CARDS ***
Dealt to 9c72924c 
Dealt to ad4d8852 
Dealt to 3bd3a13 
Dealt to Hero [7s Ac]
Dealt to 67d1ff17 
Dealt to 1b6b7887 
Dealt to aa7c377 
Dealt to 3165b148 
9c72924c: folds
ad4d8852: folds
3bd3a13: calls 120
Hero: folds
67d1ff17: raises 564 to 684
1b6b7887: folds
aa7c377: folds
3165b148: folds
3bd3a13: calls 564
*** FLOP *** [4c 9h 3c]
3bd3a13: checks
67d1ff17: bets 846
3bd3a13: calls 846
*** TURN *** [4c 9h 3c] [Th]
3bd3a13: checks
67d1ff17: bets 2,538
3bd3a13: calls 2,538
*** RIVER *** [4c 9h 3c Th] [8c]
3bd3a13: checks
67d1ff17: checks
3bd3a13: shows [9c Ah] (a pair of Nines)
67d1ff17: shows [Qd Qc] (a pair of Queens)
*** SHOWDOWN ***
67d1ff17 collected 8,460 from pot
*** SUMMARY ***
Total pot 8,460 | Rake 0 | Jackpot 0 | Bingo 0 | Fortune 0 | Tax 0
Board [4c 9h 3c Th 8c]
Seat 1: 9c72924c folded before Flop
Seat 2: ad4d8852 folded before Flop
Seat 3: 3bd3a13 showed [9c Ah] and lost with a pair of Nines
Seat 4: Hero folded before Flop
Seat 5: 67d1ff17 showed [Qd Qc] and won (8,460) with a pair of Queens
Seat 6: 1b6b7887 (button) folded before Flop
Seat 7: aa7c377 (small blind) folded before Flop
Seat 8: 3165b148 (big blind) folded before Flop


Poker Hand #TM5697603516: Tournament #269347657, Bounty Hunters Special $10.80 Hold'em No Limit - Level2(60/120(18)) - 2026/03/12 20:42:54
Table '26' 8-max Seat #4 is the button
Seat 1: 9c72924c (11,013 in chips)
Seat 2: ad4d8852 (10,435 in chips)
Seat 3: 3bd3a13 (10,000 in chips)
Seat 4: Hero (11,703 in chips)
Seat 6: 1b6b7887 (10,235 in chips)
Seat 7: aa7c377 (8,027 in chips)
Seat 8: 3165b148 (8,412 in chips)
aa7c377: posts the ante 18
Hero: posts the ante 18
3bd3a13: posts the ante 18
9c72924c: posts the ante 18
1b6b7887: posts the ante 18
ad4d8852: posts the ante 18
3165b148: posts the ante 18
1b6b7887: posts small blind 60
aa7c377: posts big blind 120
*** HOLE CARDS ***
Dealt to 9c72924c 
Dealt to ad4d8852 
Dealt to 3bd3a13 
Dealt to Hero [6h Ks]
Dealt to 1b6b7887 
Dealt to aa7c377 
Dealt to 3165b148 
3165b148: folds
9c72924c: folds
ad4d8852: folds
3bd3a13: calls 120
Hero: folds
1b6b7887: folds
aa7c377: checks
*** FLOP *** [2s 4c Kc]
aa7c377: checks
3bd3a13: bets 213
aa7c377: folds
Uncalled bet (213) returned to 3bd3a13
*** SHOWDOWN ***
3bd3a13 collected 426 from pot
*** SUMMARY ***
Total pot 426 | Rake 0 | Jackpot 0 | Bingo 0 | Fortune 0 | Tax 0
Board [2s 4c Kc]
Seat 1: 9c72924c folded before Flop
Seat 2: ad4d8852 folded before Flop
Seat 3: 3bd3a13 won (426)
Seat 4: Hero (button) folded before Flop
Seat 6: 1b6b7887 (small blind) folded before Flop
Seat 7: aa7c377 (big blind) folded on the Flop
Seat 8: 3165b148 folded before Flop


Poker Hand #TM5697603503: Tournament #269347657, Bounty Hunters Special $10.80 Hold'em No Limit - Level1(50/100(15)) - 2026/03/12 20:41:39
Table '26' 8-max Seat #2 is the button
Seat 1: 9c72924c (11,028 in chips)
Seat 2: ad4d8852 (10,450 in chips)
Seat 4: Hero (10,635 in chips)
Seat 6: 1b6b7887 (10,350 in chips)
Seat 7: aa7c377 (8,935 in chips)
Seat 8: 3165b148 (8,427 in chips)
aa7c377: posts the ante 15
Hero: posts the ante 15
9c72924c: posts the ante 15
1b6b7887: posts the ante 15
ad4d8852: posts the ante 15
3165b148: posts the ante 15
Hero: posts small blind 50
1b6b7887: posts big blind 100
*** HOLE CARDS ***
Dealt to 9c72924c 
Dealt to ad4d8852 
Dealt to Hero [9s Ts]
Dealt to 1b6b7887 
Dealt to aa7c377 
Dealt to 3165b148 
aa7c377: raises 200 to 300
3165b148: folds
9c72924c: folds
ad4d8852: folds
Hero: calls 250
1b6b7887: folds
*** FLOP *** [9h Tc 7s]
Hero: checks
aa7c377: checks
*** TURN *** [9h Tc 7s] [Ks]
Hero: checks
aa7c377: bets 593
Hero: raises 1,682 to 2,275
aa7c377: folds
Uncalled bet (1,682) returned to Hero
*** SHOWDOWN ***
Hero collected 1,976 from pot
*** SUMMARY ***
Total pot 1,976 | Rake 0 | Jackpot 0 | Bingo 0 | Fortune 0 | Tax 0
Board [9h Tc 7s Ks]
Seat 1: 9c72924c folded before Flop
Seat 2: ad4d8852 (button) folded before Flop
Seat 4: Hero (small blind) won (1,976)
Seat 6: 1b6b7887 (big blind) folded before Flop
Seat 7: aa7c377 folded on the Turn
Seat 8: 3165b148 folded before Flop


Poker Hand #TM5697603486: Tournament #269347657, Bounty Hunters Special $10.80 Hold'em No Limit - Level1(50/100(15)) - 2026/03/12 20:40:21
Table '26' 8-max Seat #1 is the button
Seat 1: 9c72924c (9,960 in chips)
Seat 2: ad4d8852 (10,515 in chips)
Seat 4: Hero (10,750 in chips)
Seat 5: e9f9e7e5 (9,405 in chips)
Seat 6: 1b6b7887 (10,365 in chips)
Seat 7: aa7c377 (8,950 in chips)
Seat 8: 3165b148 (9,270 in chips)
aa7c377: posts the ante 15
Hero: posts the ante 15
9c72924c: posts the ante 15
1b6b7887: posts the ante 15
e9f9e7e5: posts the ante 15
3165b148: posts the ante 15
ad4d8852: posts the ante 15
ad4d8852: posts small blind 50
Hero: posts big blind 100
*** HOLE CARDS ***
Dealt to 9c72924c 
Dealt to ad4d8852 
Dealt to Hero [8d 9s]
Dealt to e9f9e7e5 
Dealt to 1b6b7887 
Dealt to aa7c377 
Dealt to 3165b148 
e9f9e7e5: folds
1b6b7887: folds
aa7c377: folds
3165b148: calls 100
9c72924c: raises 250 to 350
ad4d8852: folds
Hero: folds
3165b148: calls 250
*** FLOP *** [7h Qd 9c]
3165b148: bets 478
9c72924c: calls 478
*** TURN *** [7h Qd 9c] [4d]
3165b148: checks
9c72924c: checks
*** RIVER *** [7h Qd 9c 4d] [5c]
3165b148: checks
9c72924c: bets 1,472
3165b148: folds
Uncalled bet (1,472) returned to 9c72924c
*** SHOWDOWN ***
9c72924c collected 1,911 from pot
*** SUMMARY ***
Total pot 1,911 | Rake 0 | Jackpot 0 | Bingo 0 | Fortune 0 | Tax 0
Board [7h Qd 9c 4d 5c]
Seat 1: 9c72924c (button) won (1,911)
Seat 2: ad4d8852 (small blind) folded before Flop
Seat 4: Hero (big blind) folded before Flop
Seat 5: e9f9e7e5 folded before Flop
Seat 6: 1b6b7887 folded before Flop
Seat 7: aa7c377 folded before Flop
Seat 8: 3165b148 folded on the River


Poker Hand #TM5697603464: Tournament #269347657, Bounty Hunters Special $10.80 Hold'em No Limit - Level1(50/100(15)) - 2026/03/12 20:38:53
Table '26' 8-max Seat #8 is the button
Seat 1: 9c72924c (10,025 in chips)
Seat 2: ad4d8852 (10,630 in chips)
Seat 3: d5016cea (9,740 in chips)
Seat 4: Hero (10,765 in chips)
Seat 5: e9f9e7e5 (9,420 in chips)
Seat 6: 1b6b7887 (10,380 in chips)
Seat 7: aa7c377 (8,965 in chips)
Seat 8: 3165b148 (9,820 in chips)
aa7c377: posts the ante 15
Hero: posts the ante 15
9c72924c: posts the ante 15
1b6b7887: posts the ante 15
e9f9e7e5: posts the ante 15
3165b148: posts the ante 15
d5016cea: posts the ante 15
ad4d8852: posts the ante 15
9c72924c: posts small blind 50
ad4d8852: posts big blind 100
*** HOLE CARDS ***
Dealt to 9c72924c 
Dealt to ad4d8852 
Dealt to d5016cea 
Dealt to Hero [3c 9c]
Dealt to e9f9e7e5 
Dealt to 1b6b7887 
Dealt to aa7c377 
Dealt to 3165b148 
d5016cea: raises 100 to 200
Hero: folds
e9f9e7e5: folds
1b6b7887: folds
aa7c377: folds
3165b148: calls 200
9c72924c: folds
ad4d8852: folds
*** FLOP *** [7s As 9s]
d5016cea: checks
3165b148: bets 335
d5016cea: calls 335
*** TURN *** [7s As 9s] [8c]
d5016cea: checks
3165b148: checks
*** RIVER *** [7s As 9s 8c] [Kc]
d5016cea: checks
3165b148: checks
d5016cea: shows [8s 8d] (three of a kind, Eights)
3165b148: shows [Th Ad] (a pair of Aces)
*** SHOWDOWN ***
d5016cea collected 1,340 from pot
*** SUMMARY ***
Total pot 1,340 | Rake 0 | Jackpot 0 | Bingo 0 | Fortune 0 | Tax 0
Board [7s As 9s 8c Kc]
Seat 1: 9c72924c (small blind) folded before Flop
Seat 2: ad4d8852 (big blind) folded before Flop
Seat 3: d5016cea showed [8s 8d] and won (1,340) with three of a kind, Eights
Seat 4: Hero folded before Flop
Seat 5: e9f9e7e5 folded before Flop
Seat 6: 1b6b7887 folded before Flop
Seat 7: aa7c377 folded before Flop
Seat 8: 3165b148 (button) showed [Th Ad] and lost with a pair of Aces


Poker Hand #TM5697603445: Tournament #269347657, Bounty Hunters Special $10.80 Hold'em No Limit - Level1(50/100(15)) - 2026/03/12 20:37:28
Table '26' 8-max Seat #7 is the button
Seat 1: 9c72924c (10,140 in chips)
Seat 2: ad4d8852 (10,645 in chips)
Seat 3: d5016cea (10,330 in chips)
Seat 4: Hero (10,780 in chips)
Seat 5: e9f9e7e5 (9,435 in chips)
Seat 6: 1b6b7887 (9,550 in chips)
Seat 7: aa7c377 (8,980 in chips)
Seat 8: 3165b148 (9,885 in chips)
aa7c377: posts the ante 15
Hero: posts the ante 15
9c72924c: posts the ante 15
1b6b7887: posts the ante 15
e9f9e7e5: posts the ante 15
d5016cea: posts the ante 15
ad4d8852: posts the ante 15
3165b148: posts the ante 15
3165b148: posts small blind 50
9c72924c: posts big blind 100
*** HOLE CARDS ***
Dealt to 9c72924c 
Dealt to ad4d8852 
Dealt to d5016cea 
Dealt to Hero [Kc 7h]
Dealt to e9f9e7e5 
Dealt to 1b6b7887 
Dealt to aa7c377 
Dealt to 3165b148 
ad4d8852: folds
d5016cea: raises 120 to 220
Hero: folds
e9f9e7e5: folds
1b6b7887: raises 355 to 575
aa7c377: folds
3165b148: folds
9c72924c: folds
d5016cea: calls 355
*** FLOP *** [3c 7d Kd]
d5016cea: checks
1b6b7887: bets 469
d5016cea: folds
Uncalled bet (469) returned to 1b6b7887
*** SHOWDOWN ***
1b6b7887 collected 1,420 from pot
*** SUMMARY ***
Total pot 1,420 | Rake 0 | Jackpot 0 | Bingo 0 | Fortune 0 | Tax 0
Board [3c 7d Kd]
Seat 1: 9c72924c (big blind) folded before Flop
Seat 2: ad4d8852 folded before Flop
Seat 3: d5016cea folded on the Flop
Seat 4: Hero folded before Flop
Seat 5: e9f9e7e5 folded before Flop
Seat 6: 1b6b7887 won (1,420)
Seat 7: aa7c377 (button) folded before Flop
Seat 8: 3165b148 (small blind) folded before Flop


Poker Hand #TM5697603440: Tournament #269347657, Bounty Hunters Special $10.80 Hold'em No Limit - Level1(50/100(15)) - 2026/03/12 20:37:03
Table '26' 8-max Seat #6 is the button
Seat 1: 9c72924c (10,155 in chips)
Seat 2: ad4d8852 (10,660 in chips)
Seat 3: d5016cea (10,345 in chips)
Seat 4: Hero (10,525 in chips)
Seat 5: e9f9e7e5 (9,450 in chips)
Seat 6: 1b6b7887 (9,565 in chips)
Seat 7: aa7c377 (9,045 in chips)
Seat 8: 3165b148 (10,000 in chips)
aa7c377: posts the ante 15
Hero: posts the ante 15
9c72924c: posts the ante 15
1b6b7887: posts the ante 15
e9f9e7e5: posts the ante 15
d5016cea: posts the ante 15
ad4d8852: posts the ante 15
3165b148: posts the ante 15
aa7c377: posts small blind 50
3165b148: posts big blind 100
*** HOLE CARDS ***
Dealt to 9c72924c 
Dealt to ad4d8852 
Dealt to d5016cea 
Dealt to Hero [Jh Jc]
Dealt to e9f9e7e5 
Dealt to 1b6b7887 
Dealt to aa7c377 
Dealt to 3165b148 
9c72924c: folds
ad4d8852: folds
d5016cea: folds
Hero: raises 100 to 200
e9f9e7e5: folds
1b6b7887: folds
aa7c377: folds
3165b148: folds
Uncalled bet (100) returned to Hero
*** SHOWDOWN ***
Hero collected 370 from pot
*** SUMMARY ***
Total pot 370 | Rake 0 | Jackpot 0 | Bingo 0 | Fortune 0 | Tax 0
Seat 1: 9c72924c folded before Flop
Seat 2: ad4d8852 folded before Flop
Seat 3: d5016cea folded before Flop
Seat 4: Hero collected (370)
Seat 5: e9f9e7e5 folded before Flop
Seat 6: 1b6b7887 (button) folded before Flop
Seat 7: aa7c377 (small blind) folded before Flop
Seat 8: 3165b148 (big blind) folded before Flop


Poker Hand #TM5697603432: Tournament #269347657, Bounty Hunters Special $10.80 Hold'em No Limit - Level1(50/100(15)) - 2026/03/12 20:36:32
Table '26' 8-max Seat #5 is the button
Seat 1: 9c72924c (10,170 in chips)
Seat 2: ad4d8852 (10,675 in chips)
Seat 3: d5016cea (9,985 in chips)
Seat 4: Hero (10,540 in chips)
Seat 5: e9f9e7e5 (9,465 in chips)
Seat 6: 1b6b7887 (9,630 in chips)
Seat 7: aa7c377 (9,280 in chips)
aa7c377: posts the ante 15
Hero: posts the ante 15
9c72924c: posts the ante 15
1b6b7887: posts the ante 15
e9f9e7e5: posts the ante 15
d5016cea: posts the ante 15
ad4d8852: posts the ante 15
1b6b7887: posts small blind 50
aa7c377: posts big blind 100
*** HOLE CARDS ***
Dealt to 9c72924c 
Dealt to ad4d8852 
Dealt to d5016cea 
Dealt to Hero [Qd 6c]
Dealt to e9f9e7e5 
Dealt to 1b6b7887 
Dealt to aa7c377 
9c72924c: folds
ad4d8852: folds
d5016cea: raises 120 to 220
Hero: folds
e9f9e7e5: folds
1b6b7887: folds
aa7c377: calls 120
*** FLOP *** [7s Kd 7d]
aa7c377: checks
d5016cea: bets 149
aa7c377: folds
Uncalled bet (149) returned to d5016cea
*** SHOWDOWN ***
d5016cea collected 595 from pot
*** SUMMARY ***
Total pot 595 | Rake 0 | Jackpot 0 | Bingo 0 | Fortune 0 | Tax 0
Board [7s Kd 7d]
Seat 1: 9c72924c folded before Flop
Seat 2: ad4d8852 folded before Flop
Seat 3: d5016cea won (595)
Seat 4: Hero folded before Flop
Seat 5: e9f9e7e5 (button) folded before Flop
Seat 6: 1b6b7887 (small blind) folded before Flop
Seat 7: aa7c377 (big blind) folded on the Flop


Poker Hand #TM5697603426: Tournament #269347657, Bounty Hunters Special $10.80 Hold'em No Limit - Level1(50/100(15)) - 2026/03/12 20:36:11
Table '26' 8-max Seat #4 is the button
Seat 1: 9c72924c (10,185 in chips)
Seat 2: ad4d8852 (10,420 in chips)
Seat 3: d5016cea (10,000 in chips)
Seat 4: Hero (10,555 in chips)
Seat 5: e9f9e7e5 (9,530 in chips)
Seat 6: 1b6b7887 (9,745 in chips)
Seat 7: aa7c377 (9,295 in chips)
Seat 8: ba8723c1 (10,285 in chips)
aa7c377: posts the ante 15
Hero: posts the ante 15
ba8723c1: posts the ante 15
9c72924c: posts the ante 15
1b6b7887: posts the ante 15
e9f9e7e5: posts the ante 15
d5016cea: posts the ante 15
ad4d8852: posts the ante 15
e9f9e7e5: posts small blind 50
1b6b7887: posts big blind 100
*** HOLE CARDS ***
Dealt to 9c72924c 
Dealt to ad4d8852 
Dealt to d5016cea 
Dealt to Hero [3c 8s]
Dealt to e9f9e7e5 
Dealt to 1b6b7887 
Dealt to aa7c377 
Dealt to ba8723c1 
aa7c377: folds
ba8723c1: folds
9c72924c: folds
ad4d8852: raises 110 to 210
d5016cea: folds
Hero: folds
e9f9e7e5: folds
1b6b7887: folds
Uncalled bet (110) returned to ad4d8852
*** SHOWDOWN ***
ad4d8852 collected 370 from pot
*** SUMMARY ***
Total pot 370 | Rake 0 | Jackpot 0 | Bingo 0 | Fortune 0 | Tax 0
Seat 1: 9c72924c folded before Flop
Seat 2: ad4d8852 collected (370)
Seat 3: d5016cea folded before Flop
Seat 4: Hero (button) folded before Flop
Seat 5: e9f9e7e5 (small blind) folded before Flop
Seat 6: 1b6b7887 (big blind) folded before Flop
Seat 7: aa7c377 folded before Flop
Seat 8: ba8723c1 folded before Flop


Poker Hand #TM5697603405: Tournament #269347657, Bounty Hunters Special $10.80 Hold'em No Limit - Level1(50/100(15)) - 2026/03/12 20:34:55
Table '26' 8-max Seat #3 is the button
Seat 1: 9c72924c (10,200 in chips)
Seat 2: ad4d8852 (10,435 in chips)
Seat 3: d5016cea (10,015 in chips)
Seat 4: Hero (10,620 in chips)
Seat 5: e9f9e7e5 (9,645 in chips)
Seat 6: 1b6b7887 (9,290 in chips)
Seat 7: aa7c377 (9,310 in chips)
Seat 8: ba8723c1 (10,500 in chips)
aa7c377: posts the ante 15
Hero: posts the ante 15
ba8723c1: posts the ante 15
9c72924c: posts the ante 15
1b6b7887: posts the ante 15
e9f9e7e5: posts the ante 15
d5016cea: posts the ante 15
ad4d8852: posts the ante 15
Hero: posts small blind 50
e9f9e7e5: posts big blind 100
*** HOLE CARDS ***
Dealt to 9c72924c 
Dealt to ad4d8852 
Dealt to d5016cea 
Dealt to Hero [Jc 8d]
Dealt to e9f9e7e5 
Dealt to 1b6b7887 
Dealt to aa7c377 
Dealt to ba8723c1 
1b6b7887: raises 100 to 200
aa7c377: folds
ba8723c1: calls 200
9c72924c: folds
ad4d8852: folds
d5016cea: folds
Hero: folds
e9f9e7e5: folds
*** FLOP *** [Qd 5d 4h]
1b6b7887: bets 222
ba8723c1: folds
Uncalled bet (222) returned to 1b6b7887
*** SHOWDOWN ***
1b6b7887 collected 670 from pot
*** SUMMARY ***
Total pot 670 | Rake 0 | Jackpot 0 | Bingo 0 | Fortune 0 | Tax 0
Board [Qd 5d 4h]
Seat 1: 9c72924c folded before Flop
Seat 2: ad4d8852 folded before Flop
Seat 3: d5016cea (button) folded before Flop
Seat 4: Hero (small blind) folded before Flop
Seat 5: e9f9e7e5 (big blind) folded before Flop
Seat 6: 1b6b7887 won (670)
Seat 7: aa7c377 folded before Flop
Seat 8: ba8723c1 folded on the Flop


Poker Hand #TM5697603395: Tournament #269347657, Bounty Hunters Special $10.80 Hold'em No Limit - Level1(50/100(15)) - 2026/03/12 20:34:10
Table '26' 8-max Seat #2 is the button
Seat 1: 9c72924c (10,215 in chips)
Seat 2: ad4d8852 (9,930 in chips)
Seat 3: d5016cea (10,080 in chips)
Seat 4: Hero (10,735 in chips)
Seat 5: e9f9e7e5 (9,660 in chips)
Seat 6: 1b6b7887 (9,305 in chips)
Seat 7: aa7c377 (9,575 in chips)
Seat 8: ba8723c1 (10,515 in chips)
aa7c377: posts the ante 15
Hero: posts the ante 15
ba8723c1: posts the ante 15
9c72924c: posts the ante 15
1b6b7887: posts the ante 15
e9f9e7e5: posts the ante 15
ad4d8852: posts the ante 15
d5016cea: posts the ante 15
d5016cea: posts small blind 50
Hero: posts big blind 100
*** HOLE CARDS ***
Dealt to 9c72924c 
Dealt to ad4d8852 
Dealt to d5016cea 
Dealt to Hero [4s Th]
Dealt to e9f9e7e5 
Dealt to 1b6b7887 
Dealt to aa7c377 
Dealt to ba8723c1 
e9f9e7e5: folds
1b6b7887: folds
aa7c377: raises 150 to 250
ba8723c1: folds
9c72924c: folds
ad4d8852: raises 578 to 828
d5016cea: folds
Hero: folds
aa7c377: folds
Uncalled bet (578) returned to ad4d8852
*** SHOWDOWN ***
ad4d8852 collected 770 from pot
*** SUMMARY ***
Total pot 770 | Rake 0 | Jackpot 0 | Bingo 0 | Fortune 0 | Tax 0
Seat 1: 9c72924c folded before Flop
Seat 2: ad4d8852 (button) collected (770)
Seat 3: d5016cea (small blind) folded before Flop
Seat 4: Hero (big blind) folded before Flop
Seat 5: e9f9e7e5 folded before Flop
Seat 6: 1b6b7887 folded before Flop
Seat 7: aa7c377 folded before Flop
Seat 8: ba8723c1 folded before Flop


Poker Hand #TM5697603387: Tournament #269347657, Bounty Hunters Special $10.80 Hold'em No Limit - Level1(50/100(15)) - 2026/03/12 20:33:41
Table '26' 8-max Seat #1 is the button
Seat 1: 9c72924c (10,230 in chips)
Seat 2: ad4d8852 (9,995 in chips)
Seat 3: d5016cea (9,925 in chips)
Seat 4: Hero (10,750 in chips)
Seat 5: e9f9e7e5 (9,675 in chips)
Seat 6: 1b6b7887 (9,320 in chips)
Seat 7: aa7c377 (9,590 in chips)
Seat 8: ba8723c1 (10,530 in chips)
aa7c377: posts the ante 15
Hero: posts the ante 15
ba8723c1: posts the ante 15
9c72924c: posts the ante 15
1b6b7887: posts the ante 15
e9f9e7e5: posts the ante 15
d5016cea: posts the ante 15
ad4d8852: posts the ante 15
ad4d8852: posts small blind 50
d5016cea: posts big blind 100
*** HOLE CARDS ***
Dealt to 9c72924c 
Dealt to ad4d8852 
Dealt to d5016cea 
Dealt to Hero [5s Jc]
Dealt to e9f9e7e5 
Dealt to 1b6b7887 
Dealt to aa7c377 
Dealt to ba8723c1 
Hero: folds
e9f9e7e5: folds
1b6b7887: folds
aa7c377: folds
ba8723c1: folds
9c72924c: folds
ad4d8852: folds
Uncalled bet (50) returned to d5016cea
*** SHOWDOWN ***
d5016cea collected 220 from pot
*** SUMMARY ***
Total pot 220 | Rake 0 | Jackpot 0 | Bingo 0 | Fortune 0 | Tax 0
Seat 1: 9c72924c (button) folded before Flop
Seat 2: ad4d8852 (small blind) folded before Flop
Seat 3: d5016cea (big blind) collected (220)
Seat 4: Hero folded before Flop
Seat 5: e9f9e7e5 folded before Flop
Seat 6: 1b6b7887 folded before Flop
Seat 7: aa7c377 folded before Flop
Seat 8: ba8723c1 folded before Flop


Poker Hand #TM5697603375: Tournament #269347657, Bounty Hunters Special $10.80 Hold'em No Limit - Level1(50/100(15)) - 2026/03/12 20:32:46
Table '26' 8-max Seat #8 is the button
Seat 1: 9c72924c (10,295 in chips)
Seat 2: ad4d8852 (10,210 in chips)
Seat 3: d5016cea (9,940 in chips)
Seat 4: Hero (9,940 in chips)
Seat 5: e9f9e7e5 (9,690 in chips)
Seat 6: 1b6b7887 (9,790 in chips)
Seat 7: aa7c377 (9,605 in chips)
Seat 8: ba8723c1 (10,545 in chips)
aa7c377: posts the ante 15
Hero: posts the ante 15
ba8723c1: posts the ante 15
9c72924c: posts the ante 15
1b6b7887: posts the ante 15
e9f9e7e5: posts the ante 15
d5016cea: posts the ante 15
ad4d8852: posts the ante 15
9c72924c: posts small blind 50
ad4d8852: posts big blind 100
*** HOLE CARDS ***
Dealt to 9c72924c 
Dealt to ad4d8852 
Dealt to d5016cea 
Dealt to Hero [Th Ac]
Dealt to e9f9e7e5 
Dealt to 1b6b7887 
Dealt to aa7c377 
Dealt to ba8723c1 
d5016cea: folds
Hero: raises 100 to 200
e9f9e7e5: folds
1b6b7887: calls 200
aa7c377: folds
ba8723c1: folds
9c72924c: folds
ad4d8852: calls 100
*** FLOP *** [Ad Jc 4h]
ad4d8852: checks
Hero: bets 255
1b6b7887: calls 255
ad4d8852: folds
*** TURN *** [Ad Jc 4h] [Tc]
Hero: bets 640
1b6b7887: folds
Uncalled bet (640) returned to Hero
*** SHOWDOWN ***
Hero collected 1,280 from pot
*** SUMMARY ***
Total pot 1,280 | Rake 0 | Jackpot 0 | Bingo 0 | Fortune 0 | Tax 0
Board [Ad Jc 4h Tc]
Seat 1: 9c72924c (small blind) folded before Flop
Seat 2: ad4d8852 (big blind) folded on the Flop
Seat 3: d5016cea folded before Flop
Seat 4: Hero won (1,280)
Seat 5: e9f9e7e5 folded before Flop
Seat 6: 1b6b7887 folded on the Turn
Seat 7: aa7c377 folded before Flop
Seat 8: ba8723c1 (button) folded before Flop


Poker Hand #TM5697603362: Tournament #269347657, Bounty Hunters Special $10.80 Hold'em No Limit - Level1(50/100(15)) - 2026/03/12 20:31:48
Table '26' 8-max Seat #7 is the button
Seat 1: 9c72924c (9,740 in chips)
Seat 2: ad4d8852 (10,225 in chips)
Seat 3: d5016cea (9,955 in chips)
Seat 4: Hero (9,955 in chips)
Seat 5: e9f9e7e5 (9,905 in chips)
Seat 6: 1b6b7887 (9,805 in chips)
Seat 7: aa7c377 (9,820 in chips)
Seat 8: ba8723c1 (10,610 in chips)
aa7c377: posts the ante 15
Hero: posts the ante 15
ba8723c1: posts the ante 15
9c72924c: posts the ante 15
1b6b7887: posts the ante 15
e9f9e7e5: posts the ante 15
d5016cea: posts the ante 15
ad4d8852: posts the ante 15
ba8723c1: posts small blind 50
9c72924c: posts big blind 100
*** HOLE CARDS ***
Dealt to 9c72924c 
Dealt to ad4d8852 
Dealt to d5016cea 
Dealt to Hero [8h 9d]
Dealt to e9f9e7e5 
Dealt to 1b6b7887 
Dealt to aa7c377 
Dealt to ba8723c1 
ad4d8852: folds
d5016cea: folds
Hero: folds
e9f9e7e5: raises 100 to 200
1b6b7887: folds
aa7c377: calls 200
ba8723c1: folds
9c72924c: raises 1,150 to 1,350
e9f9e7e5: folds
aa7c377: folds
Uncalled bet (1,150) returned to 9c72924c
*** SHOWDOWN ***
9c72924c collected 770 from pot
*** SUMMARY ***
Total pot 770 | Rake 0 | Jackpot 0 | Bingo 0 | Fortune 0 | Tax 0
Seat 1: 9c72924c (big blind) collected (770)
Seat 2: ad4d8852 folded before Flop
Seat 3: d5016cea folded before Flop
Seat 4: Hero folded before Flop
Seat 5: e9f9e7e5 folded before Flop
Seat 6: 1b6b7887 folded before Flop
Seat 7: aa7c377 (button) folded before Flop
Seat 8: ba8723c1 (small blind) folded before Flop


Poker Hand #TM5697603351: Tournament #269347657, Bounty Hunters Special $10.80 Hold'em No Limit - Level1(50/100(15)) - 2026/03/12 20:30:51
Table '26' 8-max Seat #6 is the button
Seat 1: 9c72924c (10,240 in chips)
Seat 2: ad4d8852 (10,240 in chips)
Seat 3: d5016cea (9,970 in chips)
Seat 4: Hero (9,970 in chips)
Seat 5: e9f9e7e5 (9,920 in chips)
Seat 6: 1b6b7887 (9,820 in chips)
Seat 7: aa7c377 (9,885 in chips)
Seat 8: ba8723c1 (9,970 in chips)
aa7c377: posts the ante 15
Hero: posts the ante 15
ba8723c1: posts the ante 15
9c72924c: posts the ante 15
1b6b7887: posts the ante 15
e9f9e7e5: posts the ante 15
d5016cea: posts the ante 15
ad4d8852: posts the ante 15
aa7c377: posts small blind 50
ba8723c1: posts big blind 100
*** HOLE CARDS ***
Dealt to 9c72924c 
Dealt to ad4d8852 
Dealt to d5016cea 
Dealt to Hero [2h Jd]
Dealt to e9f9e7e5 
Dealt to 1b6b7887 
Dealt to aa7c377 
Dealt to ba8723c1 
9c72924c: raises 100 to 200
ad4d8852: folds
d5016cea: folds
Hero: folds
e9f9e7e5: folds
1b6b7887: folds
aa7c377: folds
ba8723c1: calls 100
*** FLOP *** [3s Ah Qh]
ba8723c1: checks
9c72924c: bets 285
ba8723c1: calls 285
*** TURN *** [3s Ah Qh] [Qs]
ba8723c1: checks
9c72924c: checks
*** RIVER *** [3s Ah Qh Qs] [Kd]
ba8723c1: bets 377
9c72924c: folds
Uncalled bet (377) returned to ba8723c1
*** SHOWDOWN ***
ba8723c1 collected 1,140 from pot
*** SUMMARY ***
Total pot 1,140 | Rake 0 | Jackpot 0 | Bingo 0 | Fortune 0 | Tax 0
Board [3s Ah Qh Qs Kd]
Seat 1: 9c72924c folded on the River
Seat 2: ad4d8852 folded before Flop
Seat 3: d5016cea folded before Flop
Seat 4: Hero folded before Flop
Seat 5: e9f9e7e5 folded before Flop
Seat 6: 1b6b7887 (button) folded before Flop
Seat 7: aa7c377 (small blind) folded before Flop
Seat 8: ba8723c1 (big blind) won (1,140)


Poker Hand #TM5697603343: Tournament #269347657, Bounty Hunters Special $10.80 Hold'em No Limit - Level1(50/100(15)) - 2026/03/12 20:30:25
Table '26' 8-max Seat #5 is the button
Seat 1: 9c72924c (10,255 in chips)
Seat 2: ad4d8852 (9,985 in chips)
Seat 3: d5016cea (9,985 in chips)
Seat 4: Hero (9,985 in chips)
Seat 5: e9f9e7e5 (9,935 in chips)
Seat 6: 1b6b7887 (9,885 in chips)
Seat 7: aa7c377 (10,000 in chips)
Seat 8: ba8723c1 (9,985 in chips)
aa7c377: posts the ante 15
Hero: posts the ante 15
ba8723c1: posts the ante 15
9c72924c: posts the ante 15
1b6b7887: posts the ante 15
e9f9e7e5: posts the ante 15
d5016cea: posts the ante 15
ad4d8852: posts the ante 15
1b6b7887: posts small blind 50
aa7c377: posts big blind 100
*** HOLE CARDS ***
Dealt to 9c72924c 
Dealt to ad4d8852 
Dealt to d5016cea 
Dealt to Hero [2c 3h]
Dealt to e9f9e7e5 
Dealt to 1b6b7887 
Dealt to aa7c377 
Dealt to ba8723c1 
ba8723c1: folds
9c72924c: folds
ad4d8852: raises 110 to 210
d5016cea: folds
Hero: folds
e9f9e7e5: folds
1b6b7887: folds
aa7c377: folds
Uncalled bet (110) returned to ad4d8852
*** SHOWDOWN ***
ad4d8852 collected 370 from pot
*** SUMMARY ***
Total pot 370 | Rake 0 | Jackpot 0 | Bingo 0 | Fortune 0 | Tax 0
Seat 1: 9c72924c folded before Flop
Seat 2: ad4d8852 collected (370)
Seat 3: d5016cea folded before Flop
Seat 4: Hero folded before Flop
Seat 5: e9f9e7e5 (button) folded before Flop
Seat 6: 1b6b7887 (small blind) folded before Flop
Seat 7: aa7c377 (big blind) folded before Flop
Seat 8: ba8723c1 folded before Flop


Poker Hand #TM5697603335: Tournament #269347657, Bounty Hunters Special $10.80 Hold'em No Limit - Level1(50/100(15)) - 2026/03/12 20:30:02
Table '26' 8-max Seat #4 is the button
Seat 1: 9c72924c (10,000 in chips)
Seat 2: ad4d8852 (10,000 in chips)
Seat 3: d5016cea (10,000 in chips)
Seat 4: Hero (10,000 in chips)
Seat 5: e9f9e7e5 (10,000 in chips)
Seat 6: 1b6b7887 (10,000 in chips)
Seat 7: 7f82217d (10,000 in chips)
Seat 8: ba8723c1 (10,000 in chips)
Hero: posts the ante 15
ba8723c1: posts the ante 15
7f82217d: posts the ante 15
9c72924c: posts the ante 15
1b6b7887: posts the ante 15
e9f9e7e5: posts the ante 15
d5016cea: posts the ante 15
ad4d8852: posts the ante 15
e9f9e7e5: posts small blind 50
1b6b7887: posts big blind 100
*** HOLE CARDS ***
Dealt to 9c72924c 
Dealt to ad4d8852 
Dealt to d5016cea 
Dealt to Hero [9d 8s]
Dealt to e9f9e7e5 
Dealt to 1b6b7887 
Dealt to 7f82217d 
Dealt to ba8723c1 
7f82217d: folds
ba8723c1: folds
9c72924c: raises 100 to 200
ad4d8852: folds
d5016cea: folds
Hero: folds
e9f9e7e5: folds
1b6b7887: folds
Uncalled bet (100) returned to 9c72924c
*** SHOWDOWN ***
9c72924c collected 370 from pot
*** SUMMARY ***
Total pot 370 | Rake 0 | Jackpot 0 | Bingo 0 | Fortune 0 | Tax 0
Seat 1: 9c72924c collected (370)
Seat 2: ad4d8852 folded before Flop
Seat 3: d5016cea folded before Flop
Seat 4: Hero (button) folded before Flop
Seat 5: e9f9e7e5 (small blind) folded before Flop
Seat 6: 1b6b7887 (big blind) folded before Flop
Seat 7: 7f82217d folded before Flop
Seat 8: ba8723c1 folded before Flop


