Poker Hand #TM5648050133: Tournament #266375537, APL Series: ¥88 Zodiac Sunday Lucky Eights Bounty + Rabbit Hold'em No Limit - Level9(200/400(50)) - 2026/03/01 20:12:59
Table '3' 8-max Seat #3 is the button
Seat 1: 4d54d2c3 (9,838 in chips)
Seat 2: 620ed324 (92,375 in chips)
Seat 3: Hero (15,050 in chips)
Seat 4: 7b076d3c (22,134 in chips)
Seat 5: c391ec31 (27,906 in chips)
Seat 6: 8af551c4 (19,301 in chips)
Seat 7: b9c556c0 (7,250 in chips)
Seat 8: b6dcb4c5 (27,200 in chips)
b6dcb4c5: posts the ante 50
c391ec31: posts the ante 50
8af551c4: posts the ante 50
Hero: posts the ante 50
b9c556c0: posts the ante 50
620ed324: posts the ante 50
7b076d3c: posts the ante 50
4d54d2c3: posts the ante 50
7b076d3c: posts small blind 200
c391ec31: posts big blind 400
*** HOLE CARDS ***
Dealt to 4d54d2c3 
Dealt to 620ed324 
Dealt to Hero [7h Jh]
Dealt to 7b076d3c 
Dealt to c391ec31 
Dealt to 8af551c4 
Dealt to b9c556c0 
Dealt to b6dcb4c5 
8af551c4: folds
b9c556c0: folds
b6dcb4c5: folds
4d54d2c3: folds
620ed324: folds
Hero: raises 400 to 800
7b076d3c: folds
c391ec31: calls 400
*** FLOP *** [8d 9h Jd]
c391ec31: checks
Hero: bets 1,100
c391ec31: calls 1,100
*** TURN *** [8d 9h Jd] [4h]
c391ec31: checks
Hero: bets 3,300
c391ec31: raises 22,656 to 25,956 and is all-in
Hero: calls 9,800 and is all-in
Uncalled bet (12,856) returned to c391ec31
c391ec31: shows [9c 8h] (two pair, Nines and Eights)
Hero: shows [7h Jh] (a pair of Jacks)
*** RIVER *** [8d 9h Jd 4h] [Qs]
*** SHOWDOWN ***
c391ec31 collected 30,600 from pot
*** SUMMARY ***
Total pot 30,600 | Rake 0 | Jackpot 0 | Bingo 0 | Fortune 0 | Tax 0
Board [8d 9h Jd 4h Qs]
Seat 1: 4d54d2c3 folded before Flop
Seat 2: 620ed324 folded before Flop
Seat 3: Hero (button) showed [7h Jh] and lost with a pair of Jacks
Seat 4: 7b076d3c (small blind) folded before Flop
Seat 5: c391ec31 (big blind) showed [9c 8h] and won (30,600) with two pair, Nines and Eights
Seat 6: 8af551c4 folded before Flop
Seat 7: b9c556c0 folded before Flop
Seat 8: b6dcb4c5 folded before Flop


Poker Hand #TM5648050110: Tournament #266375537, APL Series: ¥88 Zodiac Sunday Lucky Eights Bounty + Rabbit Hold'em No Limit - Level9(200/400(50)) - 2026/03/01 20:12:27
Table '3' 8-max Seat #2 is the button
Seat 1: 4d54d2c3 (8,488 in chips)
Seat 2: 620ed324 (92,425 in chips)
Seat 3: Hero (15,300 in chips)
Seat 4: 7b076d3c (22,984 in chips)
Seat 5: c391ec31 (27,956 in chips)
Seat 6: 8af551c4 (19,351 in chips)
Seat 7: b9c556c0 (7,300 in chips)
Seat 8: b6dcb4c5 (27,250 in chips)
b6dcb4c5: posts the ante 50
c391ec31: posts the ante 50
8af551c4: posts the ante 50
Hero: posts the ante 50
b9c556c0: posts the ante 50
620ed324: posts the ante 50
7b076d3c: posts the ante 50
4d54d2c3: posts the ante 50
Hero: posts small blind 200
7b076d3c: posts big blind 400
*** HOLE CARDS ***
Dealt to 4d54d2c3 
Dealt to 620ed324 
Dealt to Hero [7d 9h]
Dealt to 7b076d3c 
Dealt to c391ec31 
Dealt to 8af551c4 
Dealt to b9c556c0 
Dealt to b6dcb4c5 
c391ec31: folds
8af551c4: folds
b9c556c0: folds
b6dcb4c5: folds
4d54d2c3: raises 400 to 800
620ed324: folds
Hero: folds
7b076d3c: calls 400
*** FLOP *** [8s 6d 4h]
7b076d3c: checks
4d54d2c3: bets 1,500
7b076d3c: folds
Uncalled bet (1,500) returned to 4d54d2c3
*** SHOWDOWN ***
4d54d2c3 collected 2,200 from pot
*** SUMMARY ***
Total pot 2,200 | Rake 0 | Jackpot 0 | Bingo 0 | Fortune 0 | Tax 0
Board [8s 6d 4h]
Seat 1: 4d54d2c3 won (2,200)
Seat 2: 620ed324 (button) folded before Flop
Seat 3: Hero (small blind) folded before Flop
Seat 4: 7b076d3c (big blind) folded on the Flop
Seat 5: c391ec31 folded before Flop
Seat 6: 8af551c4 folded before Flop
Seat 7: b9c556c0 folded before Flop
Seat 8: b6dcb4c5 folded before Flop


Poker Hand #TM5648050091: Tournament #266375537, APL Series: ¥88 Zodiac Sunday Lucky Eights Bounty + Rabbit Hold'em No Limit - Level9(200/400(50)) - 2026/03/01 20:11:48
Table '3' 8-max Seat #1 is the button
Seat 1: 4d54d2c3 (7,538 in chips)
Seat 2: 620ed324 (92,675 in chips)
Seat 3: Hero (15,750 in chips)
Seat 4: 7b076d3c (23,034 in chips)
Seat 5: c391ec31 (28,006 in chips)
Seat 6: 8af551c4 (19,401 in chips)
Seat 7: b9c556c0 (7,350 in chips)
Seat 8: b6dcb4c5 (27,300 in chips)
b6dcb4c5: posts the ante 50
c391ec31: posts the ante 50
8af551c4: posts the ante 50
Hero: posts the ante 50
b9c556c0: posts the ante 50
620ed324: posts the ante 50
7b076d3c: posts the ante 50
4d54d2c3: posts the ante 50
620ed324: posts small blind 200
Hero: posts big blind 400
*** HOLE CARDS ***
Dealt to 4d54d2c3 
Dealt to 620ed324 
Dealt to Hero [4s 7h]
Dealt to 7b076d3c 
Dealt to c391ec31 
Dealt to 8af551c4 
Dealt to b9c556c0 
Dealt to b6dcb4c5 
7b076d3c: folds
c391ec31: folds
8af551c4: folds
b9c556c0: folds
b6dcb4c5: folds
4d54d2c3: raises 7,088 to 7,488 and is all-in
620ed324: folds
Hero: folds
Uncalled bet (7,088) returned to 4d54d2c3
*** SHOWDOWN ***
4d54d2c3 collected 1,400 from pot
*** SUMMARY ***
Total pot 1,400 | Rake 0 | Jackpot 0 | Bingo 0 | Fortune 0 | Tax 0
Seat 1: 4d54d2c3 (button) collected (1,400)
Seat 2: 620ed324 (small blind) folded before Flop
Seat 3: Hero (big blind) folded before Flop
Seat 4: 7b076d3c folded before Flop
Seat 5: c391ec31 folded before Flop
Seat 6: 8af551c4 folded before Flop
Seat 7: b9c556c0 folded before Flop
Seat 8: b6dcb4c5 folded before Flop


Poker Hand #TM5648050048: Tournament #266375537, APL Series: ¥88 Zodiac Sunday Lucky Eights Bounty + Rabbit Hold'em No Limit - Level9(200/400(50)) - 2026/03/01 20:10:43
Table '3' 8-max Seat #8 is the button
Seat 1: 4d54d2c3 (8,388 in chips)
Seat 2: 620ed324 (93,525 in chips)
Seat 3: Hero (10,000 in chips)
Seat 4: 7b076d3c (26,084 in chips)
Seat 5: c391ec31 (28,856 in chips)
Seat 6: 8af551c4 (19,451 in chips)
Seat 7: b9c556c0 (7,400 in chips)
Seat 8: b6dcb4c5 (27,350 in chips)
b6dcb4c5: posts the ante 50
c391ec31: posts the ante 50
8af551c4: posts the ante 50
Hero: posts the ante 50
b9c556c0: posts the ante 50
620ed324: posts the ante 50
7b076d3c: posts the ante 50
4d54d2c3: posts the ante 50
4d54d2c3: posts small blind 200
620ed324: posts big blind 400
*** HOLE CARDS ***
Dealt to 4d54d2c3 
Dealt to 620ed324 
Dealt to Hero [Kd As]
Dealt to 7b076d3c 
Dealt to c391ec31 
Dealt to 8af551c4 
Dealt to b9c556c0 
Dealt to b6dcb4c5 
Hero: raises 400 to 800
7b076d3c: calls 800
c391ec31: calls 800
8af551c4: folds
b9c556c0: folds
b6dcb4c5: folds
4d54d2c3: calls 600
620ed324: calls 400
*** FLOP *** [9s Ah 3s]
4d54d2c3: checks
620ed324: checks
Hero: bets 2,200
7b076d3c: calls 2,200
c391ec31: folds
4d54d2c3: folds
620ed324: folds
*** TURN *** [9s Ah 3s] [Td]
Hero: checks
7b076d3c: checks
*** RIVER *** [9s Ah 3s Td] [6c]
Hero: bets 6,950 and is all-in
7b076d3c: folds
Uncalled bet (6,950) returned to Hero
*** SHOWDOWN ***
Hero collected 8,800 from pot
*** SUMMARY ***
Total pot 8,800 | Rake 0 | Jackpot 0 | Bingo 0 | Fortune 0 | Tax 0
Board [9s Ah 3s Td 6c]
Seat 1: 4d54d2c3 (small blind) folded on the Flop
Seat 2: 620ed324 (big blind) folded on the Flop
Seat 3: Hero won (8,800)
Seat 4: 7b076d3c folded on the River
Seat 5: c391ec31 folded on the Flop
Seat 6: 8af551c4 folded before Flop
Seat 7: b9c556c0 folded before Flop
Seat 8: b6dcb4c5 (button) folded before Flop


