Poker Hand #TM5680030915: Tournament #268450696, Bounty Hunters Sunday Special $10.80 Hold'em No Limit - Level5(125/250(35)) - 2026/03/08 21:29:07
Table '163' 8-max Seat #8 is the button
Seat 1: 76530f80 (26,489 in chips)
Seat 2: 356725d5 (17,180 in chips)
Seat 3: 412c3391 (13,830 in chips)
Seat 4: 81a1e7c0 (4,260 in chips)
Seat 5: ffd75b15 (19,082 in chips)
Seat 6: f693e59a (9,540 in chips)
Seat 7: efbde617 (18,760 in chips)
Seat 8: Hero (6,477 in chips)
f693e59a: posts the ante 35
Hero: posts the ante 35
76530f80: posts the ante 35
efbde617: posts the ante 35
412c3391: posts the ante 35
81a1e7c0: posts the ante 35
356725d5: posts the ante 35
ffd75b15: posts the ante 35
76530f80: posts small blind 125
356725d5: posts big blind 250
*** HOLE CARDS ***
Dealt to 76530f80 
Dealt to 356725d5 
Dealt to 412c3391 
Dealt to 81a1e7c0 
Dealt to ffd75b15 
Dealt to f693e59a 
Dealt to efbde617 
Dealt to Hero [Qh Ac]
412c3391: folds
81a1e7c0: raises 625 to 875
ffd75b15: folds
f693e59a: folds
efbde617: folds
Hero: raises 5,567 to 6,442 and is all-in
76530f80: raises 20,012 to 26,454 and is all-in
356725d5: folds
81a1e7c0: folds
Uncalled bet (20,012) returned to 76530f80
76530f80: shows [5h 5d]
Hero: shows [Qh Ac]
*** FLOP *** [8d Jd 6h]
*** TURN *** [8d Jd 6h] [7c]
*** RIVER *** [8d Jd 6h 7c] [2d]
*** SHOWDOWN ***
76530f80 collected 14,289 from pot
*** SUMMARY ***
Total pot 14,289 | Rake 0 | Jackpot 0 | Bingo 0 | Fortune 0 | Tax 0
Board [8d Jd 6h 7c 2d]
Seat 1: 76530f80 (small blind) showed [5h 5d] and won (14,289) with a pair of Fives
Seat 2: 356725d5 (big blind) folded before Flop
Seat 3: 412c3391 folded before Flop
Seat 4: 81a1e7c0 folded before Flop
Seat 5: ffd75b15 folded before Flop
Seat 6: f693e59a folded before Flop
Seat 7: efbde617 folded before Flop
Seat 8: Hero (button) showed [Qh Ac] and lost with Ace high


Poker Hand #TM5680030896: Tournament #268450696, Bounty Hunters Sunday Special $10.80 Hold'em No Limit - Level5(125/250(35)) - 2026/03/08 21:28:01
Table '163' 8-max Seat #7 is the button
Seat 1: 76530f80 (27,024 in chips)
Seat 2: 356725d5 (15,310 in chips)
Seat 3: 412c3391 (13,865 in chips)
Seat 4: 81a1e7c0 (4,295 in chips)
Seat 5: ffd75b15 (19,117 in chips)
Seat 6: f693e59a (9,575 in chips)
Seat 7: efbde617 (18,795 in chips)
Seat 8: Hero (7,637 in chips)
f693e59a: posts the ante 35
Hero: posts the ante 35
76530f80: posts the ante 35
efbde617: posts the ante 35
412c3391: posts the ante 35
81a1e7c0: posts the ante 35
356725d5: posts the ante 35
ffd75b15: posts the ante 35
Hero: posts small blind 125
76530f80: posts big blind 250
*** HOLE CARDS ***
Dealt to 76530f80 
Dealt to 356725d5 
Dealt to 412c3391 
Dealt to 81a1e7c0 
Dealt to ffd75b15 
Dealt to f693e59a 
Dealt to efbde617 
Dealt to Hero [3s 3c]
356725d5: raises 250 to 500
412c3391: folds
81a1e7c0: folds
ffd75b15: folds
f693e59a: folds
efbde617: folds
Hero: calls 375
76530f80: calls 250
*** FLOP *** [4h Ad 6s]
Hero: checks
76530f80: checks
356725d5: bets 625
Hero: calls 625
76530f80: folds
*** TURN *** [4h Ad 6s] [9d]
Hero: checks
356725d5: checks
*** RIVER *** [4h Ad 6s 9d] [6d]
Hero: checks
356725d5: checks
Hero: shows [3s 3c] (two pair, Sixes and Threes)
356725d5: shows [8d 8h] (two pair, Eights and Sixes)
*** SHOWDOWN ***
356725d5 collected 3,030 from pot
*** SUMMARY ***
Total pot 3,030 | Rake 0 | Jackpot 0 | Bingo 0 | Fortune 0 | Tax 0
Board [4h Ad 6s 9d 6d]
Seat 1: 76530f80 (big blind) folded on the Flop
Seat 2: 356725d5 showed [8d 8h] and won (3,030) with two pair, Eights and Sixes
Seat 3: 412c3391 folded before Flop
Seat 4: 81a1e7c0 folded before Flop
Seat 5: ffd75b15 folded before Flop
Seat 6: f693e59a folded before Flop
Seat 7: efbde617 (button) folded before Flop
Seat 8: Hero (small blind) showed [3s 3c] and lost with two pair, Sixes and Threes


Poker Hand #TM5680030889: Tournament #268450696, Bounty Hunters Sunday Special $10.80 Hold'em No Limit - Level5(125/250(35)) - 2026/03/08 21:27:42
Table '163' 8-max Seat #6 is the button
Seat 1: 76530f80 (27,059 in chips)
Seat 2: 356725d5 (15,345 in chips)
Seat 3: 412c3391 (13,900 in chips)
Seat 4: 81a1e7c0 (4,330 in chips)
Seat 5: ffd75b15 (19,152 in chips)
Seat 6: f693e59a (9,610 in chips)
Seat 7: efbde617 (18,300 in chips)
Seat 8: Hero (7,922 in chips)
f693e59a: posts the ante 35
Hero: posts the ante 35
76530f80: posts the ante 35
efbde617: posts the ante 35
412c3391: posts the ante 35
81a1e7c0: posts the ante 35
356725d5: posts the ante 35
ffd75b15: posts the ante 35
efbde617: posts small blind 125
Hero: posts big blind 250
*** HOLE CARDS ***
Dealt to 76530f80 
Dealt to 356725d5 
Dealt to 412c3391 
Dealt to 81a1e7c0 
Dealt to ffd75b15 
Dealt to f693e59a 
Dealt to efbde617 
Dealt to Hero [Th 4c]
76530f80: folds
356725d5: folds
412c3391: folds
81a1e7c0: folds
ffd75b15: folds
f693e59a: folds
efbde617: raises 500 to 750
Hero: folds
Uncalled bet (500) returned to efbde617
*** SHOWDOWN ***
efbde617 collected 780 from pot
*** SUMMARY ***
Total pot 780 | Rake 0 | Jackpot 0 | Bingo 0 | Fortune 0 | Tax 0
Seat 1: 76530f80 folded before Flop
Seat 2: 356725d5 folded before Flop
Seat 3: 412c3391 folded before Flop
Seat 4: 81a1e7c0 folded before Flop
Seat 5: ffd75b15 folded before Flop
Seat 6: f693e59a (button) folded before Flop
Seat 7: efbde617 (small blind) collected (780)
Seat 8: Hero (big blind) folded before Flop


Poker Hand #TM5680030859: Tournament #268450696, Bounty Hunters Sunday Special $10.80 Hold'em No Limit - Level5(125/250(35)) - 2026/03/08 21:26:08
Table '163' 8-max Seat #5 is the button
Seat 1: 76530f80 (27,094 in chips)
Seat 2: 356725d5 (15,380 in chips)
Seat 3: 412c3391 (13,935 in chips)
Seat 4: 81a1e7c0 (4,365 in chips)
Seat 5: ffd75b15 (19,187 in chips)
Seat 6: f693e59a (9,770 in chips)
Seat 7: efbde617 (9,766 in chips)
Seat 8: Hero (16,121 in chips)
f693e59a: posts the ante 35
Hero: posts the ante 35
76530f80: posts the ante 35
efbde617: posts the ante 35
412c3391: posts the ante 35
81a1e7c0: posts the ante 35
356725d5: posts the ante 35
ffd75b15: posts the ante 35
f693e59a: posts small blind 125
efbde617: posts big blind 250
*** HOLE CARDS ***
Dealt to 76530f80 
Dealt to 356725d5 
Dealt to 412c3391 
Dealt to 81a1e7c0 
Dealt to ffd75b15 
Dealt to f693e59a 
Dealt to efbde617 
Dealt to Hero [6s 7s]
Hero: raises 250 to 500
76530f80: folds
356725d5: folds
412c3391: folds
81a1e7c0: folds
ffd75b15: folds
f693e59a: folds
efbde617: raises 703 to 1,203
Hero: calls 703
*** FLOP *** [Qd 6h 4h]
efbde617: bets 1,178
Hero: calls 1,178
*** TURN *** [Qd 6h 4h] [2h]
efbde617: bets 2,456
Hero: calls 2,456
*** RIVER *** [Qd 6h 4h 2h] [7h]
efbde617: bets 3,327
Hero: calls 3,327
efbde617: shows [Td Ah] (a flush Ace high)
Hero: shows [6s 7s] (two pair, Sevens and Sixes)
*** SHOWDOWN ***
efbde617 collected 16,733 from pot
*** SUMMARY ***
Total pot 16,733 | Rake 0 | Jackpot 0 | Bingo 0 | Fortune 0 | Tax 0
Board [Qd 6h 4h 2h 7h]
Seat 1: 76530f80 folded before Flop
Seat 2: 356725d5 folded before Flop
Seat 3: 412c3391 folded before Flop
Seat 4: 81a1e7c0 folded before Flop
Seat 5: ffd75b15 (button) folded before Flop
Seat 6: f693e59a (small blind) folded before Flop
Seat 7: efbde617 (big blind) showed [Td Ah] and won (16,733) with a flush Ace high
Seat 8: Hero showed [6s 7s] and lost with two pair, Sevens and Sixes


Poker Hand #TM5680030834: Tournament #268450696, Bounty Hunters Sunday Special $10.80 Hold'em No Limit - Level4(100/200(30)) - 2026/03/08 21:24:49
Table '163' 8-max Seat #4 is the button
Seat 1: 76530f80 (24,484 in chips)
Seat 2: 356725d5 (17,510 in chips)
Seat 3: 412c3391 (13,965 in chips)
Seat 4: 81a1e7c0 (4,395 in chips)
Seat 5: ffd75b15 (19,317 in chips)
Seat 6: f693e59a (10,000 in chips)
Seat 7: efbde617 (9,796 in chips)
Seat 8: Hero (16,151 in chips)
f693e59a: posts the ante 30
Hero: posts the ante 30
76530f80: posts the ante 30
efbde617: posts the ante 30
412c3391: posts the ante 30
81a1e7c0: posts the ante 30
356725d5: posts the ante 30
ffd75b15: posts the ante 30
ffd75b15: posts small blind 100
f693e59a: posts big blind 200
*** HOLE CARDS ***
Dealt to 76530f80 
Dealt to 356725d5 
Dealt to 412c3391 
Dealt to 81a1e7c0 
Dealt to ffd75b15 
Dealt to f693e59a 
Dealt to efbde617 
Dealt to Hero [2d Qc]
efbde617: folds
Hero: folds
76530f80: raises 200 to 400
356725d5: raises 700 to 1,100
412c3391: folds
81a1e7c0: folds
ffd75b15: folds
f693e59a: folds
76530f80: calls 700
*** FLOP *** [7d 3c Td]
76530f80: checks
356725d5: bets 1,000
76530f80: raises 3,400 to 4,400
356725d5: folds
Uncalled bet (3,400) returned to 76530f80
*** SHOWDOWN ***
76530f80 collected 4,740 from pot
*** SUMMARY ***
Total pot 4,740 | Rake 0 | Jackpot 0 | Bingo 0 | Fortune 0 | Tax 0
Board [7d 3c Td]
Seat 1: 76530f80 won (4,740)
Seat 2: 356725d5 folded on the Flop
Seat 3: 412c3391 folded before Flop
Seat 4: 81a1e7c0 (button) folded before Flop
Seat 5: ffd75b15 (small blind) folded before Flop
Seat 6: f693e59a (big blind) folded before Flop
Seat 7: efbde617 folded before Flop
Seat 8: Hero folded before Flop


Poker Hand #TM5680030816: Tournament #268450696, Bounty Hunters Sunday Special $10.80 Hold'em No Limit - Level4(100/200(30)) - 2026/03/08 21:24:03
Table '163' 8-max Seat #3 is the button
Seat 1: 76530f80 (24,514 in chips)
Seat 2: 356725d5 (17,540 in chips)
Seat 3: 412c3391 (13,995 in chips)
Seat 4: 81a1e7c0 (4,525 in chips)
Seat 5: ffd75b15 (19,547 in chips)
Seat 7: efbde617 (11,081 in chips)
Seat 8: Hero (14,416 in chips)
Hero: posts the ante 30
76530f80: posts the ante 30
efbde617: posts the ante 30
412c3391: posts the ante 30
81a1e7c0: posts the ante 30
356725d5: posts the ante 30
ffd75b15: posts the ante 30
81a1e7c0: posts small blind 100
ffd75b15: posts big blind 200
*** HOLE CARDS ***
Dealt to 76530f80 
Dealt to 356725d5 
Dealt to 412c3391 
Dealt to 81a1e7c0 
Dealt to ffd75b15 
Dealt to efbde617 
Dealt to Hero [7h 7d]
efbde617: raises 200 to 400
Hero: raises 855 to 1,255
76530f80: folds
356725d5: folds
412c3391: folds
81a1e7c0: folds
ffd75b15: folds
efbde617: calls 855
*** FLOP *** [Jh Th 2s]
efbde617: checks
Hero: bets 1,510
efbde617: folds
Uncalled bet (1,510) returned to Hero
*** SHOWDOWN ***
Hero collected 3,020 from pot
*** SUMMARY ***
Total pot 3,020 | Rake 0 | Jackpot 0 | Bingo 0 | Fortune 0 | Tax 0
Board [Jh Th 2s]
Seat 1: 76530f80 folded before Flop
Seat 2: 356725d5 folded before Flop
Seat 3: 412c3391 (button) folded before Flop
Seat 4: 81a1e7c0 (small blind) folded before Flop
Seat 5: ffd75b15 (big blind) folded before Flop
Seat 7: efbde617 folded on the Flop
Seat 8: Hero won (3,020)


Poker Hand #TM5680030793: Tournament #268450696, Bounty Hunters Sunday Special $10.80 Hold'em No Limit - Level4(100/200(30)) - 2026/03/08 21:22:40
Table '163' 8-max Seat #2 is the button
Seat 1: 76530f80 (24,544 in chips)
Seat 2: 356725d5 (17,570 in chips)
Seat 3: 412c3391 (14,125 in chips)
Seat 4: 81a1e7c0 (4,755 in chips)
Seat 5: ffd75b15 (19,577 in chips)
Seat 6: 68c242f5 (4,830 in chips)
Seat 7: efbde617 (5,771 in chips)
Seat 8: Hero (14,446 in chips)
68c242f5: posts the ante 30
Hero: posts the ante 30
76530f80: posts the ante 30
efbde617: posts the ante 30
412c3391: posts the ante 30
81a1e7c0: posts the ante 30
356725d5: posts the ante 30
ffd75b15: posts the ante 30
412c3391: posts small blind 100
81a1e7c0: posts big blind 200
*** HOLE CARDS ***
Dealt to 76530f80 
Dealt to 356725d5 
Dealt to 412c3391 
Dealt to 81a1e7c0 
Dealt to ffd75b15 
Dealt to 68c242f5 
Dealt to efbde617 
Dealt to Hero [6c 2h]
ffd75b15: folds
68c242f5: raises 200 to 400
efbde617: raises 400 to 800
Hero: folds
76530f80: folds
356725d5: folds
412c3391: folds
81a1e7c0: folds
68c242f5: calls 400
*** FLOP *** [5h Ks Jh]
68c242f5: bets 707
efbde617: calls 707
*** TURN *** [5h Ks Jh] [2c]
68c242f5: bets 3,293 and is all-in
efbde617: calls 3,293
68c242f5: shows [7h Ah] (Ace high)
efbde617: shows [Ac Jc] (a pair of Jacks)
*** RIVER *** [5h Ks Jh 2c] [8c]
*** SHOWDOWN ***
efbde617 collected 10,140 from pot
*** SUMMARY ***
Total pot 10,140 | Rake 0 | Jackpot 0 | Bingo 0 | Fortune 0 | Tax 0
Board [5h Ks Jh 2c 8c]
Seat 1: 76530f80 folded before Flop
Seat 2: 356725d5 (button) folded before Flop
Seat 3: 412c3391 (small blind) folded before Flop
Seat 4: 81a1e7c0 (big blind) folded before Flop
Seat 5: ffd75b15 folded before Flop
Seat 6: 68c242f5 showed [7h Ah] and lost with Ace high
Seat 7: efbde617 showed [Ac Jc] and won (10,140) with a pair of Jacks
Seat 8: Hero folded before Flop


Poker Hand #TM5680030784: Tournament #268450696, Bounty Hunters Sunday Special $10.80 Hold'em No Limit - Level4(100/200(30)) - 2026/03/08 21:22:00
Table '163' 8-max Seat #1 is the button
Seat 1: 76530f80 (24,574 in chips)
Seat 2: 356725d5 (17,700 in chips)
Seat 3: 412c3391 (14,355 in chips)
Seat 4: 81a1e7c0 (4,785 in chips)
Seat 5: ffd75b15 (19,607 in chips)
Seat 6: 68c242f5 (4,860 in chips)
Seat 7: efbde617 (5,261 in chips)
Seat 8: Hero (14,476 in chips)
68c242f5: posts the ante 30
Hero: posts the ante 30
76530f80: posts the ante 30
efbde617: posts the ante 30
412c3391: posts the ante 30
81a1e7c0: posts the ante 30
356725d5: posts the ante 30
ffd75b15: posts the ante 30
356725d5: posts small blind 100
412c3391: posts big blind 200
*** HOLE CARDS ***
Dealt to 76530f80 
Dealt to 356725d5 
Dealt to 412c3391 
Dealt to 81a1e7c0 
Dealt to ffd75b15 
Dealt to 68c242f5 
Dealt to efbde617 
Dealt to Hero [3h 8s]
81a1e7c0: folds
ffd75b15: folds
68c242f5: folds
efbde617: raises 400 to 600
Hero: folds
76530f80: folds
356725d5: folds
412c3391: folds
Uncalled bet (400) returned to efbde617
*** SHOWDOWN ***
efbde617 collected 740 from pot
*** SUMMARY ***
Total pot 740 | Rake 0 | Jackpot 0 | Bingo 0 | Fortune 0 | Tax 0
Seat 1: 76530f80 (button) folded before Flop
Seat 2: 356725d5 (small blind) folded before Flop
Seat 3: 412c3391 (big blind) folded before Flop
Seat 4: 81a1e7c0 folded before Flop
Seat 5: ffd75b15 folded before Flop
Seat 6: 68c242f5 folded before Flop
Seat 7: efbde617 collected (740)
Seat 8: Hero folded before Flop


Poker Hand #TM5680030756: Tournament #268450696, Bounty Hunters Sunday Special $10.80 Hold'em No Limit - Level4(100/200(30)) - 2026/03/08 21:20:42
Table '163' 8-max Seat #8 is the button
Seat 1: 76530f80 (25,004 in chips)
Seat 2: 356725d5 (12,290 in chips)
Seat 3: 412c3391 (14,385 in chips)
Seat 4: 81a1e7c0 (8,815 in chips)
Seat 5: ffd75b15 (19,637 in chips)
Seat 6: 68c242f5 (4,890 in chips)
Seat 7: efbde617 (5,691 in chips)
Seat 8: Hero (14,906 in chips)
68c242f5: posts the ante 30
Hero: posts the ante 30
76530f80: posts the ante 30
efbde617: posts the ante 30
412c3391: posts the ante 30
81a1e7c0: posts the ante 30
356725d5: posts the ante 30
ffd75b15: posts the ante 30
76530f80: posts small blind 100
356725d5: posts big blind 200
*** HOLE CARDS ***
Dealt to 76530f80 
Dealt to 356725d5 
Dealt to 412c3391 
Dealt to 81a1e7c0 
Dealt to ffd75b15 
Dealt to 68c242f5 
Dealt to efbde617 
Dealt to Hero [Ts Qs]
412c3391: folds
81a1e7c0: raises 200 to 400
ffd75b15: folds
68c242f5: folds
efbde617: calls 400
Hero: calls 400
76530f80: calls 300
356725d5: calls 200
*** FLOP *** [4d 7s 3d]
76530f80: checks
356725d5: checks
81a1e7c0: checks
efbde617: checks
Hero: checks
*** TURN *** [4d 7s 3d] [6h]
76530f80: checks
356725d5: bets 1,200
81a1e7c0: calls 1,200
efbde617: folds
Hero: folds
76530f80: folds
*** RIVER *** [4d 7s 3d 6h] [Kh]
356725d5: bets 2,400
81a1e7c0: calls 2,400
356725d5: shows [9h 5h] (a straight, Seven to Three)
81a1e7c0: shows [7h 7d] (three of a kind, Sevens)
*** SHOWDOWN ***
356725d5 collected 9,440 from pot
*** SUMMARY ***
Total pot 9,440 | Rake 0 | Jackpot 0 | Bingo 0 | Fortune 0 | Tax 0
Board [4d 7s 3d 6h Kh]
Seat 1: 76530f80 (small blind) folded on the Turn
Seat 2: 356725d5 (big blind) showed [9h 5h] and won (9,440) with a straight, Seven to Three
Seat 3: 412c3391 folded before Flop
Seat 4: 81a1e7c0 showed [7h 7d] and lost with three of a kind, Sevens
Seat 5: ffd75b15 folded before Flop
Seat 6: 68c242f5 folded before Flop
Seat 7: efbde617 folded on the Turn
Seat 8: Hero (button) folded on the Turn


Poker Hand #TM5680030747: Tournament #268450696, Bounty Hunters Sunday Special $10.80 Hold'em No Limit - Level4(100/200(30)) - 2026/03/08 21:20:10
Table '163' 8-max Seat #7 is the button
Seat 1: 76530f80 (25,434 in chips)
Seat 2: 356725d5 (12,320 in chips)
Seat 3: 412c3391 (14,415 in chips)
Seat 4: 81a1e7c0 (8,845 in chips)
Seat 5: ffd75b15 (19,667 in chips)
Seat 6: 68c242f5 (4,920 in chips)
Seat 7: efbde617 (5,721 in chips)
Seat 8: Hero (14,296 in chips)
68c242f5: posts the ante 30
Hero: posts the ante 30
76530f80: posts the ante 30
efbde617: posts the ante 30
412c3391: posts the ante 30
81a1e7c0: posts the ante 30
356725d5: posts the ante 30
ffd75b15: posts the ante 30
Hero: posts small blind 100
76530f80: posts big blind 200
*** HOLE CARDS ***
Dealt to 76530f80 
Dealt to 356725d5 
Dealt to 412c3391 
Dealt to 81a1e7c0 
Dealt to ffd75b15 
Dealt to 68c242f5 
Dealt to efbde617 
Dealt to Hero [Qd 9h]
356725d5: folds
412c3391: folds
81a1e7c0: folds
ffd75b15: folds
68c242f5: folds
efbde617: folds
Hero: raises 200 to 400
76530f80: calls 200
*** FLOP *** [Th Kd Qs]
Hero: bets 344
76530f80: folds
Uncalled bet (344) returned to Hero
*** SHOWDOWN ***
Hero collected 1,040 from pot
*** SUMMARY ***
Total pot 1,040 | Rake 0 | Jackpot 0 | Bingo 0 | Fortune 0 | Tax 0
Board [Th Kd Qs]
Seat 1: 76530f80 (big blind) folded on the Flop
Seat 2: 356725d5 folded before Flop
Seat 3: 412c3391 folded before Flop
Seat 4: 81a1e7c0 folded before Flop
Seat 5: ffd75b15 folded before Flop
Seat 6: 68c242f5 folded before Flop
Seat 7: efbde617 (button) folded before Flop
Seat 8: Hero (small blind) won (1,040)


Poker Hand #TM5680030725: Tournament #268450696, Bounty Hunters Sunday Special $10.80 Hold'em No Limit - Level4(100/200(30)) - 2026/03/08 21:18:58
Table '163' 8-max Seat #6 is the button
Seat 1: 76530f80 (25,464 in chips)
Seat 2: 356725d5 (9,710 in chips)
Seat 3: 412c3391 (14,445 in chips)
Seat 4: 81a1e7c0 (9,275 in chips)
Seat 5: ffd75b15 (20,097 in chips)
Seat 6: 68c242f5 (4,950 in chips)
Seat 7: efbde617 (6,151 in chips)
Seat 8: Hero (15,526 in chips)
68c242f5: posts the ante 30
Hero: posts the ante 30
76530f80: posts the ante 30
efbde617: posts the ante 30
412c3391: posts the ante 30
81a1e7c0: posts the ante 30
356725d5: posts the ante 30
ffd75b15: posts the ante 30
efbde617: posts small blind 100
Hero: posts big blind 200
*** HOLE CARDS ***
Dealt to 76530f80 
Dealt to 356725d5 
Dealt to 412c3391 
Dealt to 81a1e7c0 
Dealt to ffd75b15 
Dealt to 68c242f5 
Dealt to efbde617 
Dealt to Hero [5s Ks]
76530f80: folds
356725d5: raises 200 to 400
412c3391: folds
81a1e7c0: calls 400
ffd75b15: calls 400
68c242f5: folds
efbde617: calls 300
Hero: calls 200
*** FLOP *** [Kh Ad 2h]
efbde617: checks
Hero: checks
356725d5: bets 800
81a1e7c0: folds
ffd75b15: folds
efbde617: folds
Hero: calls 800
*** TURN *** [Kh Ad 2h] [7s]
Hero: checks
356725d5: bets 1,960
Hero: folds
Uncalled bet (1,960) returned to 356725d5
*** SHOWDOWN ***
356725d5 collected 3,840 from pot
*** SUMMARY ***
Total pot 3,840 | Rake 0 | Jackpot 0 | Bingo 0 | Fortune 0 | Tax 0
Board [Kh Ad 2h 7s]
Seat 1: 76530f80 folded before Flop
Seat 2: 356725d5 won (3,840)
Seat 3: 412c3391 folded before Flop
Seat 4: 81a1e7c0 folded on the Flop
Seat 5: ffd75b15 folded on the Flop
Seat 6: 68c242f5 (button) folded before Flop
Seat 7: efbde617 (small blind) folded on the Flop
Seat 8: Hero (big blind) folded on the Turn


Poker Hand #TM5680030688: Tournament #268450696, Bounty Hunters Sunday Special $10.80 Hold'em No Limit - Level4(100/200(30)) - 2026/03/08 21:16:55
Table '163' 8-max Seat #5 is the button
Seat 1: 76530f80 (24,150 in chips)
Seat 3: 412c3391 (14,475 in chips)
Seat 4: 81a1e7c0 (9,305 in chips)
Seat 5: ffd75b15 (20,327 in chips)
Seat 6: 68c242f5 (5,180 in chips)
Seat 7: efbde617 (6,915 in chips)
Seat 8: Hero (15,556 in chips)
68c242f5: posts the ante 30
Hero: posts the ante 30
76530f80: posts the ante 30
efbde617: posts the ante 30
412c3391: posts the ante 30
81a1e7c0: posts the ante 30
ffd75b15: posts the ante 30
68c242f5: posts small blind 100
efbde617: posts big blind 200
*** HOLE CARDS ***
Dealt to 76530f80 
Dealt to 412c3391 
Dealt to 81a1e7c0 
Dealt to ffd75b15 
Dealt to 68c242f5 
Dealt to efbde617 
Dealt to Hero [Qd 7d]
Hero: folds
76530f80: calls 200
412c3391: folds
81a1e7c0: folds
ffd75b15: calls 200
68c242f5: calls 100
efbde617: checks
*** FLOP *** [Jd 6c 3h]
68c242f5: checks
efbde617: bets 534
76530f80: calls 534
ffd75b15: folds
68c242f5: folds
*** TURN *** [Jd 6c 3h] [3s]
efbde617: checks
76530f80: checks
*** RIVER *** [Jd 6c 3h 3s] [7h]
efbde617: checks
76530f80: checks
efbde617: shows [Ad Qs] (a pair of Threes)
76530f80: shows [4h 4c] (two pair, Fours and Threes)
*** SHOWDOWN ***
76530f80 collected 2,078 from pot
*** SUMMARY ***
Total pot 2,078 | Rake 0 | Jackpot 0 | Bingo 0 | Fortune 0 | Tax 0
Board [Jd 6c 3h 3s 7h]
Seat 1: 76530f80 showed [4h 4c] and won (2,078) with two pair, Fours and Threes
Seat 3: 412c3391 folded before Flop
Seat 4: 81a1e7c0 folded before Flop
Seat 5: ffd75b15 (button) folded on the Flop
Seat 6: 68c242f5 (small blind) folded on the Flop
Seat 7: efbde617 (big blind) showed [Ad Qs] and lost with a pair of Threes
Seat 8: Hero folded before Flop


Poker Hand #TM5680030667: Tournament #268450696, Bounty Hunters Sunday Special $10.80 Hold'em No Limit - Level4(100/200(30)) - 2026/03/08 21:15:45
Table '163' 8-max Seat #4 is the button
Seat 1: 76530f80 (24,180 in chips)
Seat 2: 147e8d73 (8,447 in chips)
Seat 3: 412c3391 (14,505 in chips)
Seat 4: 81a1e7c0 (9,335 in chips)
Seat 5: ffd75b15 (10,900 in chips)
Seat 6: 68c242f5 (5,410 in chips)
Seat 7: efbde617 (7,545 in chips)
Seat 8: Hero (15,586 in chips)
68c242f5: posts the ante 30
Hero: posts the ante 30
76530f80: posts the ante 30
efbde617: posts the ante 30
412c3391: posts the ante 30
81a1e7c0: posts the ante 30
147e8d73: posts the ante 30
ffd75b15: posts the ante 30
ffd75b15: posts small blind 100
68c242f5: posts big blind 200
*** HOLE CARDS ***
Dealt to 76530f80 
Dealt to 147e8d73 
Dealt to 412c3391 
Dealt to 81a1e7c0 
Dealt to ffd75b15 
Dealt to 68c242f5 
Dealt to efbde617 
Dealt to Hero [Th 2h]
efbde617: raises 400 to 600
Hero: folds
76530f80: folds
147e8d73: calls 600
412c3391: folds
81a1e7c0: folds
ffd75b15: calls 500
68c242f5: folds
*** FLOP *** [Js 7c Qd]
ffd75b15: checks
efbde617: checks
147e8d73: bets 2,240
ffd75b15: raises 8,030 to 10,270 and is all-in
efbde617: folds
147e8d73: calls 5,577 and is all-in
Uncalled bet (2,453) returned to ffd75b15
ffd75b15: shows [Ad Qh] (a pair of Queens)
147e8d73: shows [Jh 5s] (a pair of Jacks)
*** TURN *** [Js 7c Qd] [7h]
*** RIVER *** [Js 7c Qd 7h] [9h]
*** SHOWDOWN ***
ffd75b15 collected 17,874 from pot
*** SUMMARY ***
Total pot 17,874 | Rake 0 | Jackpot 0 | Bingo 0 | Fortune 0 | Tax 0
Board [Js 7c Qd 7h 9h]
Seat 1: 76530f80 folded before Flop
Seat 2: 147e8d73 showed [Jh 5s] and lost with two pair, Jacks and Sevens
Seat 3: 412c3391 folded before Flop
Seat 4: 81a1e7c0 (button) folded before Flop
Seat 5: ffd75b15 (small blind) showed [Ad Qh] and won (17,874) with two pair, Queens and Sevens
Seat 6: 68c242f5 (big blind) folded before Flop
Seat 7: efbde617 folded on the Flop
Seat 8: Hero folded before Flop


Poker Hand #TM5680030651: Tournament #268450696, Bounty Hunters Sunday Special $10.80 Hold'em No Limit - Level4(100/200(30)) - 2026/03/08 21:14:35
Table '163' 8-max Seat #3 is the button
Seat 1: 76530f80 (27,045 in chips)
Seat 2: 147e8d73 (8,477 in chips)
Seat 3: 412c3391 (11,160 in chips)
Seat 4: 81a1e7c0 (9,465 in chips)
Seat 5: ffd75b15 (11,130 in chips)
Seat 6: 68c242f5 (5,440 in chips)
Seat 7: efbde617 (7,575 in chips)
Seat 8: Hero (15,616 in chips)
68c242f5: posts the ante 30
Hero: posts the ante 30
76530f80: posts the ante 30
efbde617: posts the ante 30
412c3391: posts the ante 30
81a1e7c0: posts the ante 30
147e8d73: posts the ante 30
ffd75b15: posts the ante 30
81a1e7c0: posts small blind 100
ffd75b15: posts big blind 200
*** HOLE CARDS ***
Dealt to 76530f80 
Dealt to 147e8d73 
Dealt to 412c3391 
Dealt to 81a1e7c0 
Dealt to ffd75b15 
Dealt to 68c242f5 
Dealt to efbde617 
Dealt to Hero [4c 6c]
68c242f5: folds
efbde617: folds
Hero: folds
76530f80: raises 600 to 800
147e8d73: folds
412c3391: calls 800
81a1e7c0: folds
ffd75b15: folds
*** FLOP *** [Ks As Kc]
76530f80: checks
412c3391: checks
*** TURN *** [Ks As Kc] [8h]
76530f80: bets 800
412c3391: raises 1,235 to 2,035
76530f80: calls 1,235
*** RIVER *** [Ks As Kc 8h] [Jd]
76530f80: checks
412c3391: bets 8,295 and is all-in
76530f80: folds
Uncalled bet (8,295) returned to 412c3391
*** SHOWDOWN ***
412c3391 collected 6,210 from pot
*** SUMMARY ***
Total pot 6,210 | Rake 0 | Jackpot 0 | Bingo 0 | Fortune 0 | Tax 0
Board [Ks As Kc 8h Jd]
Seat 1: 76530f80 folded on the River
Seat 2: 147e8d73 folded before Flop
Seat 3: 412c3391 (button) won (6,210)
Seat 4: 81a1e7c0 (small blind) folded before Flop
Seat 5: ffd75b15 (big blind) folded before Flop
Seat 6: 68c242f5 folded before Flop
Seat 7: efbde617 folded before Flop
Seat 8: Hero folded before Flop


Poker Hand #TM5680030644: Tournament #268450696, Bounty Hunters Sunday Special $10.80 Hold'em No Limit - Level4(100/200(30)) - 2026/03/08 21:14:18
Table '163' 8-max Seat #2 is the button
Seat 1: 76530f80 (27,075 in chips)
Seat 2: 147e8d73 (7,967 in chips)
Seat 3: 412c3391 (11,290 in chips)
Seat 4: 81a1e7c0 (9,695 in chips)
Seat 5: ffd75b15 (11,160 in chips)
Seat 6: 68c242f5 (5,470 in chips)
Seat 7: efbde617 (7,605 in chips)
Seat 8: Hero (15,646 in chips)
68c242f5: posts the ante 30
Hero: posts the ante 30
76530f80: posts the ante 30
efbde617: posts the ante 30
412c3391: posts the ante 30
81a1e7c0: posts the ante 30
147e8d73: posts the ante 30
ffd75b15: posts the ante 30
412c3391: posts small blind 100
81a1e7c0: posts big blind 200
*** HOLE CARDS ***
Dealt to 76530f80 
Dealt to 147e8d73 
Dealt to 412c3391 
Dealt to 81a1e7c0 
Dealt to ffd75b15 
Dealt to 68c242f5 
Dealt to efbde617 
Dealt to Hero [Jc 9d]
ffd75b15: folds
68c242f5: folds
efbde617: folds
Hero: folds
76530f80: folds
147e8d73: raises 740 to 940
412c3391: folds
81a1e7c0: folds
Uncalled bet (740) returned to 147e8d73
*** SHOWDOWN ***
147e8d73 collected 740 from pot
*** SUMMARY ***
Total pot 740 | Rake 0 | Jackpot 0 | Bingo 0 | Fortune 0 | Tax 0
Seat 1: 76530f80 folded before Flop
Seat 2: 147e8d73 (button) collected (740)
Seat 3: 412c3391 (small blind) folded before Flop
Seat 4: 81a1e7c0 (big blind) folded before Flop
Seat 5: ffd75b15 folded before Flop
Seat 6: 68c242f5 folded before Flop
Seat 7: efbde617 folded before Flop
Seat 8: Hero folded before Flop


Poker Hand #TM5680030630: Tournament #268450696, Bounty Hunters Sunday Special $10.80 Hold'em No Limit - Level4(100/200(30)) - 2026/03/08 21:13:32
Table '163' 8-max Seat #1 is the button
Seat 1: 76530f80 (28,105 in chips)
Seat 2: 147e8d73 (8,097 in chips)
Seat 3: 412c3391 (9,580 in chips)
Seat 4: 81a1e7c0 (9,725 in chips)
Seat 5: ffd75b15 (11,190 in chips)
Seat 6: 68c242f5 (5,500 in chips)
Seat 7: efbde617 (8,035 in chips)
Seat 8: Hero (15,676 in chips)
68c242f5: posts the ante 30
Hero: posts the ante 30
76530f80: posts the ante 30
efbde617: posts the ante 30
412c3391: posts the ante 30
81a1e7c0: posts the ante 30
ffd75b15: posts the ante 30
147e8d73: posts the ante 30
147e8d73: posts small blind 100
412c3391: posts big blind 200
*** HOLE CARDS ***
Dealt to 76530f80 
Dealt to 147e8d73 
Dealt to 412c3391 
Dealt to 81a1e7c0 
Dealt to ffd75b15 
Dealt to 68c242f5 
Dealt to efbde617 
Dealt to Hero [7c 6s]
81a1e7c0: folds
ffd75b15: folds
68c242f5: folds
efbde617: raises 200 to 400
Hero: folds
76530f80: calls 400
147e8d73: folds
412c3391: calls 200
*** FLOP *** [7d 9c 2h]
412c3391: checks
efbde617: checks
76530f80: bets 600
412c3391: raises 1,370 to 1,970
efbde617: folds
76530f80: folds
Uncalled bet (1,370) returned to 412c3391
*** SHOWDOWN ***
412c3391 collected 2,740 from pot
*** SUMMARY ***
Total pot 2,740 | Rake 0 | Jackpot 0 | Bingo 0 | Fortune 0 | Tax 0
Board [7d 9c 2h]
Seat 1: 76530f80 (button) folded on the Flop
Seat 2: 147e8d73 (small blind) folded before Flop
Seat 3: 412c3391 (big blind) won (2,740)
Seat 4: 81a1e7c0 folded before Flop
Seat 5: ffd75b15 folded before Flop
Seat 6: 68c242f5 folded before Flop
Seat 7: efbde617 folded on the Flop
Seat 8: Hero folded before Flop


Poker Hand #TM5680030607: Tournament #268450696, Bounty Hunters Sunday Special $10.80 Hold'em No Limit - Level3(75/150(20)) - 2026/03/08 21:12:19
Table '163' 8-max Seat #8 is the button
Seat 1: 76530f80 (29,785 in chips)
Seat 2: 147e8d73 (14,215 in chips)
Seat 3: 412c3391 (9,600 in chips)
Seat 4: 81a1e7c0 (9,745 in chips)
Seat 5: ffd75b15 (11,210 in chips)
Seat 6: 68c242f5 (7,180 in chips)
Seat 7: efbde617 (8,055 in chips)
Seat 8: Hero (6,118 in chips)
68c242f5: posts the ante 20
Hero: posts the ante 20
76530f80: posts the ante 20
efbde617: posts the ante 20
412c3391: posts the ante 20
81a1e7c0: posts the ante 20
ffd75b15: posts the ante 20
147e8d73: posts the ante 20
76530f80: posts small blind 75
147e8d73: posts big blind 150
*** HOLE CARDS ***
Dealt to 76530f80 
Dealt to 147e8d73 
Dealt to 412c3391 
Dealt to 81a1e7c0 
Dealt to ffd75b15 
Dealt to 68c242f5 
Dealt to efbde617 
Dealt to Hero [Qs 9h]
412c3391: folds
81a1e7c0: folds
ffd75b15: folds
68c242f5: raises 150 to 300
efbde617: folds
Hero: calls 300
76530f80: calls 225
147e8d73: raises 1,360 to 1,660
68c242f5: calls 1,360
Hero: calls 1,360
76530f80: calls 1,360
*** FLOP *** [7s 7c 9s]
76530f80: checks
147e8d73: bets 12,535 and is all-in
68c242f5: folds
Hero: calls 4,438 and is all-in
76530f80: folds
Uncalled bet (8,097) returned to 147e8d73
147e8d73: shows [Jd Ac] (a pair of Sevens)
Hero: shows [Qs 9h] (two pair, Nines and Sevens)
*** TURN *** [7s 7c 9s] [4s]
*** RIVER *** [7s 7c 9s 4s] [3c]
*** SHOWDOWN ***
Hero collected 15,676 from pot
*** SUMMARY ***
Total pot 15,676 | Rake 0 | Jackpot 0 | Bingo 0 | Fortune 0 | Tax 0
Board [7s 7c 9s 4s 3c]
Seat 1: 76530f80 (small blind) folded on the Flop
Seat 2: 147e8d73 (big blind) showed [Jd Ac] and lost with a pair of Sevens
Seat 3: 412c3391 folded before Flop
Seat 4: 81a1e7c0 folded before Flop
Seat 5: ffd75b15 folded before Flop
Seat 6: 68c242f5 folded on the Flop
Seat 7: efbde617 folded before Flop
Seat 8: Hero (button) showed [Qs 9h] and won (15,676) with two pair, Nines and Sevens


Poker Hand #TM5680030593: Tournament #268450696, Bounty Hunters Sunday Special $10.80 Hold'em No Limit - Level3(75/150(20)) - 2026/03/08 21:11:31
Table '163' 8-max Seat #7 is the button
Seat 1: 76530f80 (30,105 in chips)
Seat 2: 147e8d73 (14,235 in chips)
Seat 3: 412c3391 (9,620 in chips)
Seat 4: 81a1e7c0 (9,765 in chips)
Seat 5: ffd75b15 (10,020 in chips)
Seat 6: 68c242f5 (7,875 in chips)
Seat 7: efbde617 (8,075 in chips)
Seat 8: Hero (6,213 in chips)
68c242f5: posts the ante 20
Hero: posts the ante 20
76530f80: posts the ante 20
efbde617: posts the ante 20
412c3391: posts the ante 20
81a1e7c0: posts the ante 20
ffd75b15: posts the ante 20
147e8d73: posts the ante 20
Hero: posts small blind 75
76530f80: posts big blind 150
*** HOLE CARDS ***
Dealt to 76530f80 
Dealt to 147e8d73 
Dealt to 412c3391 
Dealt to 81a1e7c0 
Dealt to ffd75b15 
Dealt to 68c242f5 
Dealt to efbde617 
Dealt to Hero [3s Kh]
147e8d73: folds
412c3391: folds
81a1e7c0: folds
ffd75b15: raises 150 to 300
68c242f5: calls 300
efbde617: folds
Hero: folds
76530f80: calls 150
*** FLOP *** [Jc 3d As]
76530f80: checks
ffd75b15: bets 375
68c242f5: calls 375
76530f80: folds
*** TURN *** [Jc 3d As] [5s]
ffd75b15: bets 1,414
68c242f5: folds
Uncalled bet (1,414) returned to ffd75b15
*** SHOWDOWN ***
ffd75b15 collected 1,885 from pot
*** SUMMARY ***
Total pot 1,885 | Rake 0 | Jackpot 0 | Bingo 0 | Fortune 0 | Tax 0
Board [Jc 3d As 5s]
Seat 1: 76530f80 (big blind) folded on the Flop
Seat 2: 147e8d73 folded before Flop
Seat 3: 412c3391 folded before Flop
Seat 4: 81a1e7c0 folded before Flop
Seat 5: ffd75b15 won (1,885)
Seat 6: 68c242f5 folded on the Turn
Seat 7: efbde617 (button) folded before Flop
Seat 8: Hero (small blind) folded before Flop


Poker Hand #TM5680030579: Tournament #268450696, Bounty Hunters Sunday Special $10.80 Hold'em No Limit - Level3(75/150(20)) - 2026/03/08 21:10:52
Table '163' 8-max Seat #6 is the button
Seat 1: 76530f80 (30,125 in chips)
Seat 2: 147e8d73 (14,255 in chips)
Seat 3: 412c3391 (9,640 in chips)
Seat 4: 81a1e7c0 (9,785 in chips)
Seat 5: ffd75b15 (9,655 in chips)
Seat 6: 68c242f5 (7,895 in chips)
Seat 7: efbde617 (8,170 in chips)
Seat 8: Hero (6,383 in chips)
68c242f5: posts the ante 20
Hero: posts the ante 20
76530f80: posts the ante 20
efbde617: posts the ante 20
412c3391: posts the ante 20
81a1e7c0: posts the ante 20
ffd75b15: posts the ante 20
147e8d73: posts the ante 20
efbde617: posts small blind 75
Hero: posts big blind 150
*** HOLE CARDS ***
Dealt to 76530f80 
Dealt to 147e8d73 
Dealt to 412c3391 
Dealt to 81a1e7c0 
Dealt to ffd75b15 
Dealt to 68c242f5 
Dealt to efbde617 
Dealt to Hero [2c Th]
76530f80: folds
147e8d73: folds
412c3391: folds
81a1e7c0: folds
ffd75b15: raises 300 to 450
68c242f5: folds
efbde617: folds
Hero: folds
Uncalled bet (300) returned to ffd75b15
*** SHOWDOWN ***
ffd75b15 collected 535 from pot
*** SUMMARY ***
Total pot 535 | Rake 0 | Jackpot 0 | Bingo 0 | Fortune 0 | Tax 0
Seat 1: 76530f80 folded before Flop
Seat 2: 147e8d73 folded before Flop
Seat 3: 412c3391 folded before Flop
Seat 4: 81a1e7c0 folded before Flop
Seat 5: ffd75b15 collected (535)
Seat 6: 68c242f5 (button) folded before Flop
Seat 7: efbde617 (small blind) folded before Flop
Seat 8: Hero (big blind) folded before Flop


Poker Hand #TM5680030549: Tournament #268450696, Bounty Hunters Sunday Special $10.80 Hold'em No Limit - Level3(75/150(20)) - 2026/03/08 21:09:16
Table '163' 8-max Seat #5 is the button
Seat 1: 76530f80 (30,145 in chips)
Seat 2: 147e8d73 (14,275 in chips)
Seat 3: 412c3391 (7,540 in chips)
Seat 4: 81a1e7c0 (9,805 in chips)
Seat 5: ffd75b15 (9,675 in chips)
Seat 6: 68c242f5 (8,895 in chips)
Seat 7: efbde617 (9,170 in chips)
Seat 8: Hero (6,403 in chips)
68c242f5: posts the ante 20
Hero: posts the ante 20
76530f80: posts the ante 20
efbde617: posts the ante 20
412c3391: posts the ante 20
81a1e7c0: posts the ante 20
ffd75b15: posts the ante 20
147e8d73: posts the ante 20
68c242f5: posts small blind 75
efbde617: posts big blind 150
*** HOLE CARDS ***
Dealt to 76530f80 
Dealt to 147e8d73 
Dealt to 412c3391 
Dealt to 81a1e7c0 
Dealt to ffd75b15 
Dealt to 68c242f5 
Dealt to efbde617 
Dealt to Hero [8c Qh]
Hero: folds
76530f80: folds
147e8d73: folds
412c3391: raises 150 to 300
81a1e7c0: folds
ffd75b15: folds
68c242f5: calls 225
efbde617: raises 680 to 980
412c3391: calls 680
68c242f5: calls 680
*** FLOP *** [Kc 6d 5d]
68c242f5: checks
efbde617: checks
412c3391: bets 1,550
68c242f5: folds
efbde617: folds
Uncalled bet (1,550) returned to 412c3391
*** SHOWDOWN ***
412c3391 collected 3,100 from pot
*** SUMMARY ***
Total pot 3,100 | Rake 0 | Jackpot 0 | Bingo 0 | Fortune 0 | Tax 0
Board [Kc 6d 5d]
Seat 1: 76530f80 folded before Flop
Seat 2: 147e8d73 folded before Flop
Seat 3: 412c3391 won (3,100)
Seat 4: 81a1e7c0 folded before Flop
Seat 5: ffd75b15 (button) folded before Flop
Seat 6: 68c242f5 (small blind) folded on the Flop
Seat 7: efbde617 (big blind) folded on the Flop
Seat 8: Hero folded before Flop


Poker Hand #TM5680030540: Tournament #268450696, Bounty Hunters Sunday Special $10.80 Hold'em No Limit - Level3(75/150(20)) - 2026/03/08 21:08:45
Table '163' 8-max Seat #4 is the button
Seat 1: 76530f80 (30,165 in chips)
Seat 2: 147e8d73 (11,470 in chips)
Seat 3: 412c3391 (10,000 in chips)
Seat 4: 81a1e7c0 (9,825 in chips)
Seat 5: ffd75b15 (9,770 in chips)
Seat 6: 68c242f5 (9,065 in chips)
Seat 7: efbde617 (9,190 in chips)
Seat 8: Hero (6,423 in chips)
68c242f5: posts the ante 20
Hero: posts the ante 20
76530f80: posts the ante 20
efbde617: posts the ante 20
412c3391: posts the ante 20
81a1e7c0: posts the ante 20
147e8d73: posts the ante 20
ffd75b15: posts the ante 20
ffd75b15: posts small blind 75
68c242f5: posts big blind 150
*** HOLE CARDS ***
Dealt to 76530f80 
Dealt to 147e8d73 
Dealt to 412c3391 
Dealt to 81a1e7c0 
Dealt to ffd75b15 
Dealt to 68c242f5 
Dealt to efbde617 
Dealt to Hero [4c 5s]
efbde617: folds
Hero: folds
76530f80: folds
147e8d73: raises 535 to 685
412c3391: calls 685
81a1e7c0: folds
ffd75b15: folds
68c242f5: folds
*** FLOP *** [8d Qc Qs]
147e8d73: bets 1,755
412c3391: calls 1,755
*** TURN *** [8d Qc Qs] [Jd]
147e8d73: bets 5,265
412c3391: folds
Uncalled bet (5,265) returned to 147e8d73
*** SHOWDOWN ***
147e8d73 collected 5,265 from pot
*** SUMMARY ***
Total pot 5,265 | Rake 0 | Jackpot 0 | Bingo 0 | Fortune 0 | Tax 0
Board [8d Qc Qs Jd]
Seat 1: 76530f80 folded before Flop
Seat 2: 147e8d73 won (5,265)
Seat 3: 412c3391 folded on the Turn
Seat 4: 81a1e7c0 (button) folded before Flop
Seat 5: ffd75b15 (small blind) folded before Flop
Seat 6: 68c242f5 (big blind) folded before Flop
Seat 7: efbde617 folded before Flop
Seat 8: Hero folded before Flop


Poker Hand #TM5680030531: Tournament #268450696, Bounty Hunters Sunday Special $10.80 Hold'em No Limit - Level3(75/150(20)) - 2026/03/08 21:08:17
Table '163' 8-max Seat #2 is the button
Seat 1: 76530f80 (30,185 in chips)
Seat 2: 147e8d73 (10,675 in chips)
Seat 4: 81a1e7c0 (9,920 in chips)
Seat 5: ffd75b15 (9,940 in chips)
Seat 6: 68c242f5 (9,085 in chips)
Seat 7: efbde617 (9,660 in chips)
Seat 8: Hero (6,443 in chips)
68c242f5: posts the ante 20
Hero: posts the ante 20
76530f80: posts the ante 20
efbde617: posts the ante 20
81a1e7c0: posts the ante 20
147e8d73: posts the ante 20
ffd75b15: posts the ante 20
81a1e7c0: posts small blind 75
ffd75b15: posts big blind 150
*** HOLE CARDS ***
Dealt to 76530f80 
Dealt to 147e8d73 
Dealt to 81a1e7c0 
Dealt to ffd75b15 
Dealt to 68c242f5 
Dealt to efbde617 
Dealt to Hero [4s Qd]
68c242f5: folds
efbde617: raises 300 to 450
Hero: folds
76530f80: folds
147e8d73: calls 450
81a1e7c0: folds
ffd75b15: folds
*** FLOP *** [Kd Qs Qh]
efbde617: checks
147e8d73: bets 1,265
efbde617: folds
Uncalled bet (1,265) returned to 147e8d73
*** SHOWDOWN ***
147e8d73 collected 1,265 from pot
*** SUMMARY ***
Total pot 1,265 | Rake 0 | Jackpot 0 | Bingo 0 | Fortune 0 | Tax 0
Board [Kd Qs Qh]
Seat 1: 76530f80 folded before Flop
Seat 2: 147e8d73 (button) won (1,265)
Seat 4: 81a1e7c0 (small blind) folded before Flop
Seat 5: ffd75b15 (big blind) folded before Flop
Seat 6: 68c242f5 folded before Flop
Seat 7: efbde617 folded on the Flop
Seat 8: Hero folded before Flop


Poker Hand #TM5680030503: Tournament #268450696, Bounty Hunters Sunday Special $10.80 Hold'em No Limit - Level3(75/150(20)) - 2026/03/08 21:06:38
Table '163' 8-max Seat #1 is the button
Seat 1: 76530f80 (20,050 in chips)
Seat 2: 147e8d73 (10,770 in chips)
Seat 3: 16733e48 (9,640 in chips)
Seat 4: 81a1e7c0 (9,940 in chips)
Seat 5: ffd75b15 (9,960 in chips)
Seat 6: 68c242f5 (9,105 in chips)
Seat 7: efbde617 (9,680 in chips)
Seat 8: Hero (6,763 in chips)
68c242f5: posts the ante 20
Hero: posts the ante 20
76530f80: posts the ante 20
efbde617: posts the ante 20
16733e48: posts the ante 20
81a1e7c0: posts the ante 20
ffd75b15: posts the ante 20
147e8d73: posts the ante 20
147e8d73: posts small blind 75
16733e48: posts big blind 150
*** HOLE CARDS ***
Dealt to 76530f80 
Dealt to 147e8d73 
Dealt to 16733e48 
Dealt to 81a1e7c0 
Dealt to ffd75b15 
Dealt to 68c242f5 
Dealt to efbde617 
Dealt to Hero [Qd Ks]
81a1e7c0: folds
ffd75b15: folds
68c242f5: folds
efbde617: folds
Hero: raises 150 to 300
76530f80: raises 1,350 to 1,650
147e8d73: folds
16733e48: raises 1,918 to 3,568
Hero: folds
76530f80: calls 1,918
*** FLOP *** [6d Js 6c]
16733e48: bets 2,532
76530f80: raises 5,268 to 7,800
16733e48: calls 3,520 and is all-in
Uncalled bet (1,748) returned to 76530f80
76530f80: shows [Jd As] (two pair, Jacks and Sixes)
16733e48: shows [Kc Kd] (two pair, Kings and Sixes)
*** TURN *** [6d Js 6c] [Th]
*** RIVER *** [6d Js 6c Th] [Ah]
Hero: shows [Qd Ks] (a straight, Ace to Ten)
*** SHOWDOWN ***
76530f80 collected 19,775 from pot
*** SUMMARY ***
Total pot 19,775 | Rake 0 | Jackpot 0 | Bingo 0 | Fortune 0 | Tax 0
Board [6d Js 6c Th Ah]
Seat 1: 76530f80 (button) showed [Jd As] and won (19,775) with two pair, Aces and Jacks
Seat 2: 147e8d73 (small blind) folded before Flop
Seat 3: 16733e48 (big blind) showed [Kc Kd] and lost with two pair, Kings and Sixes
Seat 4: 81a1e7c0 folded before Flop
Seat 5: ffd75b15 folded before Flop
Seat 6: 68c242f5 folded before Flop
Seat 7: efbde617 folded before Flop
Seat 8: Hero folded before Flop


Poker Hand #TM5680030484: Tournament #268450696, Bounty Hunters Sunday Special $10.80 Hold'em No Limit - Level3(75/150(20)) - 2026/03/08 21:05:20
Table '163' 8-max Seat #8 is the button
Seat 1: 76530f80 (21,430 in chips)
Seat 2: 147e8d73 (8,970 in chips)
Seat 3: 16733e48 (9,660 in chips)
Seat 4: 81a1e7c0 (9,960 in chips)
Seat 5: ffd75b15 (9,980 in chips)
Seat 6: 68c242f5 (9,125 in chips)
Seat 7: efbde617 (10,000 in chips)
Seat 8: Hero (6,783 in chips)
68c242f5: posts the ante 20
Hero: posts the ante 20
76530f80: posts the ante 20
efbde617: posts the ante 20
16733e48: posts the ante 20
81a1e7c0: posts the ante 20
ffd75b15: posts the ante 20
147e8d73: posts the ante 20
76530f80: posts small blind 75
147e8d73: posts big blind 150
*** HOLE CARDS ***
Dealt to 76530f80 
Dealt to 147e8d73 
Dealt to 16733e48 
Dealt to 81a1e7c0 
Dealt to ffd75b15 
Dealt to 68c242f5 
Dealt to efbde617 
Dealt to Hero [6d Ac]
16733e48: folds
81a1e7c0: folds
ffd75b15: folds
68c242f5: folds
efbde617: raises 150 to 300
Hero: folds
76530f80: calls 225
147e8d73: calls 150
*** FLOP *** [9c 6h 3h]
76530f80: checks
147e8d73: checks
efbde617: checks
*** TURN *** [9c 6h 3h] [2d]
76530f80: checks
147e8d73: bets 1,060
efbde617: folds
76530f80: calls 1,060
*** RIVER *** [9c 6h 3h 2d] [8s]
76530f80: checks
147e8d73: bets 3,180
76530f80: folds
Uncalled bet (3,180) returned to 147e8d73
*** SHOWDOWN ***
147e8d73 collected 3,180 from pot
*** SUMMARY ***
Total pot 3,180 | Rake 0 | Jackpot 0 | Bingo 0 | Fortune 0 | Tax 0
Board [9c 6h 3h 2d 8s]
Seat 1: 76530f80 (small blind) folded on the River
Seat 2: 147e8d73 (big blind) won (3,180)
Seat 3: 16733e48 folded before Flop
Seat 4: 81a1e7c0 folded before Flop
Seat 5: ffd75b15 folded before Flop
Seat 6: 68c242f5 folded before Flop
Seat 7: efbde617 folded on the Turn
Seat 8: Hero (button) folded before Flop


Poker Hand #TM5680030479: Tournament #268450696, Bounty Hunters Sunday Special $10.80 Hold'em No Limit - Level3(75/150(20)) - 2026/03/08 21:04:58
Table '163' 8-max Seat #6 is the button
Seat 1: 76530f80 (21,600 in chips)
Seat 2: 91eb2287 (9,980 in chips)
Seat 3: 16733e48 (9,680 in chips)
Seat 4: 81a1e7c0 (9,980 in chips)
Seat 5: ffd75b15 (10,000 in chips)
Seat 6: 68c242f5 (8,780 in chips)
Seat 8: Hero (6,878 in chips)
68c242f5: posts the ante 20
Hero: posts the ante 20
76530f80: posts the ante 20
16733e48: posts the ante 20
81a1e7c0: posts the ante 20
91eb2287: posts the ante 20
ffd75b15: posts the ante 20
Hero: posts small blind 75
76530f80: posts big blind 150
*** HOLE CARDS ***
Dealt to 76530f80 
Dealt to 91eb2287 
Dealt to 16733e48 
Dealt to 81a1e7c0 
Dealt to ffd75b15 
Dealt to 68c242f5 
Dealt to Hero [3c 9c]
91eb2287: folds
16733e48: folds
81a1e7c0: folds
ffd75b15: folds
68c242f5: raises 150 to 300
Hero: folds
76530f80: folds
Uncalled bet (150) returned to 68c242f5
*** SHOWDOWN ***
68c242f5 collected 515 from pot
*** SUMMARY ***
Total pot 515 | Rake 0 | Jackpot 0 | Bingo 0 | Fortune 0 | Tax 0
Seat 1: 76530f80 (big blind) folded before Flop
Seat 2: 91eb2287 folded before Flop
Seat 3: 16733e48 folded before Flop
Seat 4: 81a1e7c0 folded before Flop
Seat 5: ffd75b15 folded before Flop
Seat 6: 68c242f5 (button) collected (515)
Seat 8: Hero (small blind) folded before Flop


Poker Hand #TM5680030435: Tournament #268450696, Bounty Hunters Sunday Special $10.80 Hold'em No Limit - Level3(75/150(20)) - 2026/03/08 21:02:11
Table '163' 8-max Seat #4 is the button
Seat 1: 76530f80 (10,000 in chips)
Seat 2: 91eb2287 (10,000 in chips)
Seat 3: 16733e48 (10,000 in chips)
Seat 4: 81a1e7c0 (10,000 in chips)
Seat 5: 86cc23d9 (10,000 in chips)
Seat 6: 68c242f5 (10,000 in chips)
Seat 8: Hero (6,898 in chips)
68c242f5: posts the ante 20
Hero: posts the ante 20
76530f80: posts the ante 20
86cc23d9: posts the ante 20
16733e48: posts the ante 20
81a1e7c0: posts the ante 20
91eb2287: posts the ante 20
86cc23d9: posts small blind 75
68c242f5: posts big blind 150
*** HOLE CARDS ***
Dealt to 76530f80 
Dealt to 91eb2287 
Dealt to 16733e48 
Dealt to 81a1e7c0 
Dealt to 86cc23d9 
Dealt to 68c242f5 
Dealt to Hero [6s Th]
Hero: folds
76530f80: raises 150 to 300
91eb2287: folds
16733e48: calls 300
81a1e7c0: folds
86cc23d9: raises 900 to 1,200
68c242f5: calls 1,050
76530f80: raises 8,780 to 9,980 and is all-in
16733e48: folds
86cc23d9: calls 8,780 and is all-in
68c242f5: folds
76530f80: shows [Ah Ad]
86cc23d9: shows [9h 9d]
*** FLOP *** [5c 2h As]
*** TURN *** [5c 2h As] [Ac]
*** RIVER *** [5c 2h As Ac] [Ts]
*** SHOWDOWN ***
76530f80 collected 21,600 from pot
*** SUMMARY ***
Total pot 21,600 | Rake 0 | Jackpot 0 | Bingo 0 | Fortune 0 | Tax 0
Board [5c 2h As Ac Ts]
Seat 1: 76530f80 showed [Ah Ad] and won (21,600) with four of a kind, Aces
Seat 2: 91eb2287 folded before Flop
Seat 3: 16733e48 folded before Flop
Seat 4: 81a1e7c0 (button) folded before Flop
Seat 5: 86cc23d9 (small blind) showed [9h 9d] and lost with two pair, Aces and Nines
Seat 6: 68c242f5 (big blind) folded before Flop
Seat 8: Hero folded before Flop


Poker Hand #TM5679215999: Tournament #268450696, Bounty Hunters Sunday Special $10.80 Hold'em No Limit - Level3(75/150(20)) - 2026/03/08 20:54:06
Table '30' 8-max Seat #6 is the button
Seat 1: af6426b3 (15,504 in chips)
Seat 3: 96a98739 (12,304 in chips)
Seat 4: e30480a1 (8,662 in chips)
Seat 5: Hero (6,918 in chips)
Seat 6: 34851c91 (7,684 in chips)
Seat 7: 73969c19 (10,186 in chips)
Seat 8: f1f53bcf (6,649 in chips)
af6426b3: posts the ante 20
73969c19: posts the ante 20
Hero: posts the ante 20
34851c91: posts the ante 20
e30480a1: posts the ante 20
f1f53bcf: posts the ante 20
96a98739: posts the ante 20
73969c19: posts small blind 75
f1f53bcf: posts big blind 150
*** HOLE CARDS ***
Dealt to af6426b3 
Dealt to 96a98739 
Dealt to e30480a1 
Dealt to Hero [3h Jh]
Dealt to 34851c91 
Dealt to 73969c19 
Dealt to f1f53bcf 
af6426b3: folds
96a98739: raises 150 to 300
e30480a1: folds
Hero: folds
34851c91: raises 600 to 900
73969c19: calls 825
f1f53bcf: folds
96a98739: calls 600
*** FLOP *** [4c 4h Ts]
73969c19: checks
96a98739: checks
34851c91: bets 1,645
73969c19: folds
96a98739: folds
Uncalled bet (1,645) returned to 34851c91
*** SHOWDOWN ***
34851c91 collected 2,990 from pot
*** SUMMARY ***
Total pot 2,990 | Rake 0 | Jackpot 0 | Bingo 0 | Fortune 0 | Tax 0
Board [4c 4h Ts]
Seat 1: af6426b3 folded before Flop
Seat 3: 96a98739 folded on the Flop
Seat 4: e30480a1 folded before Flop
Seat 5: Hero folded before Flop
Seat 6: 34851c91 (button) won (2,990)
Seat 7: 73969c19 (small blind) folded on the Flop
Seat 8: f1f53bcf (big blind) folded before Flop


Poker Hand #TM5679215986: Tournament #268450696, Bounty Hunters Sunday Special $10.80 Hold'em No Limit - Level2(60/120(18)) - 2026/03/08 20:53:11
Table '30' 8-max Seat #5 is the button
Seat 1: af6426b3 (15,522 in chips)
Seat 2: eb12826e (10,366 in chips)
Seat 3: 96a98739 (12,322 in chips)
Seat 4: e30480a1 (8,680 in chips)
Seat 5: Hero (6,936 in chips)
Seat 6: 34851c91 (7,762 in chips)
Seat 7: 73969c19 (10,000 in chips)
Seat 8: f1f53bcf (6,667 in chips)
af6426b3: posts the ante 18
73969c19: posts the ante 18
Hero: posts the ante 18
34851c91: posts the ante 18
eb12826e: posts the ante 18
e30480a1: posts the ante 18
f1f53bcf: posts the ante 18
96a98739: posts the ante 18
34851c91: posts small blind 60
73969c19: posts big blind 120
*** HOLE CARDS ***
Dealt to af6426b3 
Dealt to eb12826e 
Dealt to 96a98739 
Dealt to e30480a1 
Dealt to Hero [Kc 4h]
Dealt to 34851c91 
Dealt to 73969c19 
Dealt to f1f53bcf 
f1f53bcf: folds
af6426b3: folds
eb12826e: folds
96a98739: folds
e30480a1: folds
Hero: folds
34851c91: folds
Uncalled bet (60) returned to 73969c19
*** SHOWDOWN ***
73969c19 collected 264 from pot
*** SUMMARY ***
Total pot 264 | Rake 0 | Jackpot 0 | Bingo 0 | Fortune 0 | Tax 0
Seat 1: af6426b3 folded before Flop
Seat 2: eb12826e folded before Flop
Seat 3: 96a98739 folded before Flop
Seat 4: e30480a1 folded before Flop
Seat 5: Hero (button) folded before Flop
Seat 6: 34851c91 (small blind) folded before Flop
Seat 7: 73969c19 (big blind) collected (264)
Seat 8: f1f53bcf folded before Flop


Poker Hand #TM5679215965: Tournament #268450696, Bounty Hunters Sunday Special $10.80 Hold'em No Limit - Level2(60/120(18)) - 2026/03/08 20:52:13
Table '30' 8-max Seat #4 is the button
Seat 1: af6426b3 (15,540 in chips)
Seat 2: eb12826e (10,384 in chips)
Seat 3: 96a98739 (12,340 in chips)
Seat 4: e30480a1 (8,698 in chips)
Seat 5: Hero (7,794 in chips)
Seat 6: 34851c91 (6,796 in chips)
Seat 7: 8039c9b2 (15,437 in chips)
Seat 8: f1f53bcf (6,685 in chips)
af6426b3: posts the ante 18
8039c9b2: posts the ante 18
Hero: posts the ante 18
34851c91: posts the ante 18
eb12826e: posts the ante 18
e30480a1: posts the ante 18
f1f53bcf: posts the ante 18
96a98739: posts the ante 18
Hero: posts small blind 60
34851c91: posts big blind 120
*** HOLE CARDS ***
Dealt to af6426b3 
Dealt to eb12826e 
Dealt to 96a98739 
Dealt to e30480a1 
Dealt to Hero [4d Ac]
Dealt to 34851c91 
Dealt to 8039c9b2 
Dealt to f1f53bcf 
8039c9b2: folds
f1f53bcf: folds
af6426b3: folds
eb12826e: folds
96a98739: folds
e30480a1: folds
Hero: raises 120 to 240
34851c91: raises 600 to 840
Hero: calls 600
*** FLOP *** [Ks 8s 6d]
Hero: checks
34851c91: bets 1,004
Hero: folds
Uncalled bet (1,004) returned to 34851c91
*** SHOWDOWN ***
34851c91 collected 1,824 from pot
*** SUMMARY ***
Total pot 1,824 | Rake 0 | Jackpot 0 | Bingo 0 | Fortune 0 | Tax 0
Board [Ks 8s 6d]
Seat 1: af6426b3 folded before Flop
Seat 2: eb12826e folded before Flop
Seat 3: 96a98739 folded before Flop
Seat 4: e30480a1 (button) folded before Flop
Seat 5: Hero (small blind) folded on the Flop
Seat 6: 34851c91 (big blind) won (1,824)
Seat 7: 8039c9b2 folded before Flop
Seat 8: f1f53bcf folded before Flop


Poker Hand #TM5679215955: Tournament #268450696, Bounty Hunters Sunday Special $10.80 Hold'em No Limit - Level2(60/120(18)) - 2026/03/08 20:51:40
Table '30' 8-max Seat #3 is the button
Seat 1: af6426b3 (15,558 in chips)
Seat 2: eb12826e (10,402 in chips)
Seat 3: 96a98739 (12,034 in chips)
Seat 4: e30480a1 (8,776 in chips)
Seat 5: Hero (7,932 in chips)
Seat 6: 34851c91 (6,814 in chips)
Seat 7: 8039c9b2 (15,455 in chips)
Seat 8: f1f53bcf (6,703 in chips)
af6426b3: posts the ante 18
8039c9b2: posts the ante 18
Hero: posts the ante 18
34851c91: posts the ante 18
eb12826e: posts the ante 18
e30480a1: posts the ante 18
f1f53bcf: posts the ante 18
96a98739: posts the ante 18
e30480a1: posts small blind 60
Hero: posts big blind 120
*** HOLE CARDS ***
Dealt to af6426b3 
Dealt to eb12826e 
Dealt to 96a98739 
Dealt to e30480a1 
Dealt to Hero [Kd 6s]
Dealt to 34851c91 
Dealt to 8039c9b2 
Dealt to f1f53bcf 
34851c91: folds
8039c9b2: folds
f1f53bcf: folds
af6426b3: folds
eb12826e: folds
96a98739: raises 120 to 240
e30480a1: folds
Hero: folds
Uncalled bet (120) returned to 96a98739
*** SHOWDOWN ***
96a98739 collected 444 from pot
*** SUMMARY ***
Total pot 444 | Rake 0 | Jackpot 0 | Bingo 0 | Fortune 0 | Tax 0
Seat 1: af6426b3 folded before Flop
Seat 2: eb12826e folded before Flop
Seat 3: 96a98739 (button) collected (444)
Seat 4: e30480a1 (small blind) folded before Flop
Seat 5: Hero (big blind) folded before Flop
Seat 6: 34851c91 folded before Flop
Seat 7: 8039c9b2 folded before Flop
Seat 8: f1f53bcf folded before Flop


Poker Hand #TM5679215928: Tournament #268450696, Bounty Hunters Sunday Special $10.80 Hold'em No Limit - Level2(60/120(18)) - 2026/03/08 20:50:09
Table '30' 8-max Seat #2 is the button
Seat 1: af6426b3 (15,576 in chips)
Seat 2: eb12826e (10,660 in chips)
Seat 3: 96a98739 (9,790 in chips)
Seat 4: e30480a1 (8,914 in chips)
Seat 5: Hero (8,190 in chips)
Seat 6: 34851c91 (8,350 in chips)
Seat 7: 8039c9b2 (15,473 in chips)
Seat 8: f1f53bcf (6,721 in chips)
af6426b3: posts the ante 18
8039c9b2: posts the ante 18
Hero: posts the ante 18
34851c91: posts the ante 18
eb12826e: posts the ante 18
e30480a1: posts the ante 18
f1f53bcf: posts the ante 18
96a98739: posts the ante 18
96a98739: posts small blind 60
e30480a1: posts big blind 120
*** HOLE CARDS ***
Dealt to af6426b3 
Dealt to eb12826e 
Dealt to 96a98739 
Dealt to e30480a1 
Dealt to Hero [Ac Js]
Dealt to 34851c91 
Dealt to 8039c9b2 
Dealt to f1f53bcf 
Hero: raises 120 to 240
34851c91: calls 240
8039c9b2: folds
f1f53bcf: folds
af6426b3: folds
eb12826e: calls 240
96a98739: raises 1,278 to 1,518
e30480a1: folds
Hero: folds
34851c91: calls 1,278
eb12826e: folds
*** FLOP *** [9c 3s Kh]
96a98739: bets 1,248
34851c91: folds
Uncalled bet (1,248) returned to 96a98739
*** SHOWDOWN ***
96a98739 collected 3,780 from pot
*** SUMMARY ***
Total pot 3,780 | Rake 0 | Jackpot 0 | Bingo 0 | Fortune 0 | Tax 0
Board [9c 3s Kh]
Seat 1: af6426b3 folded before Flop
Seat 2: eb12826e (button) folded before Flop
Seat 3: 96a98739 (small blind) won (3,780)
Seat 4: e30480a1 (big blind) folded before Flop
Seat 5: Hero folded before Flop
Seat 6: 34851c91 folded on the Flop
Seat 7: 8039c9b2 folded before Flop
Seat 8: f1f53bcf folded before Flop


Poker Hand #TM5679215916: Tournament #268450696, Bounty Hunters Sunday Special $10.80 Hold'em No Limit - Level2(60/120(18)) - 2026/03/08 20:49:26
Table '30' 8-max Seat #1 is the button
Seat 1: af6426b3 (15,594 in chips)
Seat 2: eb12826e (10,738 in chips)
Seat 3: 96a98739 (9,928 in chips)
Seat 4: e30480a1 (8,932 in chips)
Seat 5: Hero (8,208 in chips)
Seat 6: 34851c91 (8,644 in chips)
Seat 7: 8039c9b2 (15,491 in chips)
Seat 8: f1f53bcf (6,139 in chips)
af6426b3: posts the ante 18
8039c9b2: posts the ante 18
Hero: posts the ante 18
34851c91: posts the ante 18
eb12826e: posts the ante 18
e30480a1: posts the ante 18
f1f53bcf: posts the ante 18
96a98739: posts the ante 18
eb12826e: posts small blind 60
96a98739: posts big blind 120
*** HOLE CARDS ***
Dealt to af6426b3 
Dealt to eb12826e 
Dealt to 96a98739 
Dealt to e30480a1 
Dealt to Hero [Tc 3h]
Dealt to 34851c91 
Dealt to 8039c9b2 
Dealt to f1f53bcf 
e30480a1: folds
Hero: folds
34851c91: raises 156 to 276
8039c9b2: folds
f1f53bcf: raises 640 to 916
af6426b3: folds
eb12826e: folds
96a98739: folds
34851c91: folds
Uncalled bet (640) returned to f1f53bcf
*** SHOWDOWN ***
f1f53bcf collected 876 from pot
*** SUMMARY ***
Total pot 876 | Rake 0 | Jackpot 0 | Bingo 0 | Fortune 0 | Tax 0
Seat 1: af6426b3 (button) folded before Flop
Seat 2: eb12826e (small blind) folded before Flop
Seat 3: 96a98739 (big blind) folded before Flop
Seat 4: e30480a1 folded before Flop
Seat 5: Hero folded before Flop
Seat 6: 34851c91 folded before Flop
Seat 7: 8039c9b2 folded before Flop
Seat 8: f1f53bcf collected (876)


Poker Hand #TM5679215892: Tournament #268450696, Bounty Hunters Sunday Special $10.80 Hold'em No Limit - Level2(60/120(18)) - 2026/03/08 20:48:02
Table '30' 8-max Seat #8 is the button
Seat 1: af6426b3 (13,752 in chips)
Seat 2: eb12826e (10,876 in chips)
Seat 3: 96a98739 (9,946 in chips)
Seat 4: e30480a1 (8,950 in chips)
Seat 5: Hero (8,226 in chips)
Seat 6: 34851c91 (9,982 in chips)
Seat 7: 8039c9b2 (15,509 in chips)
Seat 8: f1f53bcf (6,433 in chips)
af6426b3: posts the ante 18
8039c9b2: posts the ante 18
Hero: posts the ante 18
34851c91: posts the ante 18
eb12826e: posts the ante 18
e30480a1: posts the ante 18
f1f53bcf: posts the ante 18
96a98739: posts the ante 18
af6426b3: posts small blind 60
eb12826e: posts big blind 120
*** HOLE CARDS ***
Dealt to af6426b3 
Dealt to eb12826e 
Dealt to 96a98739 
Dealt to e30480a1 
Dealt to Hero [4s Qh]
Dealt to 34851c91 
Dealt to 8039c9b2 
Dealt to f1f53bcf 
96a98739: folds
e30480a1: folds
Hero: folds
34851c91: raises 156 to 276
8039c9b2: folds
f1f53bcf: calls 276
af6426b3: raises 1,044 to 1,320
eb12826e: folds
34851c91: calls 1,044
f1f53bcf: folds
*** FLOP *** [7h Kh 6c]
af6426b3: bets 891
34851c91: folds
Uncalled bet (891) returned to af6426b3
*** SHOWDOWN ***
af6426b3 collected 3,180 from pot
*** SUMMARY ***
Total pot 3,180 | Rake 0 | Jackpot 0 | Bingo 0 | Fortune 0 | Tax 0
Board [7h Kh 6c]
Seat 1: af6426b3 (small blind) won (3,180)
Seat 2: eb12826e (big blind) folded before Flop
Seat 3: 96a98739 folded before Flop
Seat 4: e30480a1 folded before Flop
Seat 5: Hero folded before Flop
Seat 6: 34851c91 folded on the Flop
Seat 7: 8039c9b2 folded before Flop
Seat 8: f1f53bcf (button) folded before Flop


Poker Hand #TM5679215877: Tournament #268450696, Bounty Hunters Sunday Special $10.80 Hold'em No Limit - Level2(60/120(18)) - 2026/03/08 20:47:30
Table '30' 8-max Seat #7 is the button
Seat 1: af6426b3 (13,890 in chips)
Seat 2: eb12826e (10,894 in chips)
Seat 3: 96a98739 (9,964 in chips)
Seat 4: e30480a1 (8,968 in chips)
Seat 5: Hero (8,244 in chips)
Seat 6: 34851c91 (10,000 in chips)
Seat 7: 8039c9b2 (15,203 in chips)
Seat 8: f1f53bcf (6,511 in chips)
af6426b3: posts the ante 18
8039c9b2: posts the ante 18
Hero: posts the ante 18
34851c91: posts the ante 18
eb12826e: posts the ante 18
e30480a1: posts the ante 18
f1f53bcf: posts the ante 18
96a98739: posts the ante 18
f1f53bcf: posts small blind 60
af6426b3: posts big blind 120
*** HOLE CARDS ***
Dealt to af6426b3 
Dealt to eb12826e 
Dealt to 96a98739 
Dealt to e30480a1 
Dealt to Hero [9s Ah]
Dealt to 34851c91 
Dealt to 8039c9b2 
Dealt to f1f53bcf 
eb12826e: folds
96a98739: folds
e30480a1: folds
Hero: folds
34851c91: folds
8039c9b2: raises 156 to 276
f1f53bcf: folds
af6426b3: folds
Uncalled bet (156) returned to 8039c9b2
*** SHOWDOWN ***
8039c9b2 collected 444 from pot
*** SUMMARY ***
Total pot 444 | Rake 0 | Jackpot 0 | Bingo 0 | Fortune 0 | Tax 0
Seat 1: af6426b3 (big blind) folded before Flop
Seat 2: eb12826e folded before Flop
Seat 3: 96a98739 folded before Flop
Seat 4: e30480a1 folded before Flop
Seat 5: Hero folded before Flop
Seat 6: 34851c91 folded before Flop
Seat 7: 8039c9b2 (button) collected (444)
Seat 8: f1f53bcf (small blind) folded before Flop


Poker Hand #TM5679215866: Tournament #268450696, Bounty Hunters Sunday Special $10.80 Hold'em No Limit - Level2(60/120(18)) - 2026/03/08 20:46:53
Table '30' 8-max Seat #5 is the button
Seat 1: af6426b3 (13,908 in chips)
Seat 2: eb12826e (10,354 in chips)
Seat 3: 96a98739 (9,982 in chips)
Seat 4: e30480a1 (9,238 in chips)
Seat 5: Hero (8,262 in chips)
Seat 7: 8039c9b2 (15,281 in chips)
Seat 8: f1f53bcf (6,649 in chips)
af6426b3: posts the ante 18
8039c9b2: posts the ante 18
Hero: posts the ante 18
eb12826e: posts the ante 18
e30480a1: posts the ante 18
f1f53bcf: posts the ante 18
96a98739: posts the ante 18
8039c9b2: posts small blind 60
f1f53bcf: posts big blind 120
*** HOLE CARDS ***
Dealt to af6426b3 
Dealt to eb12826e 
Dealt to 96a98739 
Dealt to e30480a1 
Dealt to Hero [9s 6h]
Dealt to 8039c9b2 
Dealt to f1f53bcf 
af6426b3: folds
eb12826e: raises 132 to 252
96a98739: folds
e30480a1: calls 252
Hero: folds
8039c9b2: folds
f1f53bcf: folds
*** FLOP *** [9d Kh Jc]
eb12826e: bets 180
e30480a1: folds
Uncalled bet (180) returned to eb12826e
*** SHOWDOWN ***
eb12826e collected 810 from pot
*** SUMMARY ***
Total pot 810 | Rake 0 | Jackpot 0 | Bingo 0 | Fortune 0 | Tax 0
Board [9d Kh Jc]
Seat 1: af6426b3 folded before Flop
Seat 2: eb12826e won (810)
Seat 3: 96a98739 folded before Flop
Seat 4: e30480a1 folded on the Flop
Seat 5: Hero (button) folded before Flop
Seat 7: 8039c9b2 (small blind) folded before Flop
Seat 8: f1f53bcf (big blind) folded before Flop


Poker Hand #TM5679215849: Tournament #268450696, Bounty Hunters Sunday Special $10.80 Hold'em No Limit - Level2(60/120(18)) - 2026/03/08 20:45:58
Table '30' 8-max Seat #4 is the button
Seat 1: af6426b3 (14,286 in chips)
Seat 2: eb12826e (9,706 in chips)
Seat 3: 96a98739 (10,000 in chips)
Seat 4: e30480a1 (9,256 in chips)
Seat 5: Hero (8,340 in chips)
Seat 7: 8039c9b2 (15,419 in chips)
Seat 8: f1f53bcf (6,667 in chips)
af6426b3: posts the ante 18
8039c9b2: posts the ante 18
Hero: posts the ante 18
eb12826e: posts the ante 18
e30480a1: posts the ante 18
f1f53bcf: posts the ante 18
96a98739: posts the ante 18
Hero: posts small blind 60
8039c9b2: posts big blind 120
*** HOLE CARDS ***
Dealt to af6426b3 
Dealt to eb12826e 
Dealt to 96a98739 
Dealt to e30480a1 
Dealt to Hero [4h 9h]
Dealt to 8039c9b2 
Dealt to f1f53bcf 
f1f53bcf: folds
af6426b3: raises 120 to 240
eb12826e: raises 120 to 360
96a98739: folds
e30480a1: folds
Hero: folds
8039c9b2: folds
af6426b3: calls 120
*** FLOP *** [7h As 5h]
af6426b3: checks
eb12826e: bets 257
af6426b3: folds
Uncalled bet (257) returned to eb12826e
*** SHOWDOWN ***
eb12826e collected 1,026 from pot
*** SUMMARY ***
Total pot 1,026 | Rake 0 | Jackpot 0 | Bingo 0 | Fortune 0 | Tax 0
Board [7h As 5h]
Seat 1: af6426b3 folded on the Flop
Seat 2: eb12826e won (1,026)
Seat 3: 96a98739 folded before Flop
Seat 4: e30480a1 (button) folded before Flop
Seat 5: Hero (small blind) folded before Flop
Seat 7: 8039c9b2 (big blind) folded before Flop
Seat 8: f1f53bcf folded before Flop


Poker Hand #TM5679215838: Tournament #268450696, Bounty Hunters Sunday Special $10.80 Hold'em No Limit - Level2(60/120(18)) - 2026/03/08 20:45:22
Table '30' 8-max Seat #2 is the button
Seat 1: af6426b3 (14,304 in chips)
Seat 2: eb12826e (9,724 in chips)
Seat 4: e30480a1 (9,334 in chips)
Seat 5: Hero (8,265 in chips)
Seat 6: 405af43a (6,217 in chips)
Seat 7: 8039c9b2 (15,437 in chips)
Seat 8: f1f53bcf (6,685 in chips)
af6426b3: posts the ante 18
8039c9b2: posts the ante 18
Hero: posts the ante 18
405af43a: posts the ante 18
eb12826e: posts the ante 18
e30480a1: posts the ante 18
f1f53bcf: posts the ante 18
e30480a1: posts small blind 60
Hero: posts big blind 120
*** HOLE CARDS ***
Dealt to af6426b3 
Dealt to eb12826e 
Dealt to e30480a1 
Dealt to Hero [8c As]
Dealt to 405af43a 
Dealt to 8039c9b2 
Dealt to f1f53bcf 
405af43a: calls 120
8039c9b2: folds
f1f53bcf: folds
af6426b3: folds
eb12826e: folds
e30480a1: folds
Hero: raises 240 to 360
405af43a: calls 240
*** FLOP *** [2s Kh 2h]
Hero: bets 299
405af43a: calls 299
*** TURN *** [2s Kh 2h] [Kc]
Hero: checks
405af43a: bets 1,128
Hero: calls 1,128
*** RIVER *** [2s Kh 2h Kc] [6c]
Hero: checks
405af43a: checks
Hero: shows [8c As] (two pair, Kings and Twos)
405af43a: shows [Ah 8d] (two pair, Kings and Twos)
*** SHOWDOWN ***
405af43a collected 1,880 from pot
Hero collected 1,880 from pot
*** SUMMARY ***
Total pot 3,760 | Rake 0 | Jackpot 0 | Bingo 0 | Fortune 0 | Tax 0
Board [2s Kh 2h Kc 6c]
Seat 1: af6426b3 folded before Flop
Seat 2: eb12826e (button) folded before Flop
Seat 4: e30480a1 (small blind) folded before Flop
Seat 5: Hero (big blind) showed [8c As] and won (1,880) with two pair, Kings and Twos
Seat 6: 405af43a showed [Ah 8d] and won (1,880) with two pair, Kings and Twos
Seat 7: 8039c9b2 folded before Flop
Seat 8: f1f53bcf folded before Flop


Poker Hand #TM5679215816: Tournament #268450696, Bounty Hunters Sunday Special $10.80 Hold'em No Limit - Level2(60/120(18)) - 2026/03/08 20:44:02
Table '30' 8-max Seat #1 is the button
Seat 1: af6426b3 (10,829 in chips)
Seat 2: eb12826e (9,802 in chips)
Seat 4: e30480a1 (9,472 in chips)
Seat 5: Hero (8,283 in chips)
Seat 6: 405af43a (9,422 in chips)
Seat 7: 8039c9b2 (15,455 in chips)
Seat 8: f1f53bcf (6,703 in chips)
af6426b3: posts the ante 18
8039c9b2: posts the ante 18
Hero: posts the ante 18
405af43a: posts the ante 18
eb12826e: posts the ante 18
e30480a1: posts the ante 18
f1f53bcf: posts the ante 18
eb12826e: posts small blind 60
e30480a1: posts big blind 120
*** HOLE CARDS ***
Dealt to af6426b3 
Dealt to eb12826e 
Dealt to e30480a1 
Dealt to Hero [6h Kd]
Dealt to 405af43a 
Dealt to 8039c9b2 
Dealt to f1f53bcf 
Hero: folds
405af43a: raises 120 to 240
8039c9b2: folds
f1f53bcf: folds
af6426b3: raises 600 to 840
eb12826e: folds
e30480a1: folds
405af43a: calls 600
*** FLOP *** [Qh Td 3s]
405af43a: checks
af6426b3: bets 557
405af43a: calls 557
*** TURN *** [Qh Td 3s] [2d]
405af43a: checks
af6426b3: bets 1,790
405af43a: calls 1,790
*** RIVER *** [Qh Td 3s 2d] [Jc]
405af43a: checks
af6426b3: checks
405af43a: shows [As Js] (a pair of Jacks)
af6426b3: shows [Qd Kh] (a pair of Queens)
*** SHOWDOWN ***
af6426b3 collected 6,680 from pot
*** SUMMARY ***
Total pot 6,680 | Rake 0 | Jackpot 0 | Bingo 0 | Fortune 0 | Tax 0
Board [Qh Td 3s 2d Jc]
Seat 1: af6426b3 (button) showed [Qd Kh] and won (6,680) with a pair of Queens
Seat 2: eb12826e (small blind) folded before Flop
Seat 4: e30480a1 (big blind) folded before Flop
Seat 5: Hero folded before Flop
Seat 6: 405af43a showed [As Js] and lost with a pair of Jacks
Seat 7: 8039c9b2 folded before Flop
Seat 8: f1f53bcf folded before Flop


Poker Hand #TM5679215798: Tournament #268450696, Bounty Hunters Sunday Special $10.80 Hold'em No Limit - Level2(60/120(18)) - 2026/03/08 20:43:04
Table '30' 8-max Seat #8 is the button
Seat 1: af6426b3 (10,907 in chips)
Seat 2: eb12826e (9,940 in chips)
Seat 3: ea5c2553 (9,070 in chips)
Seat 4: e30480a1 (9,490 in chips)
Seat 5: Hero (7,737 in chips)
Seat 6: 405af43a (9,440 in chips)
Seat 7: 8039c9b2 (15,473 in chips)
Seat 8: f1f53bcf (6,721 in chips)
ea5c2553: posts the ante 18
af6426b3: posts the ante 18
8039c9b2: posts the ante 18
Hero: posts the ante 18
405af43a: posts the ante 18
eb12826e: posts the ante 18
e30480a1: posts the ante 18
f1f53bcf: posts the ante 18
af6426b3: posts small blind 60
eb12826e: posts big blind 120
*** HOLE CARDS ***
Dealt to af6426b3 
Dealt to eb12826e 
Dealt to ea5c2553 
Dealt to e30480a1 
Dealt to Hero [4s 4h]
Dealt to 405af43a 
Dealt to 8039c9b2 
Dealt to f1f53bcf 
ea5c2553: raises 120 to 240
e30480a1: folds
Hero: calls 240
405af43a: folds
8039c9b2: folds
f1f53bcf: folds
af6426b3: folds
eb12826e: folds
*** FLOP *** [9d Ac 6s]
ea5c2553: checks
Hero: checks
*** TURN *** [9d Ac 6s] [Qs]
ea5c2553: checks
Hero: checks
*** RIVER *** [9d Ac 6s Qs] [5d]
ea5c2553: checks
Hero: checks
ea5c2553: shows [2h 2d] (a pair of Twos)
Hero: shows [4s 4h] (a pair of Fours)
*** SHOWDOWN ***
Hero collected 804 from pot
*** SUMMARY ***
Total pot 804 | Rake 0 | Jackpot 0 | Bingo 0 | Fortune 0 | Tax 0
Board [9d Ac 6s Qs 5d]
Seat 1: af6426b3 (small blind) folded before Flop
Seat 2: eb12826e (big blind) folded before Flop
Seat 3: ea5c2553 showed [2h 2d] and lost with a pair of Twos
Seat 4: e30480a1 folded before Flop
Seat 5: Hero showed [4s 4h] and won (804) with a pair of Fours
Seat 6: 405af43a folded before Flop
Seat 7: 8039c9b2 folded before Flop
Seat 8: f1f53bcf (button) folded before Flop


Poker Hand #TM5679215773: Tournament #268450696, Bounty Hunters Sunday Special $10.80 Hold'em No Limit - Level1(50/100(15)) - 2026/03/08 20:41:29
Table '30' 8-max Seat #7 is the button
Seat 1: af6426b3 (10,602 in chips)
Seat 2: eb12826e (9,955 in chips)
Seat 3: ea5c2553 (9,085 in chips)
Seat 4: e30480a1 (9,505 in chips)
Seat 5: Hero (7,752 in chips)
Seat 6: 405af43a (9,555 in chips)
Seat 7: 8039c9b2 (15,488 in chips)
Seat 8: f1f53bcf (6,836 in chips)
ea5c2553: posts the ante 15
af6426b3: posts the ante 15
8039c9b2: posts the ante 15
Hero: posts the ante 15
405af43a: posts the ante 15
eb12826e: posts the ante 15
e30480a1: posts the ante 15
f1f53bcf: posts the ante 15
f1f53bcf: posts small blind 50
af6426b3: posts big blind 100
*** HOLE CARDS ***
Dealt to af6426b3 
Dealt to eb12826e 
Dealt to ea5c2553 
Dealt to e30480a1 
Dealt to Hero [8s Tc]
Dealt to 405af43a 
Dealt to 8039c9b2 
Dealt to f1f53bcf 
eb12826e: folds
ea5c2553: folds
e30480a1: folds
Hero: folds
405af43a: calls 100
8039c9b2: folds
f1f53bcf: calls 50
af6426b3: checks
*** FLOP *** [Ah 5d 9c]
f1f53bcf: checks
af6426b3: checks
405af43a: checks
*** TURN *** [Ah 5d 9c] [Jd]
f1f53bcf: checks
af6426b3: checks
405af43a: checks
*** RIVER *** [Ah 5d 9c Jd] [8c]
f1f53bcf: checks
af6426b3: bets 315
405af43a: folds
f1f53bcf: folds
Uncalled bet (315) returned to af6426b3
*** SHOWDOWN ***
af6426b3 collected 420 from pot
*** SUMMARY ***
Total pot 420 | Rake 0 | Jackpot 0 | Bingo 0 | Fortune 0 | Tax 0
Board [Ah 5d 9c Jd 8c]
Seat 1: af6426b3 (big blind) won (420)
Seat 2: eb12826e folded before Flop
Seat 3: ea5c2553 folded before Flop
Seat 4: e30480a1 folded before Flop
Seat 5: Hero folded before Flop
Seat 6: 405af43a folded on the River
Seat 7: 8039c9b2 (button) folded before Flop
Seat 8: f1f53bcf (small blind) folded on the River


Poker Hand #TM5679215745: Tournament #268450696, Bounty Hunters Sunday Special $10.80 Hold'em No Limit - Level1(50/100(15)) - 2026/03/08 20:39:51
Table '30' 8-max Seat #6 is the button
Seat 1: d3a534b2 (11,869 in chips)
Seat 2: eb12826e (9,970 in chips)
Seat 3: ea5c2553 (9,100 in chips)
Seat 4: e30480a1 (9,770 in chips)
Seat 5: Hero (6,297 in chips)
Seat 6: 405af43a (9,570 in chips)
Seat 7: 8039c9b2 (15,553 in chips)
Seat 8: f1f53bcf (7,901 in chips)
ea5c2553: posts the ante 15
d3a534b2: posts the ante 15
8039c9b2: posts the ante 15
Hero: posts the ante 15
405af43a: posts the ante 15
eb12826e: posts the ante 15
e30480a1: posts the ante 15
f1f53bcf: posts the ante 15
8039c9b2: posts small blind 50
f1f53bcf: posts big blind 100
*** HOLE CARDS ***
Dealt to d3a534b2 
Dealt to eb12826e 
Dealt to ea5c2553 
Dealt to e30480a1 
Dealt to Hero [5c 7c]
Dealt to 405af43a 
Dealt to 8039c9b2 
Dealt to f1f53bcf 
d3a534b2: folds
eb12826e: folds
ea5c2553: folds
e30480a1: raises 150 to 250
Hero: calls 250
405af43a: folds
8039c9b2: folds
f1f53bcf: calls 150
*** FLOP *** [Qs 7d 2s]
f1f53bcf: checks
e30480a1: checks
Hero: checks
*** TURN *** [Qs 7d 2s] [Ad]
f1f53bcf: checks
e30480a1: checks
Hero: checks
*** RIVER *** [Qs 7d 2s Ad] [5s]
f1f53bcf: bets 800
e30480a1: folds
Hero: calls 800
f1f53bcf: shows [Jc Ac] (a pair of Aces)
Hero: shows [5c 7c] (two pair, Sevens and Fives)
*** SHOWDOWN ***
Hero collected 2,520 from pot
*** SUMMARY ***
Total pot 2,520 | Rake 0 | Jackpot 0 | Bingo 0 | Fortune 0 | Tax 0
Board [Qs 7d 2s Ad 5s]
Seat 1: d3a534b2 folded before Flop
Seat 2: eb12826e folded before Flop
Seat 3: ea5c2553 folded before Flop
Seat 4: e30480a1 folded on the River
Seat 5: Hero showed [5c 7c] and won (2,520) with two pair, Sevens and Fives
Seat 6: 405af43a (button) folded before Flop
Seat 7: 8039c9b2 (small blind) folded before Flop
Seat 8: f1f53bcf (big blind) showed [Jc Ac] and lost with a pair of Aces


Poker Hand #TM5679215727: Tournament #268450696, Bounty Hunters Sunday Special $10.80 Hold'em No Limit - Level1(50/100(15)) - 2026/03/08 20:39:01
Table '30' 8-max Seat #5 is the button
Seat 1: d3a534b2 (11,884 in chips)
Seat 2: eb12826e (9,515 in chips)
Seat 3: ea5c2553 (9,115 in chips)
Seat 4: e30480a1 (9,785 in chips)
Seat 5: Hero (6,312 in chips)
Seat 6: 405af43a (9,635 in chips)
Seat 7: 8039c9b2 (15,668 in chips)
Seat 8: f1f53bcf (8,116 in chips)
ea5c2553: posts the ante 15
d3a534b2: posts the ante 15
8039c9b2: posts the ante 15
Hero: posts the ante 15
405af43a: posts the ante 15
eb12826e: posts the ante 15
e30480a1: posts the ante 15
f1f53bcf: posts the ante 15
405af43a: posts small blind 50
8039c9b2: posts big blind 100
*** HOLE CARDS ***
Dealt to d3a534b2 
Dealt to eb12826e 
Dealt to ea5c2553 
Dealt to e30480a1 
Dealt to Hero [Jh 3d]
Dealt to 405af43a 
Dealt to 8039c9b2 
Dealt to f1f53bcf 
f1f53bcf: raises 100 to 200
d3a534b2: folds
eb12826e: raises 550 to 750
ea5c2553: folds
e30480a1: folds
Hero: folds
405af43a: folds
8039c9b2: folds
f1f53bcf: folds
Uncalled bet (550) returned to eb12826e
*** SHOWDOWN ***
eb12826e collected 670 from pot
*** SUMMARY ***
Total pot 670 | Rake 0 | Jackpot 0 | Bingo 0 | Fortune 0 | Tax 0
Seat 1: d3a534b2 folded before Flop
Seat 2: eb12826e collected (670)
Seat 3: ea5c2553 folded before Flop
Seat 4: e30480a1 folded before Flop
Seat 5: Hero (button) folded before Flop
Seat 6: 405af43a (small blind) folded before Flop
Seat 7: 8039c9b2 (big blind) folded before Flop
Seat 8: f1f53bcf folded before Flop


Poker Hand #TM5679215709: Tournament #268450696, Bounty Hunters Sunday Special $10.80 Hold'em No Limit - Level1(50/100(15)) - 2026/03/08 20:37:59
Table '30' 8-max Seat #4 is the button
Seat 1: d3a534b2 (12,099 in chips)
Seat 2: eb12826e (9,530 in chips)
Seat 3: ea5c2553 (9,330 in chips)
Seat 4: e30480a1 (10,000 in chips)
Seat 5: Hero (9,121 in chips)
Seat 6: 405af43a (9,750 in chips)
Seat 7: 8039c9b2 (12,069 in chips)
Seat 8: f1f53bcf (8,131 in chips)
ea5c2553: posts the ante 15
d3a534b2: posts the ante 15
8039c9b2: posts the ante 15
Hero: posts the ante 15
405af43a: posts the ante 15
eb12826e: posts the ante 15
e30480a1: posts the ante 15
f1f53bcf: posts the ante 15
Hero: posts small blind 50
405af43a: posts big blind 100
*** HOLE CARDS ***
Dealt to d3a534b2 
Dealt to eb12826e 
Dealt to ea5c2553 
Dealt to e30480a1 
Dealt to Hero [Jh Ks]
Dealt to 405af43a 
Dealt to 8039c9b2 
Dealt to f1f53bcf 
8039c9b2: raises 100 to 200
f1f53bcf: folds
d3a534b2: calls 200
eb12826e: folds
ea5c2553: calls 200
e30480a1: calls 200
Hero: raises 1,320 to 1,520
405af43a: folds
8039c9b2: calls 1,320
d3a534b2: folds
ea5c2553: folds
e30480a1: folds
*** FLOP *** [6s Ah 2h]
Hero: bets 1,274
8039c9b2: calls 1,274
*** TURN *** [6s Ah 2h] [9c]
Hero: checks
8039c9b2: bets 6,480
Hero: folds
Uncalled bet (6,480) returned to 8039c9b2
*** SHOWDOWN ***
8039c9b2 collected 6,408 from pot
*** SUMMARY ***
Total pot 6,408 | Rake 0 | Jackpot 0 | Bingo 0 | Fortune 0 | Tax 0
Board [6s Ah 2h 9c]
Seat 1: d3a534b2 folded before Flop
Seat 2: eb12826e folded before Flop
Seat 3: ea5c2553 folded before Flop
Seat 4: e30480a1 (button) folded before Flop
Seat 5: Hero (small blind) folded on the Turn
Seat 6: 405af43a (big blind) folded before Flop
Seat 7: 8039c9b2 won (6,408)
Seat 8: f1f53bcf folded before Flop


Poker Hand #TM5679215701: Tournament #268450696, Bounty Hunters Sunday Special $10.80 Hold'em No Limit - Level1(50/100(15)) - 2026/03/08 20:37:22
Table '30' 8-max Seat #3 is the button
Seat 1: d3a534b2 (12,114 in chips)
Seat 2: eb12826e (9,745 in chips)
Seat 3: ea5c2553 (9,345 in chips)
Seat 4: e30480a1 (10,065 in chips)
Seat 5: Hero (9,236 in chips)
Seat 6: 405af43a (9,765 in chips)
Seat 7: 8039c9b2 (11,614 in chips)
Seat 8: f1f53bcf (8,146 in chips)
ea5c2553: posts the ante 15
d3a534b2: posts the ante 15
8039c9b2: posts the ante 15
Hero: posts the ante 15
405af43a: posts the ante 15
eb12826e: posts the ante 15
e30480a1: posts the ante 15
f1f53bcf: posts the ante 15
e30480a1: posts small blind 50
Hero: posts big blind 100
*** HOLE CARDS ***
Dealt to d3a534b2 
Dealt to eb12826e 
Dealt to ea5c2553 
Dealt to e30480a1 
Dealt to Hero [Kc 3s]
Dealt to 405af43a 
Dealt to 8039c9b2 
Dealt to f1f53bcf 
405af43a: folds
8039c9b2: raises 100 to 200
f1f53bcf: folds
d3a534b2: folds
eb12826e: calls 200
ea5c2553: folds
e30480a1: folds
Hero: folds
*** FLOP *** [2h 8c 8h]
8039c9b2: checks
eb12826e: checks
*** TURN *** [2h 8c 8h] [7c]
8039c9b2: bets 222
eb12826e: folds
Uncalled bet (222) returned to 8039c9b2
*** SHOWDOWN ***
8039c9b2 collected 670 from pot
*** SUMMARY ***
Total pot 670 | Rake 0 | Jackpot 0 | Bingo 0 | Fortune 0 | Tax 0
Board [2h 8c 8h 7c]
Seat 1: d3a534b2 folded before Flop
Seat 2: eb12826e folded on the Turn
Seat 3: ea5c2553 (button) folded before Flop
Seat 4: e30480a1 (small blind) folded before Flop
Seat 5: Hero (big blind) folded before Flop
Seat 6: 405af43a folded before Flop
Seat 7: 8039c9b2 won (670)
Seat 8: f1f53bcf folded before Flop


Poker Hand #TM5679215681: Tournament #268450696, Bounty Hunters Sunday Special $10.80 Hold'em No Limit - Level1(50/100(15)) - 2026/03/08 20:36:12
Table '30' 8-max Seat #2 is the button
Seat 1: d3a534b2 (12,129 in chips)
Seat 2: eb12826e (9,760 in chips)
Seat 3: ea5c2553 (9,410 in chips)
Seat 4: e30480a1 (10,180 in chips)
Seat 5: Hero (9,251 in chips)
Seat 6: 405af43a (9,510 in chips)
Seat 7: 8039c9b2 (11,629 in chips)
Seat 8: f1f53bcf (8,161 in chips)
ea5c2553: posts the ante 15
d3a534b2: posts the ante 15
8039c9b2: posts the ante 15
Hero: posts the ante 15
405af43a: posts the ante 15
eb12826e: posts the ante 15
e30480a1: posts the ante 15
f1f53bcf: posts the ante 15
ea5c2553: posts small blind 50
e30480a1: posts big blind 100
*** HOLE CARDS ***
Dealt to d3a534b2 
Dealt to eb12826e 
Dealt to ea5c2553 
Dealt to e30480a1 
Dealt to Hero [7h Td]
Dealt to 405af43a 
Dealt to 8039c9b2 
Dealt to f1f53bcf 
Hero: folds
405af43a: calls 100
8039c9b2: folds
f1f53bcf: folds
d3a534b2: folds
eb12826e: folds
ea5c2553: folds
e30480a1: checks
*** FLOP *** [As Ks 3c]
e30480a1: checks
405af43a: bets 278
e30480a1: folds
Uncalled bet (278) returned to 405af43a
*** SHOWDOWN ***
405af43a collected 370 from pot
*** SUMMARY ***
Total pot 370 | Rake 0 | Jackpot 0 | Bingo 0 | Fortune 0 | Tax 0
Board [As Ks 3c]
Seat 1: d3a534b2 folded before Flop
Seat 2: eb12826e (button) folded before Flop
Seat 3: ea5c2553 (small blind) folded before Flop
Seat 4: e30480a1 (big blind) folded on the Flop
Seat 5: Hero folded before Flop
Seat 6: 405af43a won (370)
Seat 7: 8039c9b2 folded before Flop
Seat 8: f1f53bcf folded before Flop


Poker Hand #TM5679215648: Tournament #268450696, Bounty Hunters Sunday Special $10.80 Hold'em No Limit - Level1(50/100(15)) - 2026/03/08 20:34:15
Table '30' 8-max Seat #1 is the button
Seat 1: d3a534b2 (9,775 in chips)
Seat 2: eb12826e (9,825 in chips)
Seat 3: ea5c2553 (9,525 in chips)
Seat 4: e30480a1 (10,195 in chips)
Seat 5: Hero (9,266 in chips)
Seat 6: 405af43a (9,625 in chips)
Seat 7: 8039c9b2 (11,744 in chips)
Seat 8: f1f53bcf (10,075 in chips)
ea5c2553: posts the ante 15
d3a534b2: posts the ante 15
8039c9b2: posts the ante 15
Hero: posts the ante 15
405af43a: posts the ante 15
eb12826e: posts the ante 15
e30480a1: posts the ante 15
f1f53bcf: posts the ante 15
eb12826e: posts small blind 50
ea5c2553: posts big blind 100
*** HOLE CARDS ***
Dealt to d3a534b2 
Dealt to eb12826e 
Dealt to ea5c2553 
Dealt to e30480a1 
Dealt to Hero [2c 4h]
Dealt to 405af43a 
Dealt to 8039c9b2 
Dealt to f1f53bcf 
e30480a1: folds
Hero: folds
405af43a: calls 100
8039c9b2: calls 100
f1f53bcf: calls 100
d3a534b2: raises 500 to 600
eb12826e: folds
ea5c2553: folds
405af43a: folds
8039c9b2: folds
f1f53bcf: calls 500
*** FLOP *** [Jd 8h 3c]
f1f53bcf: checks
d3a534b2: bets 450
f1f53bcf: calls 450
*** TURN *** [Jd 8h 3c] [7d]
f1f53bcf: checks
d3a534b2: checks
*** RIVER *** [Jd 8h 3c 7d] [Js]
f1f53bcf: bets 849
d3a534b2: calls 849
f1f53bcf: shows [6h 6c] (two pair, Jacks and Sixes)
d3a534b2: shows [Td Ts] (two pair, Jacks and Tens)
*** SHOWDOWN ***
d3a534b2 collected 4,268 from pot
*** SUMMARY ***
Total pot 4,268 | Rake 0 | Jackpot 0 | Bingo 0 | Fortune 0 | Tax 0
Board [Jd 8h 3c 7d Js]
Seat 1: d3a534b2 (button) showed [Td Ts] and won (4,268) with two pair, Jacks and Tens
Seat 2: eb12826e (small blind) folded before Flop
Seat 3: ea5c2553 (big blind) folded before Flop
Seat 4: e30480a1 folded before Flop
Seat 5: Hero folded before Flop
Seat 6: 405af43a folded before Flop
Seat 7: 8039c9b2 folded before Flop
Seat 8: f1f53bcf showed [6h 6c] and lost with two pair, Jacks and Sixes


Poker Hand #TM5679215635: Tournament #268450696, Bounty Hunters Sunday Special $10.80 Hold'em No Limit - Level1(50/100(15)) - 2026/03/08 20:33:28
Table '30' 8-max Seat #8 is the button
Seat 1: d3a534b2 (9,840 in chips)
Seat 2: eb12826e (9,940 in chips)
Seat 3: ea5c2553 (9,540 in chips)
Seat 4: e30480a1 (9,940 in chips)
Seat 5: Hero (9,281 in chips)
Seat 6: 405af43a (9,640 in chips)
Seat 7: 8039c9b2 (11,759 in chips)
Seat 8: f1f53bcf (10,090 in chips)
ea5c2553: posts the ante 15
8039c9b2: posts the ante 15
d3a534b2: posts the ante 15
Hero: posts the ante 15
405af43a: posts the ante 15
eb12826e: posts the ante 15
e30480a1: posts the ante 15
f1f53bcf: posts the ante 15
d3a534b2: posts small blind 50
eb12826e: posts big blind 100
*** HOLE CARDS ***
Dealt to d3a534b2 
Dealt to eb12826e 
Dealt to ea5c2553 
Dealt to e30480a1 
Dealt to Hero [4s 2s]
Dealt to 405af43a 
Dealt to 8039c9b2 
Dealt to f1f53bcf 
ea5c2553: folds
e30480a1: raises 150 to 250
Hero: folds
405af43a: folds
8039c9b2: folds
f1f53bcf: folds
d3a534b2: folds
eb12826e: folds
Uncalled bet (150) returned to e30480a1
*** SHOWDOWN ***
e30480a1 collected 370 from pot
*** SUMMARY ***
Total pot 370 | Rake 0 | Jackpot 0 | Bingo 0 | Fortune 0 | Tax 0
Seat 1: d3a534b2 (small blind) folded before Flop
Seat 2: eb12826e (big blind) folded before Flop
Seat 3: ea5c2553 folded before Flop
Seat 4: e30480a1 collected (370)
Seat 5: Hero folded before Flop
Seat 6: 405af43a folded before Flop
Seat 7: 8039c9b2 folded before Flop
Seat 8: f1f53bcf (button) folded before Flop


Poker Hand #TM5679215616: Tournament #268450696, Bounty Hunters Sunday Special $10.80 Hold'em No Limit - Level1(50/100(15)) - 2026/03/08 20:32:15
Table '30' 8-max Seat #7 is the button
Seat 1: d3a534b2 (9,955 in chips)
Seat 2: eb12826e (9,955 in chips)
Seat 3: ea5c2553 (9,555 in chips)
Seat 4: e30480a1 (9,955 in chips)
Seat 5: Hero (10,375 in chips)
Seat 6: 405af43a (9,655 in chips)
Seat 7: 8039c9b2 (10,425 in chips)
Seat 8: f1f53bcf (10,155 in chips)
ea5c2553: posts the ante 15
8039c9b2: posts the ante 15
d3a534b2: posts the ante 15
Hero: posts the ante 15
405af43a: posts the ante 15
eb12826e: posts the ante 15
e30480a1: posts the ante 15
f1f53bcf: posts the ante 15
f1f53bcf: posts small blind 50
d3a534b2: posts big blind 100
*** HOLE CARDS ***
Dealt to d3a534b2 
Dealt to eb12826e 
Dealt to ea5c2553 
Dealt to e30480a1 
Dealt to Hero [Td Qd]
Dealt to 405af43a 
Dealt to 8039c9b2 
Dealt to f1f53bcf 
eb12826e: folds
ea5c2553: folds
e30480a1: folds
Hero: raises 100 to 200
405af43a: folds
8039c9b2: calls 200
f1f53bcf: folds
d3a534b2: folds
*** FLOP *** [3h Qs 4c]
Hero: bets 222
8039c9b2: calls 222
*** TURN *** [3h Qs 4c] [9h]
Hero: bets 657
8039c9b2: calls 657
*** RIVER *** [3h Qs 4c 9h] [Ks]
Hero: checks
8039c9b2: checks
Hero: shows [Td Qd] (a pair of Queens)
8039c9b2: shows [Qc Jc] (a pair of Queens)
*** SHOWDOWN ***
8039c9b2 collected 2,428 from pot
*** SUMMARY ***
Total pot 2,428 | Rake 0 | Jackpot 0 | Bingo 0 | Fortune 0 | Tax 0
Board [3h Qs 4c 9h Ks]
Seat 1: d3a534b2 (big blind) folded before Flop
Seat 2: eb12826e folded before Flop
Seat 3: ea5c2553 folded before Flop
Seat 4: e30480a1 folded before Flop
Seat 5: Hero showed [Td Qd] and lost with a pair of Queens
Seat 6: 405af43a folded before Flop
Seat 7: 8039c9b2 (button) showed [Qc Jc] and won (2,428) with a pair of Queens
Seat 8: f1f53bcf (small blind) folded before Flop


Poker Hand #TM5679215605: Tournament #268450696, Bounty Hunters Sunday Special $10.80 Hold'em No Limit - Level1(50/100(15)) - 2026/03/08 20:31:38
Table '30' 8-max Seat #6 is the button
Seat 1: d3a534b2 (9,970 in chips)
Seat 2: eb12826e (9,970 in chips)
Seat 3: ea5c2553 (9,570 in chips)
Seat 4: e30480a1 (9,970 in chips)
Seat 5: Hero (10,390 in chips)
Seat 6: 405af43a (9,670 in chips)
Seat 7: 8039c9b2 (10,490 in chips)
Seat 8: f1f53bcf (10,000 in chips)
ea5c2553: posts the ante 15
d3a534b2: posts the ante 15
8039c9b2: posts the ante 15
Hero: posts the ante 15
405af43a: posts the ante 15
eb12826e: posts the ante 15
e30480a1: posts the ante 15
f1f53bcf: posts the ante 15
8039c9b2: posts small blind 50
f1f53bcf: posts big blind 100
*** HOLE CARDS ***
Dealt to d3a534b2 
Dealt to eb12826e 
Dealt to ea5c2553 
Dealt to e30480a1 
Dealt to Hero [4s 8s]
Dealt to 405af43a 
Dealt to 8039c9b2 
Dealt to f1f53bcf 
d3a534b2: folds
eb12826e: folds
ea5c2553: folds
e30480a1: folds
Hero: folds
405af43a: folds
8039c9b2: folds
Uncalled bet (50) returned to f1f53bcf
*** SHOWDOWN ***
f1f53bcf collected 220 from pot
*** SUMMARY ***
Total pot 220 | Rake 0 | Jackpot 0 | Bingo 0 | Fortune 0 | Tax 0
Seat 1: d3a534b2 folded before Flop
Seat 2: eb12826e folded before Flop
Seat 3: ea5c2553 folded before Flop
Seat 4: e30480a1 folded before Flop
Seat 5: Hero folded before Flop
Seat 6: 405af43a (button) folded before Flop
Seat 7: 8039c9b2 (small blind) folded before Flop
Seat 8: f1f53bcf (big blind) collected (220)


Poker Hand #TM5679215586: Tournament #268450696, Bounty Hunters Sunday Special $10.80 Hold'em No Limit - Level1(50/100(15)) - 2026/03/08 20:30:35
Table '30' 8-max Seat #5 is the button
Seat 1: d3a534b2 (9,985 in chips)
Seat 2: eb12826e (9,985 in chips)
Seat 3: ea5c2553 (9,785 in chips)
Seat 4: e30480a1 (9,985 in chips)
Seat 5: Hero (10,405 in chips)
Seat 6: 405af43a (9,885 in chips)
Seat 7: 8039c9b2 (9,985 in chips)
Seat 8: 74ea1127 (9,985 in chips)
ea5c2553: posts the ante 15
d3a534b2: posts the ante 15
8039c9b2: posts the ante 15
Hero: posts the ante 15
405af43a: posts the ante 15
eb12826e: posts the ante 15
e30480a1: posts the ante 15
74ea1127: posts the ante 15
405af43a: posts small blind 50
8039c9b2: posts big blind 100
*** HOLE CARDS ***
Dealt to d3a534b2 
Dealt to eb12826e 
Dealt to ea5c2553 
Dealt to e30480a1 
Dealt to Hero [3c 2c]
Dealt to 405af43a 
Dealt to 8039c9b2 
Dealt to 74ea1127 
74ea1127: folds
d3a534b2: folds
eb12826e: folds
ea5c2553: raises 100 to 200
e30480a1: folds
Hero: folds
405af43a: calls 150
8039c9b2: calls 100
*** FLOP *** [Tc Kd 9d]
405af43a: checks
8039c9b2: checks
ea5c2553: checks
*** TURN *** [Tc Kd 9d] [Kc]
405af43a: checks
8039c9b2: checks
ea5c2553: checks
*** RIVER *** [Tc Kd 9d Kc] [4d]
405af43a: checks
8039c9b2: checks
ea5c2553: checks
405af43a: shows [As 6c] (a pair of Kings)
8039c9b2: shows [9h Jh] (two pair, Kings and Nines)
ea5c2553: shows [Ac 8s] (a pair of Kings)
*** SHOWDOWN ***
8039c9b2 collected 720 from pot
*** SUMMARY ***
Total pot 720 | Rake 0 | Jackpot 0 | Bingo 0 | Fortune 0 | Tax 0
Board [Tc Kd 9d Kc 4d]
Seat 1: d3a534b2 folded before Flop
Seat 2: eb12826e folded before Flop
Seat 3: ea5c2553 showed [Ac 8s] and lost with a pair of Kings
Seat 4: e30480a1 folded before Flop
Seat 5: Hero (button) folded before Flop
Seat 6: 405af43a (small blind) showed [As 6c] and lost with a pair of Kings
Seat 7: 8039c9b2 (big blind) showed [9h Jh] and won (720) with two pair, Kings and Nines
Seat 8: 74ea1127 folded before Flop


Poker Hand #TM5679215575: Tournament #268450696, Bounty Hunters Sunday Special $10.80 Hold'em No Limit - Level1(50/100(15)) - 2026/03/08 20:30:02
Table '30' 8-max Seat #4 is the button
Seat 1: d3a534b2 (10,000 in chips)
Seat 2: eb12826e (10,000 in chips)
Seat 3: ea5c2553 (10,000 in chips)
Seat 4: e30480a1 (10,000 in chips)
Seat 5: Hero (10,000 in chips)
Seat 6: 405af43a (10,000 in chips)
Seat 7: 8039c9b2 (10,000 in chips)
Seat 8: 74ea1127 (10,000 in chips)
ea5c2553: posts the ante 15
d3a534b2: posts the ante 15
8039c9b2: posts the ante 15
Hero: posts the ante 15
405af43a: posts the ante 15
eb12826e: posts the ante 15
e30480a1: posts the ante 15
74ea1127: posts the ante 15
Hero: posts small blind 50
405af43a: posts big blind 100
*** HOLE CARDS ***
Dealt to d3a534b2 
Dealt to eb12826e 
Dealt to ea5c2553 
Dealt to e30480a1 
Dealt to Hero [Ad As]
Dealt to 405af43a 
Dealt to 8039c9b2 
Dealt to 74ea1127 
8039c9b2: folds
74ea1127: folds
d3a534b2: folds
eb12826e: folds
ea5c2553: raises 100 to 200
e30480a1: folds
Hero: raises 565 to 765
405af43a: folds
ea5c2553: folds
Uncalled bet (565) returned to Hero
*** SHOWDOWN ***
Hero collected 620 from pot
*** SUMMARY ***
Total pot 620 | Rake 0 | Jackpot 0 | Bingo 0 | Fortune 0 | Tax 0
Seat 1: d3a534b2 folded before Flop
Seat 2: eb12826e folded before Flop
Seat 3: ea5c2553 folded before Flop
Seat 4: e30480a1 (button) folded before Flop
Seat 5: Hero (small blind) showed [Ad As] and collected (620)
Seat 6: 405af43a (big blind) folded before Flop
Seat 7: 8039c9b2 folded before Flop
Seat 8: 74ea1127 folded before Flop


