Poker Hand #TM5685922064: Tournament #268638104, Bounty Hunters Special $10.80 Hold'em No Limit - Level16(750/1,500(200)) - 2026/03/09 19:44:37
Table '27' 8-max Seat #5 is the button
Seat 1: 34a15da1 (23,716 in chips)
Seat 2: 5c93c184 (18,908 in chips)
Seat 3: e3c35124 (55,326 in chips)
Seat 4: Hero (30,784 in chips)
Seat 5: c657ae06 (8,940 in chips)
Seat 6: 74004631 (31,262 in chips)
Seat 7: 83f0ceff (57,488 in chips)
Seat 8: 4eaceb76 (137,711 in chips)
e3c35124: posts the ante 200
34a15da1: posts the ante 200
Hero: posts the ante 200
c657ae06: posts the ante 200
4eaceb76: posts the ante 200
83f0ceff: posts the ante 200
74004631: posts the ante 200
5c93c184: posts the ante 200
74004631: posts small blind 750
83f0ceff: posts big blind 1,500
*** HOLE CARDS ***
Dealt to 34a15da1 
Dealt to 5c93c184 
Dealt to e3c35124 
Dealt to Hero [Ks Jc]
Dealt to c657ae06 
Dealt to 74004631 
Dealt to 83f0ceff 
Dealt to 4eaceb76 
4eaceb76: folds
34a15da1: folds
5c93c184: raises 1,500 to 3,000
e3c35124: calls 3,000
Hero: raises 27,584 to 30,584 and is all-in
c657ae06: calls 8,740 and is all-in
74004631: folds
83f0ceff: folds
5c93c184: calls 15,708 and is all-in
e3c35124: calls 27,584
Hero: shows [Ks Jc]
c657ae06: shows [Kc 2c]
5c93c184: shows [8c As]
e3c35124: shows [9c Kh]
*** FLOP *** [2s 9s 3c]
*** TURN *** [2s 9s 3c] [8s]
*** RIVER *** [2s 9s 3c 8s] [6h]
*** SHOWDOWN ***
e3c35124 collected 38,810 from pot
e3c35124 collected 29,904 from pot
e3c35124 collected 23,752 from pot
*** SUMMARY ***
Total pot 92,466 | Rake 0 | Jackpot 0 | Bingo 0 | Fortune 0 | Tax 0
Board [2s 9s 3c 8s 6h]
Seat 1: 34a15da1 folded before Flop
Seat 2: 5c93c184 showed [8c As] and lost with a pair of Eights
Seat 3: e3c35124 showed [9c Kh] and won (92,466) with a pair of Nines
Seat 4: Hero showed [Ks Jc] and lost with King high
Seat 5: c657ae06 (button) showed [Kc 2c] and lost with a pair of Twos
Seat 6: 74004631 (small blind) folded before Flop
Seat 7: 83f0ceff (big blind) folded before Flop
Seat 8: 4eaceb76 folded before Flop


Poker Hand #TM5685922048: Tournament #268638104, Bounty Hunters Special $10.80 Hold'em No Limit - Level15(600/1,200(180)) - 2026/03/09 19:43:44
Table '27' 8-max Seat #4 is the button
Seat 1: 34a15da1 (23,896 in chips)
Seat 2: 5c93c184 (19,088 in chips)
Seat 3: e3c35124 (55,506 in chips)
Seat 4: Hero (33,364 in chips)
Seat 5: c657ae06 (9,720 in chips)
Seat 6: 74004631 (32,642 in chips)
Seat 7: 83f0ceff (57,668 in chips)
Seat 8: 4eaceb76 (132,251 in chips)
e3c35124: posts the ante 180
34a15da1: posts the ante 180
Hero: posts the ante 180
4eaceb76: posts the ante 180
c657ae06: posts the ante 180
83f0ceff: posts the ante 180
74004631: posts the ante 180
5c93c184: posts the ante 180
c657ae06: posts small blind 600
74004631: posts big blind 1,200
*** HOLE CARDS ***
Dealt to 34a15da1 
Dealt to 5c93c184 
Dealt to e3c35124 
Dealt to Hero [3c 3h]
Dealt to c657ae06 
Dealt to 74004631 
Dealt to 83f0ceff 
Dealt to 4eaceb76 
83f0ceff: folds
4eaceb76: raises 1,200 to 2,400
34a15da1: folds
5c93c184: folds
e3c35124: folds
Hero: calls 2,400
c657ae06: folds
74004631: folds
*** FLOP *** [7h 9c 4c]
4eaceb76: checks
Hero: checks
*** TURN *** [7h 9c 4c] [Ac]
4eaceb76: bets 2,654
Hero: folds
Uncalled bet (2,654) returned to 4eaceb76
*** SHOWDOWN ***
4eaceb76 collected 8,040 from pot
*** SUMMARY ***
Total pot 8,040 | Rake 0 | Jackpot 0 | Bingo 0 | Fortune 0 | Tax 0
Board [7h 9c 4c Ac]
Seat 1: 34a15da1 folded before Flop
Seat 2: 5c93c184 folded before Flop
Seat 3: e3c35124 folded before Flop
Seat 4: Hero (button) folded on the Turn
Seat 5: c657ae06 (small blind) folded before Flop
Seat 6: 74004631 (big blind) folded before Flop
Seat 7: 83f0ceff folded before Flop
Seat 8: 4eaceb76 won (8,040)


Poker Hand #TM5685922008: Tournament #268638104, Bounty Hunters Special $10.80 Hold'em No Limit - Level15(600/1,200(180)) - 2026/03/09 19:41:54
Table '27' 8-max Seat #3 is the button
Seat 1: 34a15da1 (24,076 in chips)
Seat 2: 5c93c184 (19,268 in chips)
Seat 3: e3c35124 (47,046 in chips)
Seat 4: Hero (35,944 in chips)
Seat 5: c657ae06 (12,300 in chips)
Seat 6: 74004631 (35,222 in chips)
Seat 7: 83f0ceff (57,848 in chips)
Seat 8: 4eaceb76 (132,431 in chips)
e3c35124: posts the ante 180
34a15da1: posts the ante 180
Hero: posts the ante 180
4eaceb76: posts the ante 180
c657ae06: posts the ante 180
83f0ceff: posts the ante 180
74004631: posts the ante 180
5c93c184: posts the ante 180
Hero: posts small blind 600
c657ae06: posts big blind 1,200
*** HOLE CARDS ***
Dealt to 34a15da1 
Dealt to 5c93c184 
Dealt to e3c35124 
Dealt to Hero [7h 7d]
Dealt to c657ae06 
Dealt to 74004631 
Dealt to 83f0ceff 
Dealt to 4eaceb76 
74004631: raises 1,200 to 2,400
83f0ceff: folds
4eaceb76: folds
34a15da1: folds
5c93c184: folds
e3c35124: calls 2,400
Hero: calls 1,800
c657ae06: calls 1,200
*** FLOP *** [Ts Jh 9c]
Hero: checks
c657ae06: checks
74004631: checks
e3c35124: checks
*** TURN *** [Ts Jh 9c] [5c]
Hero: checks
c657ae06: checks
74004631: checks
e3c35124: checks
*** RIVER *** [Ts Jh 9c 5c] [5h]
Hero: checks
c657ae06: checks
74004631: checks
e3c35124: checks
Hero: shows [7h 7d] (two pair, Sevens and Fives)
c657ae06: shows [Td 3s] (two pair, Tens and Fives)
74004631: shows [Qh As] (a pair of Fives)
e3c35124: shows [Ad Tc] (two pair, Tens and Fives)
*** SHOWDOWN ***
e3c35124 collected 11,040 from pot
*** SUMMARY ***
Total pot 11,040 | Rake 0 | Jackpot 0 | Bingo 0 | Fortune 0 | Tax 0
Board [Ts Jh 9c 5c 5h]
Seat 1: 34a15da1 folded before Flop
Seat 2: 5c93c184 folded before Flop
Seat 3: e3c35124 (button) showed [Ad Tc] and won (11,040) with two pair, Tens and Fives
Seat 4: Hero (small blind) showed [7h 7d] and lost with two pair, Sevens and Fives
Seat 5: c657ae06 (big blind) showed [Td 3s] and lost with two pair, Tens and Fives
Seat 6: 74004631 showed [Qh As] and lost with a pair of Fives
Seat 7: 83f0ceff folded before Flop
Seat 8: 4eaceb76 folded before Flop


Poker Hand #TM5685921994: Tournament #268638104, Bounty Hunters Special $10.80 Hold'em No Limit - Level15(600/1,200(180)) - 2026/03/09 19:41:06
Table '27' 8-max Seat #2 is the button
Seat 1: 34a15da1 (10,598 in chips)
Seat 2: 5c93c184 (19,448 in chips)
Seat 3: e3c35124 (47,826 in chips)
Seat 4: Hero (37,324 in chips)
Seat 5: c657ae06 (12,480 in chips)
Seat 6: 74004631 (35,402 in chips)
Seat 7: 83f0ceff (58,028 in chips)
Seat 8: 4eaceb76 (143,029 in chips)
e3c35124: posts the ante 180
34a15da1: posts the ante 180
Hero: posts the ante 180
4eaceb76: posts the ante 180
c657ae06: posts the ante 180
83f0ceff: posts the ante 180
74004631: posts the ante 180
5c93c184: posts the ante 180
e3c35124: posts small blind 600
Hero: posts big blind 1,200
*** HOLE CARDS ***
Dealt to 34a15da1 
Dealt to 5c93c184 
Dealt to e3c35124 
Dealt to Hero [6d Qd]
Dealt to c657ae06 
Dealt to 74004631 
Dealt to 83f0ceff 
Dealt to 4eaceb76 
c657ae06: folds
74004631: folds
83f0ceff: folds
4eaceb76: raises 1,200 to 2,400
34a15da1: raises 8,018 to 10,418 and is all-in
5c93c184: folds
e3c35124: folds
Hero: folds
4eaceb76: calls 8,018
34a15da1: shows [Js As]
4eaceb76: shows [Ah 5s]
*** FLOP *** [8h 8s 9h]
*** TURN *** [8h 8s 9h] [4c]
*** RIVER *** [8h 8s 9h 4c] [Qc]
*** SHOWDOWN ***
34a15da1 collected 24,076 from pot
*** SUMMARY ***
Total pot 24,076 | Rake 0 | Jackpot 0 | Bingo 0 | Fortune 0 | Tax 0
Board [8h 8s 9h 4c Qc]
Seat 1: 34a15da1 showed [Js As] and won (24,076) with a pair of Eights
Seat 2: 5c93c184 (button) folded before Flop
Seat 3: e3c35124 (small blind) folded before Flop
Seat 4: Hero (big blind) folded before Flop
Seat 5: c657ae06 folded before Flop
Seat 6: 74004631 folded before Flop
Seat 7: 83f0ceff folded before Flop
Seat 8: 4eaceb76 showed [Ah 5s] and lost with a pair of Eights


Poker Hand #TM5685921978: Tournament #268638104, Bounty Hunters Special $10.80 Hold'em No Limit - Level15(600/1,200(180)) - 2026/03/09 19:40:19
Table '27' 8-max Seat #1 is the button
Seat 1: 34a15da1 (10,778 in chips)
Seat 2: 5c93c184 (16,988 in chips)
Seat 3: e3c35124 (49,206 in chips)
Seat 4: Hero (37,504 in chips)
Seat 5: c657ae06 (12,660 in chips)
Seat 6: 74004631 (35,582 in chips)
Seat 7: 83f0ceff (58,208 in chips)
Seat 8: 4eaceb76 (143,209 in chips)
e3c35124: posts the ante 180
34a15da1: posts the ante 180
Hero: posts the ante 180
4eaceb76: posts the ante 180
c657ae06: posts the ante 180
83f0ceff: posts the ante 180
74004631: posts the ante 180
5c93c184: posts the ante 180
5c93c184: posts small blind 600
e3c35124: posts big blind 1,200
*** HOLE CARDS ***
Dealt to 34a15da1 
Dealt to 5c93c184 
Dealt to e3c35124 
Dealt to Hero [7s 9d]
Dealt to c657ae06 
Dealt to 74004631 
Dealt to 83f0ceff 
Dealt to 4eaceb76 
Hero: folds
c657ae06: folds
74004631: folds
83f0ceff: folds
4eaceb76: folds
34a15da1: folds
5c93c184: raises 15,608 to 16,808 and is all-in
e3c35124: folds
Uncalled bet (15,608) returned to 5c93c184
*** SHOWDOWN ***
5c93c184 collected 3,840 from pot
*** SUMMARY ***
Total pot 3,840 | Rake 0 | Jackpot 0 | Bingo 0 | Fortune 0 | Tax 0
Seat 1: 34a15da1 (button) folded before Flop
Seat 2: 5c93c184 (small blind) collected (3,840)
Seat 3: e3c35124 (big blind) folded before Flop
Seat 4: Hero folded before Flop
Seat 5: c657ae06 folded before Flop
Seat 6: 74004631 folded before Flop
Seat 7: 83f0ceff folded before Flop
Seat 8: 4eaceb76 folded before Flop


Poker Hand #TM5685921966: Tournament #268638104, Bounty Hunters Special $10.80 Hold'em No Limit - Level15(600/1,200(180)) - 2026/03/09 19:39:42
Table '27' 8-max Seat #8 is the button
Seat 1: 34a15da1 (11,558 in chips)
Seat 2: 5c93c184 (18,368 in chips)
Seat 3: e3c35124 (49,386 in chips)
Seat 4: Hero (34,444 in chips)
Seat 5: c657ae06 (12,840 in chips)
Seat 6: 74004631 (35,762 in chips)
Seat 7: 83f0ceff (58,388 in chips)
Seat 8: 4eaceb76 (143,389 in chips)
e3c35124: posts the ante 180
34a15da1: posts the ante 180
Hero: posts the ante 180
4eaceb76: posts the ante 180
c657ae06: posts the ante 180
83f0ceff: posts the ante 180
74004631: posts the ante 180
5c93c184: posts the ante 180
34a15da1: posts small blind 600
5c93c184: posts big blind 1,200
*** HOLE CARDS ***
Dealt to 34a15da1 
Dealt to 5c93c184 
Dealt to e3c35124 
Dealt to Hero [Jd Ac]
Dealt to c657ae06 
Dealt to 74004631 
Dealt to 83f0ceff 
Dealt to 4eaceb76 
e3c35124: folds
Hero: raises 1,200 to 2,400
c657ae06: folds
74004631: folds
83f0ceff: folds
4eaceb76: folds
34a15da1: folds
5c93c184: folds
Uncalled bet (1,200) returned to Hero
*** SHOWDOWN ***
Hero collected 4,440 from pot
*** SUMMARY ***
Total pot 4,440 | Rake 0 | Jackpot 0 | Bingo 0 | Fortune 0 | Tax 0
Seat 1: 34a15da1 (small blind) folded before Flop
Seat 2: 5c93c184 (big blind) folded before Flop
Seat 3: e3c35124 folded before Flop
Seat 4: Hero collected (4,440)
Seat 5: c657ae06 folded before Flop
Seat 6: 74004631 folded before Flop
Seat 7: 83f0ceff folded before Flop
Seat 8: 4eaceb76 (button) folded before Flop


Poker Hand #TM5685921946: Tournament #268638104, Bounty Hunters Special $10.80 Hold'em No Limit - Level15(600/1,200(180)) - 2026/03/09 19:38:48
Table '27' 8-max Seat #7 is the button
Seat 1: 34a15da1 (12,938 in chips)
Seat 2: 5c93c184 (18,548 in chips)
Seat 3: e3c35124 (46,326 in chips)
Seat 4: Hero (34,624 in chips)
Seat 5: c657ae06 (13,020 in chips)
Seat 6: 74004631 (35,942 in chips)
Seat 7: 83f0ceff (58,568 in chips)
Seat 8: 4eaceb76 (144,169 in chips)
4eaceb76: posts the ante 180
e3c35124: posts the ante 180
34a15da1: posts the ante 180
Hero: posts the ante 180
c657ae06: posts the ante 180
83f0ceff: posts the ante 180
74004631: posts the ante 180
5c93c184: posts the ante 180
4eaceb76: posts small blind 600
34a15da1: posts big blind 1,200
*** HOLE CARDS ***
Dealt to 34a15da1 
Dealt to 5c93c184 
Dealt to e3c35124 
Dealt to Hero [7h 5c]
Dealt to c657ae06 
Dealt to 74004631 
Dealt to 83f0ceff 
Dealt to 4eaceb76 
5c93c184: folds
e3c35124: raises 1,200 to 2,400
Hero: folds
c657ae06: folds
74004631: folds
83f0ceff: folds
4eaceb76: folds
34a15da1: folds
Uncalled bet (1,200) returned to e3c35124
*** SHOWDOWN ***
e3c35124 collected 4,440 from pot
*** SUMMARY ***
Total pot 4,440 | Rake 0 | Jackpot 0 | Bingo 0 | Fortune 0 | Tax 0
Seat 1: 34a15da1 (big blind) folded before Flop
Seat 2: 5c93c184 folded before Flop
Seat 3: e3c35124 collected (4,440)
Seat 4: Hero folded before Flop
Seat 5: c657ae06 folded before Flop
Seat 6: 74004631 folded before Flop
Seat 7: 83f0ceff (button) folded before Flop
Seat 8: 4eaceb76 (small blind) folded before Flop


Poker Hand #TM5685921925: Tournament #268638104, Bounty Hunters Special $10.80 Hold'em No Limit - Level15(600/1,200(180)) - 2026/03/09 19:37:51
Table '27' 8-max Seat #6 is the button
Seat 1: 34a15da1 (13,118 in chips)
Seat 2: 5c93c184 (18,728 in chips)
Seat 3: e3c35124 (46,506 in chips)
Seat 4: Hero (34,804 in chips)
Seat 5: c657ae06 (14,400 in chips)
Seat 6: 74004631 (31,682 in chips)
Seat 7: 83f0ceff (59,348 in chips)
Seat 8: 4eaceb76 (145,549 in chips)
e3c35124: posts the ante 180
34a15da1: posts the ante 180
Hero: posts the ante 180
c657ae06: posts the ante 180
4eaceb76: posts the ante 180
83f0ceff: posts the ante 180
74004631: posts the ante 180
5c93c184: posts the ante 180
83f0ceff: posts small blind 600
4eaceb76: posts big blind 1,200
*** HOLE CARDS ***
Dealt to 34a15da1 
Dealt to 5c93c184 
Dealt to e3c35124 
Dealt to Hero [5c 3c]
Dealt to c657ae06 
Dealt to 74004631 
Dealt to 83f0ceff 
Dealt to 4eaceb76 
34a15da1: folds
5c93c184: folds
e3c35124: folds
Hero: folds
c657ae06: calls 1,200
74004631: raises 30,302 to 31,502 and is all-in
83f0ceff: folds
4eaceb76: folds
c657ae06: folds
Uncalled bet (30,302) returned to 74004631
*** SHOWDOWN ***
74004631 collected 5,640 from pot
*** SUMMARY ***
Total pot 5,640 | Rake 0 | Jackpot 0 | Bingo 0 | Fortune 0 | Tax 0
Seat 1: 34a15da1 folded before Flop
Seat 2: 5c93c184 folded before Flop
Seat 3: e3c35124 folded before Flop
Seat 4: Hero folded before Flop
Seat 5: c657ae06 folded before Flop
Seat 6: 74004631 (button) collected (5,640)
Seat 7: 83f0ceff (small blind) folded before Flop
Seat 8: 4eaceb76 (big blind) folded before Flop


Poker Hand #TM5685921912: Tournament #268638104, Bounty Hunters Special $10.80 Hold'em No Limit - Level15(600/1,200(180)) - 2026/03/09 19:37:15
Table '27' 8-max Seat #4 is the button
Seat 1: 34a15da1 (13,298 in chips)
Seat 2: 5c93c184 (18,908 in chips)
Seat 3: e3c35124 (49,086 in chips)
Seat 4: Hero (34,984 in chips)
Seat 6: 74004631 (32,462 in chips)
Seat 7: 83f0ceff (55,268 in chips)
Seat 8: 4eaceb76 (145,729 in chips)
e3c35124: posts the ante 180
34a15da1: posts the ante 180
Hero: posts the ante 180
4eaceb76: posts the ante 180
83f0ceff: posts the ante 180
74004631: posts the ante 180
5c93c184: posts the ante 180
74004631: posts small blind 600
83f0ceff: posts big blind 1,200
*** HOLE CARDS ***
Dealt to 34a15da1 
Dealt to 5c93c184 
Dealt to e3c35124 
Dealt to Hero [9h Kd]
Dealt to 74004631 
Dealt to 83f0ceff 
Dealt to 4eaceb76 
4eaceb76: folds
34a15da1: folds
5c93c184: folds
e3c35124: raises 1,200 to 2,400
Hero: folds
74004631: folds
83f0ceff: raises 4,995 to 7,395
e3c35124: folds
Uncalled bet (4,995) returned to 83f0ceff
*** SHOWDOWN ***
83f0ceff collected 6,660 from pot
*** SUMMARY ***
Total pot 6,660 | Rake 0 | Jackpot 0 | Bingo 0 | Fortune 0 | Tax 0
Seat 1: 34a15da1 folded before Flop
Seat 2: 5c93c184 folded before Flop
Seat 3: e3c35124 folded before Flop
Seat 4: Hero (button) folded before Flop
Seat 6: 74004631 (small blind) folded before Flop
Seat 7: 83f0ceff (big blind) collected (6,660)
Seat 8: 4eaceb76 folded before Flop


Poker Hand #TM5685921881: Tournament #268638104, Bounty Hunters Special $10.80 Hold'em No Limit - Level14(500/1,000(150)) - 2026/03/09 19:35:40
Table '27' 8-max Seat #3 is the button
Seat 1: 34a15da1 (13,448 in chips)
Seat 2: 5c93c184 (21,058 in chips)
Seat 3: e3c35124 (35,436 in chips)
Seat 4: Hero (35,634 in chips)
Seat 5: 9760cd99 (10,250 in chips)
Seat 6: 74004631 (32,612 in chips)
Seat 7: 83f0ceff (55,418 in chips)
Seat 8: 4eaceb76 (145,879 in chips)
e3c35124: posts the ante 150
34a15da1: posts the ante 150
Hero: posts the ante 150
4eaceb76: posts the ante 150
83f0ceff: posts the ante 150
74004631: posts the ante 150
5c93c184: posts the ante 150
9760cd99: posts the ante 150
Hero: posts small blind 500
9760cd99: posts big blind 1,000
*** HOLE CARDS ***
Dealt to 34a15da1 
Dealt to 5c93c184 
Dealt to e3c35124 
Dealt to Hero [Tc 2d]
Dealt to 9760cd99 
Dealt to 74004631 
Dealt to 83f0ceff 
Dealt to 4eaceb76 
74004631: folds
83f0ceff: folds
4eaceb76: folds
34a15da1: folds
5c93c184: raises 1,000 to 2,000
e3c35124: calls 2,000
Hero: folds
9760cd99: calls 1,000
*** FLOP *** [6h Ks Qd]
9760cd99: checks
5c93c184: checks
e3c35124: checks
*** TURN *** [6h Ks Qd] [6c]
9760cd99: bets 8,100 and is all-in
5c93c184: folds
e3c35124: calls 8,100
9760cd99: shows [7s Qc] (two pair, Queens and Sixes)
e3c35124: shows [5s 6s] (three of a kind, Sixes)
*** RIVER *** [6h Ks Qd 6c] [Kc]
*** SHOWDOWN ***
e3c35124 collected 23,900 from pot
*** SUMMARY ***
Total pot 23,900 | Rake 0 | Jackpot 0 | Bingo 0 | Fortune 0 | Tax 0
Board [6h Ks Qd 6c Kc]
Seat 1: 34a15da1 folded before Flop
Seat 2: 5c93c184 folded on the Turn
Seat 3: e3c35124 (button) showed [5s 6s] and won (23,900) with a full house, Sixes full of Kings
Seat 4: Hero (small blind) folded before Flop
Seat 5: 9760cd99 (big blind) showed [7s Qc] and lost with two pair, Kings and Queens
Seat 6: 74004631 folded before Flop
Seat 7: 83f0ceff folded before Flop
Seat 8: 4eaceb76 folded before Flop


Poker Hand #TM5685921858: Tournament #268638104, Bounty Hunters Special $10.80 Hold'em No Limit - Level14(500/1,000(150)) - 2026/03/09 19:34:31
Table '27' 8-max Seat #2 is the button
Seat 1: 34a15da1 (22,210 in chips)
Seat 2: 5c93c184 (21,208 in chips)
Seat 3: e3c35124 (36,086 in chips)
Seat 4: Hero (25,472 in chips)
Seat 5: 9760cd99 (10,400 in chips)
Seat 6: 74004631 (32,762 in chips)
Seat 7: 83f0ceff (55,568 in chips)
Seat 8: 4eaceb76 (146,029 in chips)
e3c35124: posts the ante 150
34a15da1: posts the ante 150
Hero: posts the ante 150
4eaceb76: posts the ante 150
83f0ceff: posts the ante 150
74004631: posts the ante 150
5c93c184: posts the ante 150
9760cd99: posts the ante 150
e3c35124: posts small blind 500
Hero: posts big blind 1,000
*** HOLE CARDS ***
Dealt to 34a15da1 
Dealt to 5c93c184 
Dealt to e3c35124 
Dealt to Hero [3s 2s]
Dealt to 9760cd99 
Dealt to 74004631 
Dealt to 83f0ceff 
Dealt to 4eaceb76 
9760cd99: folds
74004631: folds
83f0ceff: folds
4eaceb76: folds
34a15da1: raises 1,000 to 2,000
5c93c184: folds
e3c35124: folds
Hero: calls 1,000
*** FLOP *** [6c 6s 8s]
Hero: checks
34a15da1: checks
*** TURN *** [6c 6s 8s] [Js]
Hero: bets 2,850
34a15da1: calls 2,850
*** RIVER *** [6c 6s 8s Js] [9c]
Hero: bets 3,762
34a15da1: calls 3,762
Hero: shows [3s 2s] (a flush Jack high)
34a15da1: shows [Kd Jd] (two pair, Jacks and Sixes)
*** SHOWDOWN ***
Hero collected 18,924 from pot
*** SUMMARY ***
Total pot 18,924 | Rake 0 | Jackpot 0 | Bingo 0 | Fortune 0 | Tax 0
Board [6c 6s 8s Js 9c]
Seat 1: 34a15da1 showed [Kd Jd] and lost with two pair, Jacks and Sixes
Seat 2: 5c93c184 (button) folded before Flop
Seat 3: e3c35124 (small blind) folded before Flop
Seat 4: Hero (big blind) showed [3s 2s] and won (18,924) with a flush Jack high
Seat 5: 9760cd99 folded before Flop
Seat 6: 74004631 folded before Flop
Seat 7: 83f0ceff folded before Flop
Seat 8: 4eaceb76 folded before Flop


Poker Hand #TM5685921806: Tournament #268638104, Bounty Hunters Special $10.80 Hold'em No Limit - Level14(500/1,000(150)) - 2026/03/09 19:31:51
Table '27' 8-max Seat #1 is the button
Seat 1: 34a15da1 (24,360 in chips)
Seat 2: 5c93c184 (21,858 in chips)
Seat 3: e3c35124 (56,236 in chips)
Seat 4: Hero (27,622 in chips)
Seat 5: 9760cd99 (12,550 in chips)
Seat 6: 74004631 (32,912 in chips)
Seat 7: 83f0ceff (55,718 in chips)
Seat 8: 4eaceb76 (118,479 in chips)
e3c35124: posts the ante 150
34a15da1: posts the ante 150
Hero: posts the ante 150
4eaceb76: posts the ante 150
83f0ceff: posts the ante 150
74004631: posts the ante 150
5c93c184: posts the ante 150
9760cd99: posts the ante 150
5c93c184: posts small blind 500
e3c35124: posts big blind 1,000
*** HOLE CARDS ***
Dealt to 34a15da1 
Dealt to 5c93c184 
Dealt to e3c35124 
Dealt to Hero [Ks Jd]
Dealt to 9760cd99 
Dealt to 74004631 
Dealt to 83f0ceff 
Dealt to 4eaceb76 
Hero: raises 1,000 to 2,000
9760cd99: calls 2,000
74004631: folds
83f0ceff: folds
4eaceb76: calls 2,000
34a15da1: calls 2,000
5c93c184: folds
e3c35124: calls 1,000
*** FLOP *** [6d 2h Tc]
e3c35124: checks
Hero: checks
9760cd99: checks
4eaceb76: bets 3,000
34a15da1: folds
e3c35124: calls 3,000
Hero: folds
9760cd99: folds
*** TURN *** [6d 2h Tc] [Qd]
e3c35124: checks
4eaceb76: bets 15,000
e3c35124: calls 15,000
*** RIVER *** [6d 2h Tc Qd] [4d]
e3c35124: checks
4eaceb76: bets 98,329 and is all-in
e3c35124: folds
Uncalled bet (98,329) returned to 4eaceb76
*** SHOWDOWN ***
4eaceb76 collected 47,700 from pot
*** SUMMARY ***
Total pot 47,700 | Rake 0 | Jackpot 0 | Bingo 0 | Fortune 0 | Tax 0
Board [6d 2h Tc Qd 4d]
Seat 1: 34a15da1 (button) folded on the Flop
Seat 2: 5c93c184 (small blind) folded before Flop
Seat 3: e3c35124 (big blind) folded on the River
Seat 4: Hero folded on the Flop
Seat 5: 9760cd99 folded on the Flop
Seat 6: 74004631 folded before Flop
Seat 7: 83f0ceff folded before Flop
Seat 8: 4eaceb76 showed [2d] and won (47,700)


Poker Hand #TM5685921791: Tournament #268638104, Bounty Hunters Special $10.80 Hold'em No Limit - Level14(500/1,000(150)) - 2026/03/09 19:31:08
Table '27' 8-max Seat #8 is the button
Seat 1: 34a15da1 (25,010 in chips)
Seat 2: 5c93c184 (23,008 in chips)
Seat 3: e3c35124 (56,386 in chips)
Seat 4: Hero (27,772 in chips)
Seat 5: 9760cd99 (10,000 in chips)
Seat 6: 74004631 (33,062 in chips)
Seat 7: 83f0ceff (55,868 in chips)
Seat 8: 4eaceb76 (118,629 in chips)
e3c35124: posts the ante 150
34a15da1: posts the ante 150
Hero: posts the ante 150
4eaceb76: posts the ante 150
83f0ceff: posts the ante 150
74004631: posts the ante 150
5c93c184: posts the ante 150
9760cd99: posts the ante 150
34a15da1: posts small blind 500
5c93c184: posts big blind 1,000
*** HOLE CARDS ***
Dealt to 34a15da1 
Dealt to 5c93c184 
Dealt to e3c35124 
Dealt to Hero [4s Ts]
Dealt to 9760cd99 
Dealt to 74004631 
Dealt to 83f0ceff 
Dealt to 4eaceb76 
e3c35124: folds
Hero: folds
9760cd99: raises 1,000 to 2,000
74004631: folds
83f0ceff: folds
4eaceb76: folds
34a15da1: folds
5c93c184: folds
Uncalled bet (1,000) returned to 9760cd99
*** SHOWDOWN ***
9760cd99 collected 3,700 from pot
*** SUMMARY ***
Total pot 3,700 | Rake 0 | Jackpot 0 | Bingo 0 | Fortune 0 | Tax 0
Seat 1: 34a15da1 (small blind) folded before Flop
Seat 2: 5c93c184 (big blind) folded before Flop
Seat 3: e3c35124 folded before Flop
Seat 4: Hero folded before Flop
Seat 5: 9760cd99 collected (3,700)
Seat 6: 74004631 folded before Flop
Seat 7: 83f0ceff folded before Flop
Seat 8: 4eaceb76 (button) folded before Flop


Poker Hand #TM5685921771: Tournament #268638104, Bounty Hunters Special $10.80 Hold'em No Limit - Level14(500/1,000(150)) - 2026/03/09 19:30:12
Table '27' 8-max Seat #7 is the button
Seat 1: 34a15da1 (27,160 in chips)
Seat 2: 5c93c184 (23,158 in chips)
Seat 3: e3c35124 (56,536 in chips)
Seat 4: Hero (27,922 in chips)
Seat 6: 74004631 (33,212 in chips)
Seat 7: 83f0ceff (58,018 in chips)
Seat 8: 4eaceb76 (113,729 in chips)
e3c35124: posts the ante 150
34a15da1: posts the ante 150
Hero: posts the ante 150
4eaceb76: posts the ante 150
83f0ceff: posts the ante 150
74004631: posts the ante 150
5c93c184: posts the ante 150
4eaceb76: posts small blind 500
34a15da1: posts big blind 1,000
*** HOLE CARDS ***
Dealt to 34a15da1 
Dealt to 5c93c184 
Dealt to e3c35124 
Dealt to Hero [4c 5c]
Dealt to 74004631 
Dealt to 83f0ceff 
Dealt to 4eaceb76 
5c93c184: folds
e3c35124: folds
Hero: folds
74004631: folds
83f0ceff: raises 1,000 to 2,000
4eaceb76: calls 1,500
34a15da1: calls 1,000
*** FLOP *** [8c 4d 4s]
4eaceb76: checks
34a15da1: checks
83f0ceff: checks
*** TURN *** [8c 4d 4s] [7s]
4eaceb76: bets 5,000
34a15da1: folds
83f0ceff: folds
Uncalled bet (5,000) returned to 4eaceb76
*** SHOWDOWN ***
4eaceb76 collected 7,050 from pot
*** SUMMARY ***
Total pot 7,050 | Rake 0 | Jackpot 0 | Bingo 0 | Fortune 0 | Tax 0
Board [8c 4d 4s 7s]
Seat 1: 34a15da1 (big blind) folded on the Turn
Seat 2: 5c93c184 folded before Flop
Seat 3: e3c35124 folded before Flop
Seat 4: Hero folded before Flop
Seat 6: 74004631 folded before Flop
Seat 7: 83f0ceff (button) folded on the Turn
Seat 8: 4eaceb76 (small blind) won (7,050)


Poker Hand #TM5685921751: Tournament #268638104, Bounty Hunters Special $10.80 Hold'em No Limit - Level14(500/1,000(150)) - 2026/03/09 19:29:05
Table '27' 8-max Seat #6 is the button
Seat 1: 34a15da1 (27,310 in chips)
Seat 2: 5c93c184 (23,308 in chips)
Seat 3: e3c35124 (56,686 in chips)
Seat 4: Hero (28,072 in chips)
Seat 5: cf293ba7 (15,030 in chips)
Seat 6: 74004631 (33,362 in chips)
Seat 7: 83f0ceff (41,088 in chips)
Seat 8: 4eaceb76 (114,879 in chips)
e3c35124: posts the ante 150
34a15da1: posts the ante 150
Hero: posts the ante 150
4eaceb76: posts the ante 150
83f0ceff: posts the ante 150
cf293ba7: posts the ante 150
74004631: posts the ante 150
5c93c184: posts the ante 150
83f0ceff: posts small blind 500
4eaceb76: posts big blind 1,000
*** HOLE CARDS ***
Dealt to 34a15da1 
Dealt to 5c93c184 
Dealt to e3c35124 
Dealt to Hero [2s Qc]
Dealt to cf293ba7 
Dealt to 74004631 
Dealt to 83f0ceff 
Dealt to 4eaceb76 
34a15da1: folds
5c93c184: folds
e3c35124: folds
Hero: folds
cf293ba7: raises 1,000 to 2,000
74004631: folds
83f0ceff: raises 4,650 to 6,650
4eaceb76: folds
cf293ba7: raises 4,650 to 11,300
83f0ceff: raises 12,400 to 23,700
cf293ba7: calls 3,580 and is all-in
Uncalled bet (8,820) returned to 83f0ceff
83f0ceff: shows [Ah Ad]
cf293ba7: shows [Kh Kc]
*** FLOP *** [6s Jd 9s]
*** TURN *** [6s Jd 9s] [9d]
*** RIVER *** [6s Jd 9s 9d] [Qs]
*** SHOWDOWN ***
83f0ceff collected 31,960 from pot
*** SUMMARY ***
Total pot 31,960 | Rake 0 | Jackpot 0 | Bingo 0 | Fortune 0 | Tax 0
Board [6s Jd 9s 9d Qs]
Seat 1: 34a15da1 folded before Flop
Seat 2: 5c93c184 folded before Flop
Seat 3: e3c35124 folded before Flop
Seat 4: Hero folded before Flop
Seat 5: cf293ba7 showed [Kh Kc] and lost with two pair, Kings and Nines
Seat 6: 74004631 (button) folded before Flop
Seat 7: 83f0ceff (small blind) showed [Ah Ad] and won (31,960) with two pair, Aces and Nines
Seat 8: 4eaceb76 (big blind) folded before Flop


Poker Hand #TM5685921733: Tournament #268638104, Bounty Hunters Special $10.80 Hold'em No Limit - Level14(500/1,000(150)) - 2026/03/09 19:28:06
Table '27' 8-max Seat #5 is the button
Seat 1: 34a15da1 (27,460 in chips)
Seat 2: 5c93c184 (25,458 in chips)
Seat 3: e3c35124 (56,836 in chips)
Seat 4: Hero (23,522 in chips)
Seat 5: cf293ba7 (15,180 in chips)
Seat 6: 74004631 (34,012 in chips)
Seat 7: 83f0ceff (42,238 in chips)
Seat 8: 4eaceb76 (115,029 in chips)
e3c35124: posts the ante 150
34a15da1: posts the ante 150
Hero: posts the ante 150
4eaceb76: posts the ante 150
83f0ceff: posts the ante 150
cf293ba7: posts the ante 150
74004631: posts the ante 150
5c93c184: posts the ante 150
74004631: posts small blind 500
83f0ceff: posts big blind 1,000
*** HOLE CARDS ***
Dealt to 34a15da1 
Dealt to 5c93c184 
Dealt to e3c35124 
Dealt to Hero [Ks Ad]
Dealt to cf293ba7 
Dealt to 74004631 
Dealt to 83f0ceff 
Dealt to 4eaceb76 
4eaceb76: folds
34a15da1: folds
5c93c184: raises 1,000 to 2,000
e3c35124: folds
Hero: raises 21,372 to 23,372 and is all-in
cf293ba7: folds
74004631: folds
83f0ceff: folds
5c93c184: folds
Uncalled bet (21,372) returned to Hero
*** SHOWDOWN ***
Hero collected 6,700 from pot
*** SUMMARY ***
Total pot 6,700 | Rake 0 | Jackpot 0 | Bingo 0 | Fortune 0 | Tax 0
Seat 1: 34a15da1 folded before Flop
Seat 2: 5c93c184 folded before Flop
Seat 3: e3c35124 folded before Flop
Seat 4: Hero collected (6,700)
Seat 5: cf293ba7 (button) folded before Flop
Seat 6: 74004631 (small blind) folded before Flop
Seat 7: 83f0ceff (big blind) folded before Flop
Seat 8: 4eaceb76 folded before Flop


Poker Hand #TM5684948912: Tournament #268638104, Bounty Hunters Special $10.80 Hold'em No Limit - Level13(400/800(120)) - 2026/03/09 19:25:53
Table '101' 8-max Seat #7 is the button
Seat 1: b79d146d (15,650 in chips)
Seat 2: 3ef7a921 (20,212 in chips)
Seat 4: 6017b927 (24,030 in chips)
Seat 5: 87af9420 (4,850 in chips)
Seat 6: Hero (23,642 in chips)
Seat 7: 85325de0 (21,456 in chips)
Seat 8: 90bc5442 (4,066 in chips)
85325de0: posts the ante 120
Hero: posts the ante 120
87af9420: posts the ante 120
90bc5442: posts the ante 120
3ef7a921: posts the ante 120
b79d146d: posts the ante 120
6017b927: posts the ante 120
90bc5442: posts small blind 400
b79d146d: posts big blind 800
*** HOLE CARDS ***
Dealt to b79d146d 
Dealt to 3ef7a921 
Dealt to 6017b927 
Dealt to 87af9420 
Dealt to Hero [5h 4s]
Dealt to 85325de0 
Dealt to 90bc5442 
3ef7a921: folds
6017b927: raises 1,200 to 2,000
87af9420: folds
Hero: folds
85325de0: folds
90bc5442: raises 1,946 to 3,946 and is all-in
b79d146d: folds
6017b927: calls 1,946
90bc5442: shows [As 9h]
6017b927: shows [Qh Ah]
*** FLOP *** [Th 7d 8h]
*** TURN *** [Th 7d 8h] [Ts]
*** RIVER *** [Th 7d 8h Ts] [3d]
*** SHOWDOWN ***
6017b927 collected 9,532 from pot
*** SUMMARY ***
Total pot 9,532 | Rake 0 | Jackpot 0 | Bingo 0 | Fortune 0 | Tax 0
Board [Th 7d 8h Ts 3d]
Seat 1: b79d146d (big blind) folded before Flop
Seat 2: 3ef7a921 folded before Flop
Seat 4: 6017b927 showed [Qh Ah] and won (9,532) with a pair of Tens
Seat 5: 87af9420 folded before Flop
Seat 6: Hero folded before Flop
Seat 7: 85325de0 (button) folded before Flop
Seat 8: 90bc5442 (small blind) showed [As 9h] and lost with a pair of Tens


Poker Hand #TM5684948904: Tournament #268638104, Bounty Hunters Special $10.80 Hold'em No Limit - Level13(400/800(120)) - 2026/03/09 19:25:29
Table '101' 8-max Seat #6 is the button
Seat 1: b79d146d (15,770 in chips)
Seat 2: 3ef7a921 (18,292 in chips)
Seat 4: 6017b927 (24,150 in chips)
Seat 5: 87af9420 (4,970 in chips)
Seat 6: Hero (23,762 in chips)
Seat 7: 85325de0 (21,976 in chips)
Seat 8: 90bc5442 (4,986 in chips)
85325de0: posts the ante 120
Hero: posts the ante 120
87af9420: posts the ante 120
90bc5442: posts the ante 120
3ef7a921: posts the ante 120
b79d146d: posts the ante 120
6017b927: posts the ante 120
85325de0: posts small blind 400
90bc5442: posts big blind 800
*** HOLE CARDS ***
Dealt to b79d146d 
Dealt to 3ef7a921 
Dealt to 6017b927 
Dealt to 87af9420 
Dealt to Hero [Qd Th]
Dealt to 85325de0 
Dealt to 90bc5442 
b79d146d: folds
3ef7a921: raises 800 to 1,600
6017b927: folds
87af9420: folds
Hero: folds
85325de0: folds
90bc5442: folds
Uncalled bet (800) returned to 3ef7a921
*** SHOWDOWN ***
3ef7a921 collected 2,840 from pot
*** SUMMARY ***
Total pot 2,840 | Rake 0 | Jackpot 0 | Bingo 0 | Fortune 0 | Tax 0
Seat 1: b79d146d folded before Flop
Seat 2: 3ef7a921 collected (2,840)
Seat 4: 6017b927 folded before Flop
Seat 5: 87af9420 folded before Flop
Seat 6: Hero (button) folded before Flop
Seat 7: 85325de0 (small blind) folded before Flop
Seat 8: 90bc5442 (big blind) folded before Flop


Poker Hand #TM5684948853: Tournament #268638104, Bounty Hunters Special $10.80 Hold'em No Limit - Level13(400/800(120)) - 2026/03/09 19:22:51
Table '101' 8-max Seat #5 is the button
Seat 1: b79d146d (17,490 in chips)
Seat 2: 3ef7a921 (9,880 in chips)
Seat 3: f217308 (4,892 in chips)
Seat 4: 6017b927 (24,270 in chips)
Seat 5: 87af9420 (5,090 in chips)
Seat 6: Hero (24,282 in chips)
Seat 7: 85325de0 (22,896 in chips)
Seat 8: 90bc5442 (5,106 in chips)
85325de0: posts the ante 120
Hero: posts the ante 120
87af9420: posts the ante 120
90bc5442: posts the ante 120
3ef7a921: posts the ante 120
b79d146d: posts the ante 120
6017b927: posts the ante 120
f217308: posts the ante 120
Hero: posts small blind 400
85325de0: posts big blind 800
*** HOLE CARDS ***
Dealt to b79d146d 
Dealt to 3ef7a921 
Dealt to f217308 
Dealt to 6017b927 
Dealt to 87af9420 
Dealt to Hero [2s 6c]
Dealt to 85325de0 
Dealt to 90bc5442 
90bc5442: folds
b79d146d: raises 800 to 1,600
3ef7a921: calls 1,600
f217308: raises 3,172 to 4,772 and is all-in
6017b927: folds
87af9420: folds
Hero: folds
85325de0: folds
b79d146d: folds
3ef7a921: calls 3,172
f217308: shows [5c Kc]
3ef7a921: shows [Td Qd]
*** FLOP *** [6d Ad 4s]
*** TURN *** [6d Ad 4s] [4h]
*** RIVER *** [6d Ad 4s 4h] [8d]
*** SHOWDOWN ***
3ef7a921 collected 13,304 from pot
*** SUMMARY ***
Total pot 13,304 | Rake 0 | Jackpot 0 | Bingo 0 | Fortune 0 | Tax 0
Board [6d Ad 4s 4h 8d]
Seat 1: b79d146d folded before Flop
Seat 2: 3ef7a921 showed [Td Qd] and won (13,304) with a flush Ace high
Seat 3: f217308 showed [5c Kc] and lost with a pair of Fours
Seat 4: 6017b927 folded before Flop
Seat 5: 87af9420 (button) folded before Flop
Seat 6: Hero (small blind) folded before Flop
Seat 7: 85325de0 (big blind) folded before Flop
Seat 8: 90bc5442 folded before Flop


Poker Hand #TM5684948834: Tournament #268638104, Bounty Hunters Special $10.80 Hold'em No Limit - Level13(400/800(120)) - 2026/03/09 19:22:01
Table '101' 8-max Seat #4 is the button
Seat 1: b79d146d (17,610 in chips)
Seat 2: 3ef7a921 (10,000 in chips)
Seat 3: f217308 (5,012 in chips)
Seat 4: 6017b927 (24,390 in chips)
Seat 5: 87af9420 (5,610 in chips)
Seat 6: Hero (23,042 in chips)
Seat 7: 85325de0 (23,016 in chips)
Seat 8: 90bc5442 (5,226 in chips)
85325de0: posts the ante 120
Hero: posts the ante 120
87af9420: posts the ante 120
90bc5442: posts the ante 120
3ef7a921: posts the ante 120
b79d146d: posts the ante 120
6017b927: posts the ante 120
f217308: posts the ante 120
87af9420: posts small blind 400
Hero: posts big blind 800
*** HOLE CARDS ***
Dealt to b79d146d 
Dealt to 3ef7a921 
Dealt to f217308 
Dealt to 6017b927 
Dealt to 87af9420 
Dealt to Hero [As 9c]
Dealt to 85325de0 
Dealt to 90bc5442 
85325de0: folds
90bc5442: folds
b79d146d: folds
3ef7a921: folds
f217308: folds
6017b927: folds
87af9420: folds
Uncalled bet (400) returned to Hero
*** SHOWDOWN ***
Hero collected 1,760 from pot
*** SUMMARY ***
Total pot 1,760 | Rake 0 | Jackpot 0 | Bingo 0 | Fortune 0 | Tax 0
Seat 1: b79d146d folded before Flop
Seat 2: 3ef7a921 folded before Flop
Seat 3: f217308 folded before Flop
Seat 4: 6017b927 (button) folded before Flop
Seat 5: 87af9420 (small blind) folded before Flop
Seat 6: Hero (big blind) collected (1,760)
Seat 7: 85325de0 folded before Flop
Seat 8: 90bc5442 folded before Flop


Poker Hand #TM5684948815: Tournament #268638104, Bounty Hunters Special $10.80 Hold'em No Limit - Level13(400/800(120)) - 2026/03/09 19:21:14
Table '101' 8-max Seat #3 is the button
Seat 1: b79d146d (17,730 in chips)
Seat 3: f217308 (3,092 in chips)
Seat 4: 6017b927 (24,910 in chips)
Seat 5: 87af9420 (6,530 in chips)
Seat 6: Hero (23,162 in chips)
Seat 7: 85325de0 (23,136 in chips)
Seat 8: 90bc5442 (5,346 in chips)
85325de0: posts the ante 120
Hero: posts the ante 120
87af9420: posts the ante 120
90bc5442: posts the ante 120
b79d146d: posts the ante 120
f217308: posts the ante 120
6017b927: posts the ante 120
6017b927: posts small blind 400
87af9420: posts big blind 800
*** HOLE CARDS ***
Dealt to b79d146d 
Dealt to f217308 
Dealt to 6017b927 
Dealt to 87af9420 
Dealt to Hero [6c Qd]
Dealt to 85325de0 
Dealt to 90bc5442 
Hero: folds
85325de0: folds
90bc5442: folds
b79d146d: folds
f217308: raises 2,172 to 2,972 and is all-in
6017b927: folds
87af9420: folds
Uncalled bet (2,172) returned to f217308
*** SHOWDOWN ***
f217308 collected 2,840 from pot
*** SUMMARY ***
Total pot 2,840 | Rake 0 | Jackpot 0 | Bingo 0 | Fortune 0 | Tax 0
Seat 1: b79d146d folded before Flop
Seat 3: f217308 (button) collected (2,840)
Seat 4: 6017b927 (small blind) folded before Flop
Seat 5: 87af9420 (big blind) folded before Flop
Seat 6: Hero folded before Flop
Seat 7: 85325de0 folded before Flop
Seat 8: 90bc5442 folded before Flop


Poker Hand #TM5684948781: Tournament #268638104, Bounty Hunters Special $10.80 Hold'em No Limit - Level12(350/700(100)) - 2026/03/09 19:19:53
Table '101' 8-max Seat #1 is the button
Seat 1: b79d146d (17,830 in chips)
Seat 3: f217308 (8,900 in chips)
Seat 4: 6017b927 (25,710 in chips)
Seat 5: 87af9420 (6,630 in chips)
Seat 6: Hero (7,354 in chips)
Seat 7: 85325de0 (23,236 in chips)
Seat 8: 90bc5442 (14,246 in chips)
85325de0: posts the ante 100
Hero: posts the ante 100
87af9420: posts the ante 100
90bc5442: posts the ante 100
b79d146d: posts the ante 100
6017b927: posts the ante 100
f217308: posts the ante 100
f217308: posts small blind 350
6017b927: posts big blind 700
*** HOLE CARDS ***
Dealt to b79d146d 
Dealt to f217308 
Dealt to 6017b927 
Dealt to 87af9420 
Dealt to Hero [Ac 8d]
Dealt to 85325de0 
Dealt to 90bc5442 
87af9420: folds
Hero: raises 6,554 to 7,254 and is all-in
85325de0: folds
90bc5442: raises 6,892 to 14,146 and is all-in
b79d146d: folds
f217308: calls 8,450 and is all-in
6017b927: folds
Uncalled bet (5,346) returned to 90bc5442
90bc5442: shows [Jd Kc]
f217308: shows [8c Qd]
Hero: shows [Ac 8d]
*** FLOP *** [Ah 6h 8s]
*** TURN *** [Ah 6h 8s] [9c]
*** RIVER *** [Ah 6h 8s 9c] [5c]
*** SHOWDOWN ***
Hero collected 23,162 from pot
f217308 collected 3,092 from pot
*** SUMMARY ***
Total pot 26,254 | Rake 0 | Jackpot 0 | Bingo 0 | Fortune 0 | Tax 0
Board [Ah 6h 8s 9c 5c]
Seat 1: b79d146d (button) folded before Flop
Seat 3: f217308 (small blind) showed [8c Qd] and won (3,092) with a pair of Eights
Seat 4: 6017b927 (big blind) folded before Flop
Seat 5: 87af9420 folded before Flop
Seat 6: Hero showed [Ac 8d] and won (23,162) with two pair, Aces and Eights
Seat 7: 85325de0 folded before Flop
Seat 8: 90bc5442 showed [Jd Kc] and lost with Ace high


Poker Hand #TM5684948759: Tournament #268638104, Bounty Hunters Special $10.80 Hold'em No Limit - Level12(350/700(100)) - 2026/03/09 19:18:59
Table '101' 8-max Seat #8 is the button
Seat 1: b79d146d (18,280 in chips)
Seat 3: f217308 (9,700 in chips)
Seat 4: 6017b927 (25,810 in chips)
Seat 5: 87af9420 (6,730 in chips)
Seat 6: Hero (18,197 in chips)
Seat 7: 85325de0 (10,843 in chips)
Seat 8: 90bc5442 (14,346 in chips)
85325de0: posts the ante 100
Hero: posts the ante 100
87af9420: posts the ante 100
90bc5442: posts the ante 100
b79d146d: posts the ante 100
6017b927: posts the ante 100
f217308: posts the ante 100
b79d146d: posts small blind 350
f217308: posts big blind 700
*** HOLE CARDS ***
Dealt to b79d146d 
Dealt to f217308 
Dealt to 6017b927 
Dealt to 87af9420 
Dealt to Hero [Qc As]
Dealt to 85325de0 
Dealt to 90bc5442 
6017b927: folds
87af9420: folds
Hero: raises 17,397 to 18,097 and is all-in
85325de0: calls 10,743 and is all-in
90bc5442: folds
b79d146d: folds
f217308: folds
Uncalled bet (7,354) returned to Hero
Hero: shows [Qc As]
85325de0: shows [Kc Ac]
*** FLOP *** [6d Qd Th]
*** TURN *** [6d Qd Th] [7h]
*** RIVER *** [6d Qd Th 7h] [Kh]
*** SHOWDOWN ***
85325de0 collected 23,236 from pot
*** SUMMARY ***
Total pot 23,236 | Rake 0 | Jackpot 0 | Bingo 0 | Fortune 0 | Tax 0
Board [6d Qd Th 7h Kh]
Seat 1: b79d146d (small blind) folded before Flop
Seat 3: f217308 (big blind) folded before Flop
Seat 4: 6017b927 folded before Flop
Seat 5: 87af9420 folded before Flop
Seat 6: Hero showed [Qc As] and lost with a pair of Queens
Seat 7: 85325de0 showed [Kc Ac] and won (23,236) with a pair of Kings
Seat 8: 90bc5442 (button) folded before Flop


Poker Hand #TM5684948746: Tournament #268638104, Bounty Hunters Special $10.80 Hold'em No Limit - Level12(350/700(100)) - 2026/03/09 19:18:26
Table '101' 8-max Seat #7 is the button
Seat 1: b79d146d (17,230 in chips)
Seat 2: 86c7034e (13,470 in chips)
Seat 3: f217308 (9,800 in chips)
Seat 4: 6017b927 (25,910 in chips)
Seat 5: 87af9420 (6,830 in chips)
Seat 6: Hero (18,297 in chips)
Seat 7: 85325de0 (10,943 in chips)
Seat 8: 90bc5442 (14,796 in chips)
85325de0: posts the ante 100
Hero: posts the ante 100
86c7034e: posts the ante 100
87af9420: posts the ante 100
90bc5442: posts the ante 100
b79d146d: posts the ante 100
6017b927: posts the ante 100
f217308: posts the ante 100
90bc5442: posts small blind 350
b79d146d: posts big blind 700
*** HOLE CARDS ***
Dealt to b79d146d 
Dealt to 86c7034e 
Dealt to f217308 
Dealt to 6017b927 
Dealt to 87af9420 
Dealt to Hero [Th 6d]
Dealt to 85325de0 
Dealt to 90bc5442 
86c7034e: folds
f217308: folds
6017b927: folds
87af9420: folds
Hero: folds
85325de0: folds
90bc5442: folds
Uncalled bet (350) returned to b79d146d
*** SHOWDOWN ***
b79d146d collected 1,500 from pot
*** SUMMARY ***
Total pot 1,500 | Rake 0 | Jackpot 0 | Bingo 0 | Fortune 0 | Tax 0
Seat 1: b79d146d (big blind) collected (1,500)
Seat 2: 86c7034e folded before Flop
Seat 3: f217308 folded before Flop
Seat 4: 6017b927 folded before Flop
Seat 5: 87af9420 folded before Flop
Seat 6: Hero folded before Flop
Seat 7: 85325de0 (button) folded before Flop
Seat 8: 90bc5442 (small blind) folded before Flop


Poker Hand #TM5684948734: Tournament #268638104, Bounty Hunters Special $10.80 Hold'em No Limit - Level12(350/700(100)) - 2026/03/09 19:17:59
Table '101' 8-max Seat #6 is the button
Seat 1: b79d146d (15,480 in chips)
Seat 2: 86c7034e (13,570 in chips)
Seat 3: f217308 (9,900 in chips)
Seat 4: 6017b927 (26,010 in chips)
Seat 5: 87af9420 (6,930 in chips)
Seat 6: Hero (18,397 in chips)
Seat 7: 85325de0 (11,393 in chips)
Seat 8: 90bc5442 (15,596 in chips)
85325de0: posts the ante 100
Hero: posts the ante 100
86c7034e: posts the ante 100
87af9420: posts the ante 100
90bc5442: posts the ante 100
b79d146d: posts the ante 100
6017b927: posts the ante 100
f217308: posts the ante 100
85325de0: posts small blind 350
90bc5442: posts big blind 700
*** HOLE CARDS ***
Dealt to b79d146d 
Dealt to 86c7034e 
Dealt to f217308 
Dealt to 6017b927 
Dealt to 87af9420 
Dealt to Hero [8h 4d]
Dealt to 85325de0 
Dealt to 90bc5442 
b79d146d: raises 700 to 1,400
86c7034e: folds
f217308: folds
6017b927: folds
87af9420: folds
Hero: folds
85325de0: folds
90bc5442: folds
Uncalled bet (700) returned to b79d146d
*** SHOWDOWN ***
b79d146d collected 2,550 from pot
*** SUMMARY ***
Total pot 2,550 | Rake 0 | Jackpot 0 | Bingo 0 | Fortune 0 | Tax 0
Seat 1: b79d146d collected (2,550)
Seat 2: 86c7034e folded before Flop
Seat 3: f217308 folded before Flop
Seat 4: 6017b927 folded before Flop
Seat 5: 87af9420 folded before Flop
Seat 6: Hero (button) folded before Flop
Seat 7: 85325de0 (small blind) folded before Flop
Seat 8: 90bc5442 (big blind) folded before Flop


Poker Hand #TM5684948726: Tournament #268638104, Bounty Hunters Special $10.80 Hold'em No Limit - Level12(350/700(100)) - 2026/03/09 19:17:35
Table '101' 8-max Seat #5 is the button
Seat 1: b79d146d (15,580 in chips)
Seat 2: 86c7034e (13,670 in chips)
Seat 3: f217308 (10,000 in chips)
Seat 4: 6017b927 (26,110 in chips)
Seat 5: 87af9420 (7,030 in chips)
Seat 6: Hero (16,997 in chips)
Seat 7: 85325de0 (12,193 in chips)
Seat 8: 90bc5442 (15,696 in chips)
85325de0: posts the ante 100
86c7034e: posts the ante 100
Hero: posts the ante 100
87af9420: posts the ante 100
90bc5442: posts the ante 100
b79d146d: posts the ante 100
6017b927: posts the ante 100
f217308: posts the ante 100
Hero: posts small blind 350
85325de0: posts big blind 700
*** HOLE CARDS ***
Dealt to b79d146d 
Dealt to 86c7034e 
Dealt to f217308 
Dealt to 6017b927 
Dealt to 87af9420 
Dealt to Hero [Tc As]
Dealt to 85325de0 
Dealt to 90bc5442 
90bc5442: folds
b79d146d: folds
86c7034e: folds
f217308: folds
6017b927: folds
87af9420: folds
Hero: raises 16,197 to 16,897 and is all-in
85325de0: folds
Uncalled bet (16,197) returned to Hero
*** SHOWDOWN ***
Hero collected 2,200 from pot
*** SUMMARY ***
Total pot 2,200 | Rake 0 | Jackpot 0 | Bingo 0 | Fortune 0 | Tax 0
Seat 1: b79d146d folded before Flop
Seat 2: 86c7034e folded before Flop
Seat 3: f217308 folded before Flop
Seat 4: 6017b927 folded before Flop
Seat 5: 87af9420 (button) folded before Flop
Seat 6: Hero (small blind) collected (2,200)
Seat 7: 85325de0 (big blind) folded before Flop
Seat 8: 90bc5442 folded before Flop


Poker Hand #TM5684948714: Tournament #268638104, Bounty Hunters Special $10.80 Hold'em No Limit - Level12(350/700(100)) - 2026/03/09 19:17:08
Table '101' 8-max Seat #4 is the button
Seat 1: b79d146d (15,680 in chips)
Seat 2: 86c7034e (12,020 in chips)
Seat 4: 6017b927 (26,210 in chips)
Seat 5: 87af9420 (7,480 in chips)
Seat 6: Hero (17,797 in chips)
Seat 7: 85325de0 (12,293 in chips)
Seat 8: 90bc5442 (15,796 in chips)
85325de0: posts the ante 100
86c7034e: posts the ante 100
Hero: posts the ante 100
87af9420: posts the ante 100
90bc5442: posts the ante 100
b79d146d: posts the ante 100
6017b927: posts the ante 100
87af9420: posts small blind 350
Hero: posts big blind 700
*** HOLE CARDS ***
Dealt to b79d146d 
Dealt to 86c7034e 
Dealt to 6017b927 
Dealt to 87af9420 
Dealt to Hero [2c 7c]
Dealt to 85325de0 
Dealt to 90bc5442 
85325de0: folds
90bc5442: folds
b79d146d: folds
86c7034e: raises 1,050 to 1,750
6017b927: folds
87af9420: folds
Hero: folds
Uncalled bet (1,050) returned to 86c7034e
*** SHOWDOWN ***
86c7034e collected 2,450 from pot
*** SUMMARY ***
Total pot 2,450 | Rake 0 | Jackpot 0 | Bingo 0 | Fortune 0 | Tax 0
Seat 1: b79d146d folded before Flop
Seat 2: 86c7034e collected (2,450)
Seat 4: 6017b927 (button) folded before Flop
Seat 5: 87af9420 (small blind) folded before Flop
Seat 6: Hero (big blind) folded before Flop
Seat 7: 85325de0 folded before Flop
Seat 8: 90bc5442 folded before Flop


Poker Hand #TM5684948696: Tournament #268638104, Bounty Hunters Special $10.80 Hold'em No Limit - Level12(350/700(100)) - 2026/03/09 19:16:17
Table '101' 8-max Seat #2 is the button
Seat 1: b79d146d (6,780 in chips)
Seat 2: 86c7034e (18,800 in chips)
Seat 3: b0176859 (920 in chips)
Seat 4: 6017b927 (27,010 in chips)
Seat 5: 87af9420 (7,580 in chips)
Seat 6: Hero (17,897 in chips)
Seat 7: 85325de0 (12,393 in chips)
Seat 8: 90bc5442 (15,896 in chips)
b0176859: posts the ante 100
85325de0: posts the ante 100
86c7034e: posts the ante 100
Hero: posts the ante 100
87af9420: posts the ante 100
90bc5442: posts the ante 100
b79d146d: posts the ante 100
6017b927: posts the ante 100
b0176859: posts small blind 350
6017b927: posts big blind 700
*** HOLE CARDS ***
Dealt to b79d146d 
Dealt to 86c7034e 
Dealt to b0176859 
Dealt to 6017b927 
Dealt to 87af9420 
Dealt to Hero [4d Td]
Dealt to 85325de0 
Dealt to 90bc5442 
87af9420: folds
Hero: folds
85325de0: folds
90bc5442: folds
b79d146d: raises 5,980 to 6,680 and is all-in
86c7034e: raises 12,020 to 18,700 and is all-in
b0176859: calls 470 and is all-in
6017b927: folds
Uncalled bet (12,020) returned to 86c7034e
86c7034e: shows [7s 5c]
b0176859: shows [Ts Kc]
b79d146d: shows [Kh Ah]
*** FLOP *** [Js 8d 4c]
*** TURN *** [Js 8d 4c] [Kd]
*** RIVER *** [Js 8d 4c Kd] [2h]
*** SHOWDOWN ***
b79d146d collected 3,960 from pot
b79d146d collected 11,720 from pot
*** SUMMARY ***
Total pot 15,680 | Rake 0 | Jackpot 0 | Bingo 0 | Fortune 0 | Tax 0
Board [Js 8d 4c Kd 2h]
Seat 1: b79d146d showed [Kh Ah] and won (15,680) with a pair of Kings
Seat 2: 86c7034e (button) showed [7s 5c] and lost with King high
Seat 3: b0176859 (small blind) showed [Ts Kc] and lost with a pair of Kings
Seat 4: 6017b927 (big blind) folded before Flop
Seat 5: 87af9420 folded before Flop
Seat 6: Hero folded before Flop
Seat 7: 85325de0 folded before Flop
Seat 8: 90bc5442 folded before Flop


Poker Hand #TM5684948673: Tournament #268638104, Bounty Hunters Special $10.80 Hold'em No Limit - Level12(350/700(100)) - 2026/03/09 19:15:12
Table '101' 8-max Seat #1 is the button
Seat 1: b79d146d (6,880 in chips)
Seat 2: 86c7034e (9,100 in chips)
Seat 3: b0176859 (10,020 in chips)
Seat 4: 6017b927 (27,110 in chips)
Seat 5: 87af9420 (7,680 in chips)
Seat 6: Hero (17,997 in chips)
Seat 7: 85325de0 (12,493 in chips)
Seat 8: 90bc5442 (15,996 in chips)
b0176859: posts the ante 100
85325de0: posts the ante 100
Hero: posts the ante 100
86c7034e: posts the ante 100
87af9420: posts the ante 100
90bc5442: posts the ante 100
b79d146d: posts the ante 100
6017b927: posts the ante 100
86c7034e: posts small blind 350
b0176859: posts big blind 700
*** HOLE CARDS ***
Dealt to b79d146d 
Dealt to 86c7034e 
Dealt to b0176859 
Dealt to 6017b927 
Dealt to 87af9420 
Dealt to Hero [Qh 6d]
Dealt to 85325de0 
Dealt to 90bc5442 
6017b927: folds
87af9420: folds
Hero: folds
85325de0: folds
90bc5442: folds
b79d146d: folds
86c7034e: raises 1,050 to 1,750
b0176859: raises 8,170 to 9,920 and is all-in
86c7034e: calls 7,250 and is all-in
Uncalled bet (920) returned to b0176859
b0176859: shows [Tc Ah]
86c7034e: shows [Ks Kh]
*** FLOP *** [Th 9h 7h]
*** TURN *** [Th 9h 7h] [2d]
*** RIVER *** [Th 9h 7h 2d] [2s]
*** SHOWDOWN ***
86c7034e collected 18,800 from pot
*** SUMMARY ***
Total pot 18,800 | Rake 0 | Jackpot 0 | Bingo 0 | Fortune 0 | Tax 0
Board [Th 9h 7h 2d 2s]
Seat 1: b79d146d (button) folded before Flop
Seat 2: 86c7034e (small blind) showed [Ks Kh] and won (18,800) with two pair, Kings and Twos
Seat 3: b0176859 (big blind) showed [Tc Ah] and lost with two pair, Tens and Twos
Seat 4: 6017b927 folded before Flop
Seat 5: 87af9420 folded before Flop
Seat 6: Hero folded before Flop
Seat 7: 85325de0 folded before Flop
Seat 8: 90bc5442 folded before Flop


Poker Hand #TM5684948653: Tournament #268638104, Bounty Hunters Special $10.80 Hold'em No Limit - Level12(350/700(100)) - 2026/03/09 19:14:17
Table '101' 8-max Seat #8 is the button
Seat 1: b79d146d (7,330 in chips)
Seat 2: 86c7034e (9,900 in chips)
Seat 3: b0176859 (11,870 in chips)
Seat 4: 6017b927 (23,610 in chips)
Seat 5: 87af9420 (7,780 in chips)
Seat 6: Hero (18,097 in chips)
Seat 7: 85325de0 (12,593 in chips)
Seat 8: 90bc5442 (16,096 in chips)
b0176859: posts the ante 100
85325de0: posts the ante 100
Hero: posts the ante 100
86c7034e: posts the ante 100
87af9420: posts the ante 100
90bc5442: posts the ante 100
b79d146d: posts the ante 100
6017b927: posts the ante 100
b79d146d: posts small blind 350
86c7034e: posts big blind 700
*** HOLE CARDS ***
Dealt to b79d146d 
Dealt to 86c7034e 
Dealt to b0176859 
Dealt to 6017b927 
Dealt to 87af9420 
Dealt to Hero [2c Js]
Dealt to 85325de0 
Dealt to 90bc5442 
b0176859: calls 700
6017b927: raises 1,050 to 1,750
87af9420: folds
Hero: folds
85325de0: folds
90bc5442: folds
b79d146d: folds
86c7034e: folds
b0176859: calls 1,050
*** FLOP *** [8h Ac 4d]
b0176859: checks
6017b927: bets 1,766
b0176859: folds
Uncalled bet (1,766) returned to 6017b927
*** SHOWDOWN ***
6017b927 collected 5,350 from pot
*** SUMMARY ***
Total pot 5,350 | Rake 0 | Jackpot 0 | Bingo 0 | Fortune 0 | Tax 0
Board [8h Ac 4d]
Seat 1: b79d146d (small blind) folded before Flop
Seat 2: 86c7034e (big blind) folded before Flop
Seat 3: b0176859 folded on the Flop
Seat 4: 6017b927 won (5,350)
Seat 5: 87af9420 folded before Flop
Seat 6: Hero folded before Flop
Seat 7: 85325de0 folded before Flop
Seat 8: 90bc5442 (button) folded before Flop


Poker Hand #TM5684948632: Tournament #268638104, Bounty Hunters Special $10.80 Hold'em No Limit - Level12(350/700(100)) - 2026/03/09 19:13:29
Table '101' 8-max Seat #7 is the button
Seat 1: b79d146d (8,130 in chips)
Seat 2: 86c7034e (10,000 in chips)
Seat 3: b0176859 (11,970 in chips)
Seat 4: 6017b927 (23,710 in chips)
Seat 5: 87af9420 (7,880 in chips)
Seat 6: Hero (19,597 in chips)
Seat 7: 85325de0 (9,443 in chips)
Seat 8: 90bc5442 (16,546 in chips)
b0176859: posts the ante 100
85325de0: posts the ante 100
Hero: posts the ante 100
86c7034e: posts the ante 100
87af9420: posts the ante 100
90bc5442: posts the ante 100
b79d146d: posts the ante 100
6017b927: posts the ante 100
90bc5442: posts small blind 350
b79d146d: posts big blind 700
*** HOLE CARDS ***
Dealt to b79d146d 
Dealt to 86c7034e 
Dealt to b0176859 
Dealt to 6017b927 
Dealt to 87af9420 
Dealt to Hero [9c Tc]
Dealt to 85325de0 
Dealt to 90bc5442 
86c7034e: folds
b0176859: folds
6017b927: folds
87af9420: folds
Hero: raises 700 to 1,400
85325de0: raises 7,943 to 9,343 and is all-in
90bc5442: folds
b79d146d: folds
Hero: folds
Uncalled bet (7,943) returned to 85325de0
*** SHOWDOWN ***
85325de0 collected 4,650 from pot
*** SUMMARY ***
Total pot 4,650 | Rake 0 | Jackpot 0 | Bingo 0 | Fortune 0 | Tax 0
Seat 1: b79d146d (big blind) folded before Flop
Seat 2: 86c7034e folded before Flop
Seat 3: b0176859 folded before Flop
Seat 4: 6017b927 folded before Flop
Seat 5: 87af9420 folded before Flop
Seat 6: Hero folded before Flop
Seat 7: 85325de0 (button) collected (4,650)
Seat 8: 90bc5442 (small blind) folded before Flop


Poker Hand #TM5684948611: Tournament #268638104, Bounty Hunters Special $10.80 Hold'em No Limit - Level12(350/700(100)) - 2026/03/09 19:12:24
Table '101' 8-max Seat #6 is the button
Seat 1: b79d146d (8,230 in chips)
Seat 3: b0176859 (12,770 in chips)
Seat 4: 6017b927 (23,810 in chips)
Seat 5: 87af9420 (7,980 in chips)
Seat 6: Hero (21,797 in chips)
Seat 7: 85325de0 (9,893 in chips)
Seat 8: 90bc5442 (12,796 in chips)
b0176859: posts the ante 100
85325de0: posts the ante 100
Hero: posts the ante 100
87af9420: posts the ante 100
90bc5442: posts the ante 100
b79d146d: posts the ante 100
6017b927: posts the ante 100
85325de0: posts small blind 350
90bc5442: posts big blind 700
*** HOLE CARDS ***
Dealt to b79d146d 
Dealt to b0176859 
Dealt to 6017b927 
Dealt to 87af9420 
Dealt to Hero [8s Js]
Dealt to 85325de0 
Dealt to 90bc5442 
b79d146d: folds
b0176859: calls 700
6017b927: folds
87af9420: folds
Hero: raises 1,400 to 2,100
85325de0: folds
90bc5442: raises 10,596 to 12,696 and is all-in
b0176859: folds
Hero: folds
Uncalled bet (10,596) returned to 90bc5442
*** SHOWDOWN ***
90bc5442 collected 5,950 from pot
*** SUMMARY ***
Total pot 5,950 | Rake 0 | Jackpot 0 | Bingo 0 | Fortune 0 | Tax 0
Seat 1: b79d146d folded before Flop
Seat 3: b0176859 folded before Flop
Seat 4: 6017b927 folded before Flop
Seat 5: 87af9420 folded before Flop
Seat 6: Hero (button) folded before Flop
Seat 7: 85325de0 (small blind) folded before Flop
Seat 8: 90bc5442 (big blind) collected (5,950)


Poker Hand #TM5684948587: Tournament #268638104, Bounty Hunters Special $10.80 Hold'em No Limit - Level11(300/600(90)) - 2026/03/09 19:11:16
Table '101' 8-max Seat #5 is the button
Seat 1: b79d146d (8,320 in chips)
Seat 2: de0b698e (2,995 in chips)
Seat 3: b0176859 (13,460 in chips)
Seat 4: 6017b927 (23,900 in chips)
Seat 5: 87af9420 (8,070 in chips)
Seat 6: Hero (17,062 in chips)
Seat 7: 85325de0 (10,583 in chips)
Seat 8: 90bc5442 (12,886 in chips)
b0176859: posts the ante 90
de0b698e: posts the ante 90
85325de0: posts the ante 90
Hero: posts the ante 90
87af9420: posts the ante 90
90bc5442: posts the ante 90
b79d146d: posts the ante 90
6017b927: posts the ante 90
Hero: posts small blind 300
85325de0: posts big blind 600
*** HOLE CARDS ***
Dealt to b79d146d 
Dealt to de0b698e 
Dealt to b0176859 
Dealt to 6017b927 
Dealt to 87af9420 
Dealt to Hero [Ad Ah]
Dealt to 85325de0 
Dealt to 90bc5442 
90bc5442: folds
b79d146d: folds
de0b698e: calls 600
b0176859: calls 600
6017b927: folds
87af9420: folds
Hero: raises 16,372 to 16,972 and is all-in
85325de0: folds
de0b698e: calls 2,305 and is all-in
b0176859: folds
Uncalled bet (14,067) returned to Hero
Hero: shows [Ad Ah]
de0b698e: shows [6s 7s]
*** FLOP *** [2s Qd 6h]
*** TURN *** [2s Qd 6h] [8c]
*** RIVER *** [2s Qd 6h 8c] [5c]
*** SHOWDOWN ***
Hero collected 7,730 from pot
*** SUMMARY ***
Total pot 7,730 | Rake 0 | Jackpot 0 | Bingo 0 | Fortune 0 | Tax 0
Board [2s Qd 6h 8c 5c]
Seat 1: b79d146d folded before Flop
Seat 2: de0b698e showed [6s 7s] and lost with a pair of Sixes
Seat 3: b0176859 folded before Flop
Seat 4: 6017b927 folded before Flop
Seat 5: 87af9420 (button) folded before Flop
Seat 6: Hero (small blind) showed [Ad Ah] and won (7,730) with a pair of Aces
Seat 7: 85325de0 (big blind) folded before Flop
Seat 8: 90bc5442 folded before Flop


Poker Hand #TM5684948565: Tournament #268638104, Bounty Hunters Special $10.80 Hold'em No Limit - Level11(300/600(90)) - 2026/03/09 19:10:12
Table '101' 8-max Seat #4 is the button
Seat 1: b79d146d (8,410 in chips)
Seat 2: de0b698e (14,225 in chips)
Seat 3: b0176859 (13,550 in chips)
Seat 4: 6017b927 (11,230 in chips)
Seat 5: 87af9420 (8,460 in chips)
Seat 6: Hero (17,752 in chips)
Seat 7: 85325de0 (10,673 in chips)
Seat 8: 90bc5442 (12,976 in chips)
b0176859: posts the ante 90
de0b698e: posts the ante 90
85325de0: posts the ante 90
Hero: posts the ante 90
87af9420: posts the ante 90
90bc5442: posts the ante 90
b79d146d: posts the ante 90
6017b927: posts the ante 90
87af9420: posts small blind 300
Hero: posts big blind 600
*** HOLE CARDS ***
Dealt to b79d146d 
Dealt to de0b698e 
Dealt to b0176859 
Dealt to 6017b927 
Dealt to 87af9420 
Dealt to Hero [4d 2c]
Dealt to 85325de0 
Dealt to 90bc5442 
85325de0: folds
90bc5442: folds
b79d146d: folds
de0b698e: raises 660 to 1,260
b0176859: folds
6017b927: raises 9,880 to 11,140 and is all-in
87af9420: folds
Hero: folds
de0b698e: calls 9,880
6017b927: shows [Ks Ad]
de0b698e: shows [Ac Jd]
*** FLOP *** [Ah Td 5h]
*** TURN *** [Ah Td 5h] [Qh]
*** RIVER *** [Ah Td 5h Qh] [Qs]
*** SHOWDOWN ***
6017b927 collected 23,900 from pot
*** SUMMARY ***
Total pot 23,900 | Rake 0 | Jackpot 0 | Bingo 0 | Fortune 0 | Tax 0
Board [Ah Td 5h Qh Qs]
Seat 1: b79d146d folded before Flop
Seat 2: de0b698e showed [Ac Jd] and lost with two pair, Aces and Queens
Seat 3: b0176859 folded before Flop
Seat 4: 6017b927 (button) showed [Ks Ad] and won (23,900) with two pair, Aces and Queens
Seat 5: 87af9420 (small blind) folded before Flop
Seat 6: Hero (big blind) folded before Flop
Seat 7: 85325de0 folded before Flop
Seat 8: 90bc5442 folded before Flop


Poker Hand #TM5684948534: Tournament #268638104, Bounty Hunters Special $10.80 Hold'em No Limit - Level11(300/600(90)) - 2026/03/09 19:08:54
Table '101' 8-max Seat #3 is the button
Seat 1: b79d146d (8,500 in chips)
Seat 2: de0b698e (15,515 in chips)
Seat 3: b0176859 (13,640 in chips)
Seat 4: 6017b927 (11,620 in chips)
Seat 5: 87af9420 (9,150 in chips)
Seat 6: Hero (17,842 in chips)
Seat 7: 85325de0 (10,763 in chips)
Seat 8: 90bc5442 (10,246 in chips)
b0176859: posts the ante 90
de0b698e: posts the ante 90
85325de0: posts the ante 90
Hero: posts the ante 90
87af9420: posts the ante 90
90bc5442: posts the ante 90
b79d146d: posts the ante 90
6017b927: posts the ante 90
6017b927: posts small blind 300
87af9420: posts big blind 600
*** HOLE CARDS ***
Dealt to b79d146d 
Dealt to de0b698e 
Dealt to b0176859 
Dealt to 6017b927 
Dealt to 87af9420 
Dealt to Hero [6d 5c]
Dealt to 85325de0 
Dealt to 90bc5442 
Hero: folds
85325de0: folds
90bc5442: raises 600 to 1,200
b79d146d: folds
de0b698e: calls 1,200
b0176859: folds
6017b927: folds
87af9420: folds
*** FLOP *** [8d 8c 5h]
90bc5442: checks
de0b698e: checks
*** TURN *** [8d 8c 5h] [Qh]
90bc5442: checks
de0b698e: checks
*** RIVER *** [8d 8c 5h Qh] [4d]
90bc5442: bets 2,880
de0b698e: folds
Uncalled bet (2,880) returned to 90bc5442
*** SHOWDOWN ***
90bc5442 collected 4,020 from pot
*** SUMMARY ***
Total pot 4,020 | Rake 0 | Jackpot 0 | Bingo 0 | Fortune 0 | Tax 0
Board [8d 8c 5h Qh 4d]
Seat 1: b79d146d folded before Flop
Seat 2: de0b698e folded on the River
Seat 3: b0176859 (button) folded before Flop
Seat 4: 6017b927 (small blind) folded before Flop
Seat 5: 87af9420 (big blind) folded before Flop
Seat 6: Hero folded before Flop
Seat 7: 85325de0 folded before Flop
Seat 8: 90bc5442 won (4,020)


Poker Hand #TM5684948519: Tournament #268638104, Bounty Hunters Special $10.80 Hold'em No Limit - Level11(300/600(90)) - 2026/03/09 19:08:07
Table '101' 8-max Seat #2 is the button
Seat 1: b79d146d (8,590 in chips)
Seat 2: de0b698e (15,605 in chips)
Seat 3: b0176859 (14,030 in chips)
Seat 4: 6017b927 (9,490 in chips)
Seat 5: 87af9420 (9,240 in chips)
Seat 6: Hero (17,932 in chips)
Seat 7: 85325de0 (10,853 in chips)
Seat 8: 90bc5442 (11,536 in chips)
de0b698e: posts the ante 90
b0176859: posts the ante 90
85325de0: posts the ante 90
Hero: posts the ante 90
87af9420: posts the ante 90
90bc5442: posts the ante 90
b79d146d: posts the ante 90
6017b927: posts the ante 90
b0176859: posts small blind 300
6017b927: posts big blind 600
*** HOLE CARDS ***
Dealt to b79d146d 
Dealt to de0b698e 
Dealt to b0176859 
Dealt to 6017b927 
Dealt to 87af9420 
Dealt to Hero [Qs 9c]
Dealt to 85325de0 
Dealt to 90bc5442 
87af9420: folds
Hero: folds
85325de0: folds
90bc5442: raises 600 to 1,200
b79d146d: folds
de0b698e: folds
b0176859: folds
6017b927: raises 8,200 to 9,400 and is all-in
90bc5442: folds
Uncalled bet (8,200) returned to 6017b927
*** SHOWDOWN ***
6017b927 collected 3,420 from pot
*** SUMMARY ***
Total pot 3,420 | Rake 0 | Jackpot 0 | Bingo 0 | Fortune 0 | Tax 0
Seat 1: b79d146d folded before Flop
Seat 2: de0b698e (button) folded before Flop
Seat 3: b0176859 (small blind) folded before Flop
Seat 4: 6017b927 (big blind) collected (3,420)
Seat 5: 87af9420 folded before Flop
Seat 6: Hero folded before Flop
Seat 7: 85325de0 folded before Flop
Seat 8: 90bc5442 folded before Flop


Poker Hand #TM5684948498: Tournament #268638104, Bounty Hunters Special $10.80 Hold'em No Limit - Level11(300/600(90)) - 2026/03/09 19:07:10
Table '101' 8-max Seat #1 is the button
Seat 1: b79d146d (8,680 in chips)
Seat 2: de0b698e (15,995 in chips)
Seat 3: b0176859 (15,320 in chips)
Seat 4: 6017b927 (9,580 in chips)
Seat 5: 87af9420 (9,330 in chips)
Seat 6: Hero (18,022 in chips)
Seat 7: 85325de0 (8,723 in chips)
Seat 8: 90bc5442 (11,626 in chips)
b0176859: posts the ante 90
de0b698e: posts the ante 90
85325de0: posts the ante 90
Hero: posts the ante 90
87af9420: posts the ante 90
90bc5442: posts the ante 90
b79d146d: posts the ante 90
6017b927: posts the ante 90
de0b698e: posts small blind 300
b0176859: posts big blind 600
*** HOLE CARDS ***
Dealt to b79d146d 
Dealt to de0b698e 
Dealt to b0176859 
Dealt to 6017b927 
Dealt to 87af9420 
Dealt to Hero [5h Ac]
Dealt to 85325de0 
Dealt to 90bc5442 
6017b927: folds
87af9420: folds
Hero: folds
85325de0: raises 600 to 1,200
90bc5442: folds
b79d146d: folds
de0b698e: folds
b0176859: calls 600
*** FLOP *** [9h 6s 4d]
b0176859: checks
85325de0: bets 3,420
b0176859: folds
Uncalled bet (3,420) returned to 85325de0
*** SHOWDOWN ***
85325de0 collected 3,420 from pot
*** SUMMARY ***
Total pot 3,420 | Rake 0 | Jackpot 0 | Bingo 0 | Fortune 0 | Tax 0
Board [9h 6s 4d]
Seat 1: b79d146d (button) folded before Flop
Seat 2: de0b698e (small blind) folded before Flop
Seat 3: b0176859 (big blind) folded on the Flop
Seat 4: 6017b927 folded before Flop
Seat 5: 87af9420 folded before Flop
Seat 6: Hero folded before Flop
Seat 7: 85325de0 won (3,420)
Seat 8: 90bc5442 folded before Flop


Poker Hand #TM5684948468: Tournament #268638104, Bounty Hunters Special $10.80 Hold'em No Limit - Level11(300/600(90)) - 2026/03/09 19:05:46
Table '101' 8-max Seat #8 is the button
Seat 1: b79d146d (9,070 in chips)
Seat 2: de0b698e (19,685 in chips)
Seat 3: b0176859 (10,790 in chips)
Seat 4: 6017b927 (9,670 in chips)
Seat 5: 87af9420 (9,420 in chips)
Seat 6: Hero (18,112 in chips)
Seat 7: 85325de0 (8,813 in chips)
Seat 8: 90bc5442 (11,716 in chips)
b0176859: posts the ante 90
de0b698e: posts the ante 90
85325de0: posts the ante 90
Hero: posts the ante 90
87af9420: posts the ante 90
90bc5442: posts the ante 90
b79d146d: posts the ante 90
6017b927: posts the ante 90
b79d146d: posts small blind 300
de0b698e: posts big blind 600
*** HOLE CARDS ***
Dealt to b79d146d 
Dealt to de0b698e 
Dealt to b0176859 
Dealt to 6017b927 
Dealt to 87af9420 
Dealt to Hero [9h 4c]
Dealt to 85325de0 
Dealt to 90bc5442 
b0176859: raises 600 to 1,200
6017b927: folds
87af9420: folds
Hero: folds
85325de0: folds
90bc5442: folds
b79d146d: folds
de0b698e: calls 600
*** FLOP *** [2h 3h 5d]
de0b698e: bets 1,200
b0176859: calls 1,200
*** TURN *** [2h 3h 5d] [7s]
de0b698e: checks
b0176859: bets 1,200
de0b698e: calls 1,200
*** RIVER *** [2h 3h 5d 7s] [7d]
de0b698e: checks
b0176859: checks
de0b698e: shows [6d 8d] (a pair of Sevens)
b0176859: shows [3d Ad] (two pair, Sevens and Threes)
*** SHOWDOWN ***
b0176859 collected 8,220 from pot
*** SUMMARY ***
Total pot 8,220 | Rake 0 | Jackpot 0 | Bingo 0 | Fortune 0 | Tax 0
Board [2h 3h 5d 7s 7d]
Seat 1: b79d146d (small blind) folded before Flop
Seat 2: de0b698e (big blind) showed [6d 8d] and lost with a pair of Sevens
Seat 3: b0176859 showed [3d Ad] and won (8,220) with two pair, Sevens and Threes
Seat 4: 6017b927 folded before Flop
Seat 5: 87af9420 folded before Flop
Seat 6: Hero folded before Flop
Seat 7: 85325de0 folded before Flop
Seat 8: 90bc5442 (button) folded before Flop


Poker Hand #TM5684948459: Tournament #268638104, Bounty Hunters Special $10.80 Hold'em No Limit - Level11(300/600(90)) - 2026/03/09 19:05:21
Table '101' 8-max Seat #7 is the button
Seat 1: b79d146d (9,760 in chips)
Seat 2: de0b698e (19,775 in chips)
Seat 3: b0176859 (9,260 in chips)
Seat 4: 6017b927 (9,760 in chips)
Seat 5: 87af9420 (9,510 in chips)
Seat 6: Hero (18,202 in chips)
Seat 7: 85325de0 (8,903 in chips)
Seat 8: 90bc5442 (12,106 in chips)
b0176859: posts the ante 90
de0b698e: posts the ante 90
85325de0: posts the ante 90
Hero: posts the ante 90
87af9420: posts the ante 90
90bc5442: posts the ante 90
b79d146d: posts the ante 90
6017b927: posts the ante 90
90bc5442: posts small blind 300
b79d146d: posts big blind 600
*** HOLE CARDS ***
Dealt to b79d146d 
Dealt to de0b698e 
Dealt to b0176859 
Dealt to 6017b927 
Dealt to 87af9420 
Dealt to Hero [6s Qc]
Dealt to 85325de0 
Dealt to 90bc5442 
de0b698e: folds
b0176859: raises 1,200 to 1,800
6017b927: folds
87af9420: folds
Hero: folds
85325de0: folds
90bc5442: folds
b79d146d: folds
Uncalled bet (1,200) returned to b0176859
*** SHOWDOWN ***
b0176859 collected 2,220 from pot
*** SUMMARY ***
Total pot 2,220 | Rake 0 | Jackpot 0 | Bingo 0 | Fortune 0 | Tax 0
Seat 1: b79d146d (big blind) folded before Flop
Seat 2: de0b698e folded before Flop
Seat 3: b0176859 collected (2,220)
Seat 4: 6017b927 folded before Flop
Seat 5: 87af9420 folded before Flop
Seat 6: Hero folded before Flop
Seat 7: 85325de0 (button) folded before Flop
Seat 8: 90bc5442 (small blind) folded before Flop


Poker Hand #TM5684948436: Tournament #268638104, Bounty Hunters Special $10.80 Hold'em No Limit - Level11(300/600(90)) - 2026/03/09 19:04:08
Table '101' 8-max Seat #6 is the button
Seat 1: b79d146d (9,850 in chips)
Seat 2: de0b698e (21,125 in chips)
Seat 3: b0176859 (9,350 in chips)
Seat 4: 6017b927 (9,850 in chips)
Seat 5: 87af9420 (9,600 in chips)
Seat 6: Hero (18,292 in chips)
Seat 7: 85325de0 (9,293 in chips)
Seat 8: 90bc5442 (9,916 in chips)
b0176859: posts the ante 90
de0b698e: posts the ante 90
85325de0: posts the ante 90
Hero: posts the ante 90
87af9420: posts the ante 90
90bc5442: posts the ante 90
b79d146d: posts the ante 90
6017b927: posts the ante 90
85325de0: posts small blind 300
90bc5442: posts big blind 600
*** HOLE CARDS ***
Dealt to b79d146d 
Dealt to de0b698e 
Dealt to b0176859 
Dealt to 6017b927 
Dealt to 87af9420 
Dealt to Hero [Th 4s]
Dealt to 85325de0 
Dealt to 90bc5442 
b79d146d: folds
de0b698e: raises 660 to 1,260
b0176859: folds
6017b927: folds
87af9420: folds
Hero: folds
85325de0: folds
90bc5442: calls 660
*** FLOP *** [9h 5s 4d]
90bc5442: checks
de0b698e: checks
*** TURN *** [9h 5s 4d] [8c]
90bc5442: bets 1,920
de0b698e: folds
Uncalled bet (1,920) returned to 90bc5442
*** SHOWDOWN ***
90bc5442 collected 3,540 from pot
*** SUMMARY ***
Total pot 3,540 | Rake 0 | Jackpot 0 | Bingo 0 | Fortune 0 | Tax 0
Board [9h 5s 4d 8c]
Seat 1: b79d146d folded before Flop
Seat 2: de0b698e folded on the Turn
Seat 3: b0176859 folded before Flop
Seat 4: 6017b927 folded before Flop
Seat 5: 87af9420 folded before Flop
Seat 6: Hero (button) folded before Flop
Seat 7: 85325de0 (small blind) folded before Flop
Seat 8: 90bc5442 (big blind) won (3,540)


Poker Hand #TM5684948426: Tournament #268638104, Bounty Hunters Special $10.80 Hold'em No Limit - Level10(250/500(75)) - 2026/03/09 19:03:27
Table '101' 8-max Seat #5 is the button
Seat 1: b79d146d (9,925 in chips)
Seat 2: de0b698e (21,200 in chips)
Seat 3: b0176859 (9,925 in chips)
Seat 4: 6017b927 (9,925 in chips)
Seat 5: 87af9420 (9,675 in chips)
Seat 6: Hero (16,767 in chips)
Seat 7: 85325de0 (9,868 in chips)
Seat 8: 90bc5442 (9,991 in chips)
b0176859: posts the ante 75
de0b698e: posts the ante 75
85325de0: posts the ante 75
Hero: posts the ante 75
87af9420: posts the ante 75
90bc5442: posts the ante 75
b79d146d: posts the ante 75
6017b927: posts the ante 75
Hero: posts small blind 250
85325de0: posts big blind 500
*** HOLE CARDS ***
Dealt to b79d146d 
Dealt to de0b698e 
Dealt to b0176859 
Dealt to 6017b927 
Dealt to 87af9420 
Dealt to Hero [4s 4h]
Dealt to 85325de0 
Dealt to 90bc5442 
90bc5442: folds
b79d146d: folds
de0b698e: folds
b0176859: calls 500
6017b927: folds
87af9420: folds
Hero: raises 16,192 to 16,692 and is all-in
85325de0: folds
b0176859: folds
Uncalled bet (16,192) returned to Hero
*** SHOWDOWN ***
Hero collected 2,100 from pot
*** SUMMARY ***
Total pot 2,100 | Rake 0 | Jackpot 0 | Bingo 0 | Fortune 0 | Tax 0
Seat 1: b79d146d folded before Flop
Seat 2: de0b698e folded before Flop
Seat 3: b0176859 folded before Flop
Seat 4: 6017b927 folded before Flop
Seat 5: 87af9420 (button) folded before Flop
Seat 6: Hero (small blind) collected (2,100)
Seat 7: 85325de0 (big blind) folded before Flop
Seat 8: 90bc5442 folded before Flop


Poker Hand #TM5684948407: Tournament #268638104, Bounty Hunters Special $10.80 Hold'em No Limit - Level10(250/500(75)) - 2026/03/09 19:02:13
Table '101' 8-max Seat #4 is the button
Seat 1: b79d146d (10,000 in chips)
Seat 2: de0b698e (10,000 in chips)
Seat 3: b0176859 (10,000 in chips)
Seat 4: 6017b927 (10,000 in chips)
Seat 5: 87af9420 (10,000 in chips)
Seat 6: Hero (17,342 in chips)
Seat 7: 85325de0 (9,943 in chips)
Seat 8: 90bc5442 (19,991 in chips)
b0176859: posts the ante 75
de0b698e: posts the ante 75
85325de0: posts the ante 75
Hero: posts the ante 75
87af9420: posts the ante 75
90bc5442: posts the ante 75
b79d146d: posts the ante 75
6017b927: posts the ante 75
87af9420: posts small blind 250
Hero: posts big blind 500
*** HOLE CARDS ***
Dealt to b79d146d 
Dealt to de0b698e 
Dealt to b0176859 
Dealt to 6017b927 
Dealt to 87af9420 
Dealt to Hero [Td 5d]
Dealt to 85325de0 
Dealt to 90bc5442 
85325de0: folds
90bc5442: raises 500 to 1,000
b79d146d: folds
de0b698e: raises 2,000 to 3,000
b0176859: folds
6017b927: folds
87af9420: folds
Hero: folds
90bc5442: raises 16,916 to 19,916 and is all-in
de0b698e: calls 6,925 and is all-in
Uncalled bet (9,991) returned to 90bc5442
90bc5442: shows [Ac Jc]
de0b698e: shows [Ah As]
*** FLOP *** [6d 7d Kh]
*** TURN *** [6d 7d Kh] [9c]
*** RIVER *** [6d 7d Kh 9c] [Qd]
*** SHOWDOWN ***
de0b698e collected 21,200 from pot
*** SUMMARY ***
Total pot 21,200 | Rake 0 | Jackpot 0 | Bingo 0 | Fortune 0 | Tax 0
Board [6d 7d Kh 9c Qd]
Seat 1: b79d146d folded before Flop
Seat 2: de0b698e showed [Ah As] and won (21,200) with a pair of Aces
Seat 3: b0176859 folded before Flop
Seat 4: 6017b927 (button) folded before Flop
Seat 5: 87af9420 (small blind) folded before Flop
Seat 6: Hero (big blind) folded before Flop
Seat 7: 85325de0 folded before Flop
Seat 8: 90bc5442 showed [Ac Jc] and lost with Ace high


Poker Hand #TM5684398907: Tournament #268638104, Bounty Hunters Special $10.80 Hold'em No Limit - Level10(250/500(75)) - 2026/03/09 18:54:29
Table '64' 8-max Seat #4 is the button
Seat 1: b368b3eb (29,678 in chips)
Seat 2: c91668c8 (15,770 in chips)
Seat 3: 9a28174e (28,240 in chips)
Seat 4: 2f3fbdf3 (25,228 in chips)
Seat 5: 3446f461 (23,892 in chips)
Seat 6: da84f208 (50,310 in chips)
Seat 7: Hero (17,417 in chips)
Seat 8: 1505a5e3 (29,951 in chips)
Hero: posts the ante 75
2f3fbdf3: posts the ante 75
1505a5e3: posts the ante 75
3446f461: posts the ante 75
b368b3eb: posts the ante 75
9a28174e: posts the ante 75
da84f208: posts the ante 75
c91668c8: posts the ante 75
3446f461: posts small blind 250
da84f208: posts big blind 500
*** HOLE CARDS ***
Dealt to b368b3eb 
Dealt to c91668c8 
Dealt to 9a28174e 
Dealt to 2f3fbdf3 
Dealt to 3446f461 
Dealt to da84f208 
Dealt to Hero [7d 9s]
Dealt to 1505a5e3 
Hero: folds
1505a5e3: folds
b368b3eb: raises 550 to 1,050
c91668c8: folds
9a28174e: folds
2f3fbdf3: folds
3446f461: folds
da84f208: calls 550
*** FLOP *** [6s 8c 6h]
da84f208: checks
b368b3eb: bets 974
da84f208: calls 974
*** TURN *** [6s 8c 6h] [Qs]
da84f208: checks
b368b3eb: bets 3,233
da84f208: raises 8,523 to 11,756
b368b3eb: calls 8,523
*** RIVER *** [6s 8c 6h Qs] [5d]
da84f208: bets 21,308
b368b3eb: folds
Uncalled bet (21,308) returned to da84f208
*** SHOWDOWN ***
da84f208 collected 28,410 from pot
*** SUMMARY ***
Total pot 28,410 | Rake 0 | Jackpot 0 | Bingo 0 | Fortune 0 | Tax 0
Board [6s 8c 6h Qs 5d]
Seat 1: b368b3eb folded on the River
Seat 2: c91668c8 folded before Flop
Seat 3: 9a28174e folded before Flop
Seat 4: 2f3fbdf3 (button) folded before Flop
Seat 5: 3446f461 (small blind) folded before Flop
Seat 6: da84f208 (big blind) won (28,410)
Seat 7: Hero folded before Flop
Seat 8: 1505a5e3 folded before Flop


Poker Hand #TM5684398899: Tournament #268638104, Bounty Hunters Special $10.80 Hold'em No Limit - Level10(250/500(75)) - 2026/03/09 18:54:03
Table '64' 8-max Seat #3 is the button
Seat 1: b368b3eb (29,753 in chips)
Seat 2: c91668c8 (15,845 in chips)
Seat 3: 9a28174e (28,315 in chips)
Seat 4: 2f3fbdf3 (25,553 in chips)
Seat 5: 3446f461 (24,967 in chips)
Seat 6: da84f208 (48,535 in chips)
Seat 7: Hero (17,492 in chips)
Seat 8: 1505a5e3 (30,026 in chips)
Hero: posts the ante 75
2f3fbdf3: posts the ante 75
1505a5e3: posts the ante 75
3446f461: posts the ante 75
b368b3eb: posts the ante 75
9a28174e: posts the ante 75
da84f208: posts the ante 75
c91668c8: posts the ante 75
2f3fbdf3: posts small blind 250
3446f461: posts big blind 500
*** HOLE CARDS ***
Dealt to b368b3eb 
Dealt to c91668c8 
Dealt to 9a28174e 
Dealt to 2f3fbdf3 
Dealt to 3446f461 
Dealt to da84f208 
Dealt to Hero [Td 7c]
Dealt to 1505a5e3 
da84f208: raises 500 to 1,000
Hero: folds
1505a5e3: folds
b368b3eb: folds
c91668c8: folds
9a28174e: folds
2f3fbdf3: folds
3446f461: calls 500
*** FLOP *** [9h 3d Ad]
3446f461: checks
da84f208: bets 1,425
3446f461: folds
Uncalled bet (1,425) returned to da84f208
*** SHOWDOWN ***
da84f208 collected 2,850 from pot
*** SUMMARY ***
Total pot 2,850 | Rake 0 | Jackpot 0 | Bingo 0 | Fortune 0 | Tax 0
Board [9h 3d Ad]
Seat 1: b368b3eb folded before Flop
Seat 2: c91668c8 folded before Flop
Seat 3: 9a28174e (button) folded before Flop
Seat 4: 2f3fbdf3 (small blind) folded before Flop
Seat 5: 3446f461 (big blind) folded on the Flop
Seat 6: da84f208 won (2,850)
Seat 7: Hero folded before Flop
Seat 8: 1505a5e3 folded before Flop


Poker Hand #TM5684398873: Tournament #268638104, Bounty Hunters Special $10.80 Hold'em No Limit - Level10(250/500(75)) - 2026/03/09 18:52:39
Table '64' 8-max Seat #2 is the button
Seat 1: b368b3eb (29,828 in chips)
Seat 2: c91668c8 (15,920 in chips)
Seat 3: 9a28174e (33,195 in chips)
Seat 4: 2f3fbdf3 (20,223 in chips)
Seat 5: 3446f461 (25,042 in chips)
Seat 6: da84f208 (48,610 in chips)
Seat 7: Hero (17,567 in chips)
Seat 8: 1505a5e3 (30,101 in chips)
Hero: posts the ante 75
2f3fbdf3: posts the ante 75
1505a5e3: posts the ante 75
3446f461: posts the ante 75
b368b3eb: posts the ante 75
da84f208: posts the ante 75
9a28174e: posts the ante 75
c91668c8: posts the ante 75
9a28174e: posts small blind 250
2f3fbdf3: posts big blind 500
*** HOLE CARDS ***
Dealt to b368b3eb 
Dealt to c91668c8 
Dealt to 9a28174e 
Dealt to 2f3fbdf3 
Dealt to 3446f461 
Dealt to da84f208 
Dealt to Hero [3h 6s]
Dealt to 1505a5e3 
3446f461: folds
da84f208: folds
Hero: folds
1505a5e3: folds
b368b3eb: folds
c91668c8: folds
9a28174e: raises 1,250 to 1,750
2f3fbdf3: calls 1,250
*** FLOP *** [9h 6d 6h]
9a28174e: bets 1,353
2f3fbdf3: calls 1,353
*** TURN *** [9h 6d 6h] [5s]
9a28174e: checks
2f3fbdf3: bets 1,702
9a28174e: calls 1,702
*** RIVER *** [9h 6d 6h 5s] [Js]
9a28174e: checks
2f3fbdf3: checks
9a28174e: shows [Qc As] (a pair of Sixes)
2f3fbdf3: shows [9s Ad] (two pair, Nines and Sixes)
*** SHOWDOWN ***
2f3fbdf3 collected 10,210 from pot
*** SUMMARY ***
Total pot 10,210 | Rake 0 | Jackpot 0 | Bingo 0 | Fortune 0 | Tax 0
Board [9h 6d 6h 5s Js]
Seat 1: b368b3eb folded before Flop
Seat 2: c91668c8 (button) folded before Flop
Seat 3: 9a28174e (small blind) showed [Qc As] and lost with a pair of Sixes
Seat 4: 2f3fbdf3 (big blind) showed [9s Ad] and won (10,210) with two pair, Nines and Sixes
Seat 5: 3446f461 folded before Flop
Seat 6: da84f208 folded before Flop
Seat 7: Hero folded before Flop
Seat 8: 1505a5e3 folded before Flop


Poker Hand #TM5684398860: Tournament #268638104, Bounty Hunters Special $10.80 Hold'em No Limit - Level10(250/500(75)) - 2026/03/09 18:52:03
Table '64' 8-max Seat #1 is the button
Seat 1: b368b3eb (31,403 in chips)
Seat 2: c91668c8 (16,245 in chips)
Seat 3: 9a28174e (33,770 in chips)
Seat 4: 2f3fbdf3 (20,298 in chips)
Seat 5: 3446f461 (25,117 in chips)
Seat 6: da84f208 (45,910 in chips)
Seat 7: Hero (17,642 in chips)
Hero: posts the ante 75
2f3fbdf3: posts the ante 75
3446f461: posts the ante 75
b368b3eb: posts the ante 75
da84f208: posts the ante 75
9a28174e: posts the ante 75
c91668c8: posts the ante 75
c91668c8: posts small blind 250
9a28174e: posts big blind 500
*** HOLE CARDS ***
Dealt to b368b3eb 
Dealt to c91668c8 
Dealt to 9a28174e 
Dealt to 2f3fbdf3 
Dealt to 3446f461 
Dealt to da84f208 
Dealt to Hero [3d Jh]
2f3fbdf3: folds
3446f461: folds
da84f208: raises 1,000 to 1,500
Hero: folds
b368b3eb: calls 1,500
c91668c8: folds
9a28174e: folds
*** FLOP *** [7h As 2d]
da84f208: bets 2,138
b368b3eb: folds
Uncalled bet (2,138) returned to da84f208
*** SHOWDOWN ***
da84f208 collected 4,275 from pot
*** SUMMARY ***
Total pot 4,275 | Rake 0 | Jackpot 0 | Bingo 0 | Fortune 0 | Tax 0
Board [7h As 2d]
Seat 1: b368b3eb (button) folded on the Flop
Seat 2: c91668c8 (small blind) folded before Flop
Seat 3: 9a28174e (big blind) folded before Flop
Seat 4: 2f3fbdf3 folded before Flop
Seat 5: 3446f461 folded before Flop
Seat 6: da84f208 won (4,275)
Seat 7: Hero folded before Flop


Poker Hand #TM5684398844: Tournament #268638104, Bounty Hunters Special $10.80 Hold'em No Limit - Level10(250/500(75)) - 2026/03/09 18:51:00
Table '64' 8-max Seat #7 is the button
Seat 1: b368b3eb (22,437 in chips)
Seat 2: c91668c8 (16,320 in chips)
Seat 3: 9a28174e (34,845 in chips)
Seat 4: 2f3fbdf3 (20,373 in chips)
Seat 5: 3446f461 (25,192 in chips)
Seat 6: da84f208 (46,985 in chips)
Seat 7: Hero (17,717 in chips)
Seat 8: 2316a1be (6,516 in chips)
Hero: posts the ante 75
2f3fbdf3: posts the ante 75
3446f461: posts the ante 75
b368b3eb: posts the ante 75
da84f208: posts the ante 75
9a28174e: posts the ante 75
c91668c8: posts the ante 75
2316a1be: posts the ante 75
2316a1be: posts small blind 250
b368b3eb: posts big blind 500
*** HOLE CARDS ***
Dealt to b368b3eb 
Dealt to c91668c8 
Dealt to 9a28174e 
Dealt to 2f3fbdf3 
Dealt to 3446f461 
Dealt to da84f208 
Dealt to Hero [Kh 3c]
Dealt to 2316a1be 
c91668c8: folds
9a28174e: raises 500 to 1,000
2f3fbdf3: folds
3446f461: folds
da84f208: calls 1,000
Hero: folds
2316a1be: raises 5,441 to 6,441 and is all-in
b368b3eb: raises 15,921 to 22,362 and is all-in
9a28174e: folds
da84f208: folds
Uncalled bet (15,921) returned to b368b3eb
b368b3eb: shows [Qd Ks]
2316a1be: shows [8d 7d]
*** FLOP *** [2c Qs Qc]
*** TURN *** [2c Qs Qc] [9c]
*** RIVER *** [2c Qs Qc 9c] [Ac]
*** SHOWDOWN ***
b368b3eb collected 15,482 from pot
*** SUMMARY ***
Total pot 15,482 | Rake 0 | Jackpot 0 | Bingo 0 | Fortune 0 | Tax 0
Board [2c Qs Qc 9c Ac]
Seat 1: b368b3eb (big blind) showed [Qd Ks] and won (15,482) with three of a kind, Queens
Seat 2: c91668c8 folded before Flop
Seat 3: 9a28174e folded before Flop
Seat 4: 2f3fbdf3 folded before Flop
Seat 5: 3446f461 folded before Flop
Seat 6: da84f208 folded before Flop
Seat 7: Hero (button) folded before Flop
Seat 8: 2316a1be (small blind) showed [8d 7d] and lost with a pair of Queens


Poker Hand #TM5684398824: Tournament #268638104, Bounty Hunters Special $10.80 Hold'em No Limit - Level10(250/500(75)) - 2026/03/09 18:50:00
Table '64' 8-max Seat #6 is the button
Seat 2: c91668c8 (16,395 in chips)
Seat 3: 9a28174e (34,920 in chips)
Seat 4: 2f3fbdf3 (21,448 in chips)
Seat 5: 3446f461 (25,267 in chips)
Seat 6: da84f208 (54,906 in chips)
Seat 7: Hero (7,921 in chips)
Seat 8: 2316a1be (7,091 in chips)
Hero: posts the ante 75
2f3fbdf3: posts the ante 75
3446f461: posts the ante 75
da84f208: posts the ante 75
9a28174e: posts the ante 75
c91668c8: posts the ante 75
2316a1be: posts the ante 75
Hero: posts small blind 250
2316a1be: posts big blind 500
*** HOLE CARDS ***
Dealt to c91668c8 
Dealt to 9a28174e 
Dealt to 2f3fbdf3 
Dealt to 3446f461 
Dealt to da84f208 
Dealt to Hero [8c Ad]
Dealt to 2316a1be 
c91668c8: folds
9a28174e: folds
2f3fbdf3: raises 500 to 1,000
3446f461: folds
da84f208: calls 1,000
Hero: raises 6,846 to 7,846 and is all-in
2316a1be: folds
2f3fbdf3: folds
da84f208: calls 6,846
Hero: shows [8c Ad]
da84f208: shows [9c Jc]
*** FLOP *** [8s Ks 3d]
*** TURN *** [8s Ks 3d] [Kd]
*** RIVER *** [8s Ks 3d Kd] [5c]
*** SHOWDOWN ***
Hero collected 17,717 from pot
*** SUMMARY ***
Total pot 17,717 | Rake 0 | Jackpot 0 | Bingo 0 | Fortune 0 | Tax 0
Board [8s Ks 3d Kd 5c]
Seat 2: c91668c8 folded before Flop
Seat 3: 9a28174e folded before Flop
Seat 4: 2f3fbdf3 folded before Flop
Seat 5: 3446f461 folded before Flop
Seat 6: da84f208 (button) showed [9c Jc] and lost with a pair of Kings
Seat 7: Hero (small blind) showed [8c Ad] and won (17,717) with two pair, Kings and Eights
Seat 8: 2316a1be (big blind) folded before Flop


Poker Hand #TM5684398810: Tournament #268638104, Bounty Hunters Special $10.80 Hold'em No Limit - Level10(250/500(75)) - 2026/03/09 18:49:15
Table '64' 8-max Seat #5 is the button
Seat 2: c91668c8 (16,470 in chips)
Seat 3: 9a28174e (30,720 in chips)
Seat 4: 2f3fbdf3 (24,523 in chips)
Seat 5: 3446f461 (25,342 in chips)
Seat 6: da84f208 (55,231 in chips)
Seat 7: Hero (8,496 in chips)
Seat 8: 2316a1be (7,166 in chips)
Hero: posts the ante 75
2f3fbdf3: posts the ante 75
3446f461: posts the ante 75
9a28174e: posts the ante 75
da84f208: posts the ante 75
c91668c8: posts the ante 75
2316a1be: posts the ante 75
da84f208: posts small blind 250
Hero: posts big blind 500
*** HOLE CARDS ***
Dealt to c91668c8 
Dealt to 9a28174e 
Dealt to 2f3fbdf3 
Dealt to 3446f461 
Dealt to da84f208 
Dealt to Hero [Kc 8h]
Dealt to 2316a1be 
2316a1be: folds
c91668c8: folds
9a28174e: raises 500 to 1,000
2f3fbdf3: raises 2,000 to 3,000
3446f461: folds
da84f208: folds
Hero: folds
9a28174e: raises 4,888 to 7,888
2f3fbdf3: folds
Uncalled bet (4,888) returned to 9a28174e
*** SHOWDOWN ***
9a28174e collected 7,275 from pot
*** SUMMARY ***
Total pot 7,275 | Rake 0 | Jackpot 0 | Bingo 0 | Fortune 0 | Tax 0
Seat 2: c91668c8 folded before Flop
Seat 3: 9a28174e collected (7,275)
Seat 4: 2f3fbdf3 folded before Flop
Seat 5: 3446f461 (button) folded before Flop
Seat 6: da84f208 (small blind) folded before Flop
Seat 7: Hero (big blind) folded before Flop
Seat 8: 2316a1be folded before Flop


Poker Hand #TM5684398795: Tournament #268638104, Bounty Hunters Special $10.80 Hold'em No Limit - Level9(200/400(60)) - 2026/03/09 18:48:22
Table '64' 8-max Seat #4 is the button
Seat 1: 2f2e736e (1,075 in chips)
Seat 2: c91668c8 (16,530 in chips)
Seat 3: 9a28174e (31,795 in chips)
Seat 4: 2f3fbdf3 (24,583 in chips)
Seat 5: 3446f461 (21,477 in chips)
Seat 6: da84f208 (55,691 in chips)
Seat 7: Hero (8,556 in chips)
Seat 8: 2316a1be (8,241 in chips)
Hero: posts the ante 60
2f2e736e: posts the ante 60
2f3fbdf3: posts the ante 60
3446f461: posts the ante 60
9a28174e: posts the ante 60
da84f208: posts the ante 60
c91668c8: posts the ante 60
2316a1be: posts the ante 60
3446f461: posts small blind 200
da84f208: posts big blind 400
*** HOLE CARDS ***
Dealt to 2f2e736e 
Dealt to c91668c8 
Dealt to 9a28174e 
Dealt to 2f3fbdf3 
Dealt to 3446f461 
Dealt to da84f208 
Dealt to Hero [3c Qd]
Dealt to 2316a1be 
Hero: folds
2316a1be: raises 400 to 800
2f2e736e: raises 215 to 1,015 and is all-in
c91668c8: folds
9a28174e: calls 1,015
2f3fbdf3: folds
3446f461: calls 815
da84f208: folds
2316a1be: calls 215
*** FLOP *** [Ac 4h Jh]
3446f461: checks
2316a1be: checks
9a28174e: checks
*** TURN *** [Ac 4h Jh] [9d]
3446f461: bets 2,800
2316a1be: folds
9a28174e: folds
Uncalled bet (2,800) returned to 3446f461
3446f461: shows [As 8d] (a pair of Aces)
2f2e736e: shows [Ks 3d] (Ace high)
*** RIVER *** [Ac 4h Jh 9d] [5s]
*** SHOWDOWN ***
3446f461 collected 4,940 from pot
*** SUMMARY ***
Total pot 4,940 | Rake 0 | Jackpot 0 | Bingo 0 | Fortune 0 | Tax 0
Board [Ac 4h Jh 9d 5s]
Seat 1: 2f2e736e showed [Ks 3d] and lost with Ace high
Seat 2: c91668c8 folded before Flop
Seat 3: 9a28174e folded on the Turn
Seat 4: 2f3fbdf3 (button) folded before Flop
Seat 5: 3446f461 (small blind) showed [As 8d] and won (4,940) with a pair of Aces
Seat 6: da84f208 (big blind) folded before Flop
Seat 7: Hero folded before Flop
Seat 8: 2316a1be folded on the Turn


Poker Hand #TM5684398783: Tournament #268638104, Bounty Hunters Special $10.80 Hold'em No Limit - Level9(200/400(60)) - 2026/03/09 18:47:37
Table '64' 8-max Seat #3 is the button
Seat 1: 2f2e736e (8,860 in chips)
Seat 2: c91668c8 (7,785 in chips)
Seat 3: 9a28174e (31,855 in chips)
Seat 4: 2f3fbdf3 (24,843 in chips)
Seat 5: 3446f461 (21,937 in chips)
Seat 6: da84f208 (55,751 in chips)
Seat 7: Hero (8,616 in chips)
Seat 8: 2316a1be (8,301 in chips)
Hero: posts the ante 60
2f2e736e: posts the ante 60
2f3fbdf3: posts the ante 60
3446f461: posts the ante 60
9a28174e: posts the ante 60
da84f208: posts the ante 60
c91668c8: posts the ante 60
2316a1be: posts the ante 60
2f3fbdf3: posts small blind 200
3446f461: posts big blind 400
*** HOLE CARDS ***
Dealt to 2f2e736e 
Dealt to c91668c8 
Dealt to 9a28174e 
Dealt to 2f3fbdf3 
Dealt to 3446f461 
Dealt to da84f208 
Dealt to Hero [Td Qd]
Dealt to 2316a1be 
da84f208: folds
Hero: folds
2316a1be: folds
2f2e736e: raises 8,400 to 8,800 and is all-in
c91668c8: calls 7,725 and is all-in
9a28174e: folds
2f3fbdf3: folds
3446f461: folds
Uncalled bet (1,075) returned to 2f2e736e
2f2e736e: shows [5c As]
c91668c8: shows [Jd Jh]
*** FLOP *** [3h 3s Ac]
*** TURN *** [3h 3s Ac] [Js]
*** RIVER *** [3h 3s Ac Js] [2s]
*** SHOWDOWN ***
c91668c8 collected 16,530 from pot
*** SUMMARY ***
Total pot 16,530 | Rake 0 | Jackpot 0 | Bingo 0 | Fortune 0 | Tax 0
Board [3h 3s Ac Js 2s]
Seat 1: 2f2e736e showed [5c As] and lost with two pair, Aces and Threes
Seat 2: c91668c8 showed [Jd Jh] and won (16,530) with a full house, Jacks full of Threes
Seat 3: 9a28174e (button) folded before Flop
Seat 4: 2f3fbdf3 (small blind) folded before Flop
Seat 5: 3446f461 (big blind) folded before Flop
Seat 6: da84f208 folded before Flop
Seat 7: Hero folded before Flop
Seat 8: 2316a1be folded before Flop


Poker Hand #TM5684398771: Tournament #268638104, Bounty Hunters Special $10.80 Hold'em No Limit - Level9(200/400(60)) - 2026/03/09 18:46:58
Table '64' 8-max Seat #2 is the button
Seat 1: 2f2e736e (8,920 in chips)
Seat 2: c91668c8 (7,845 in chips)
Seat 3: 9a28174e (32,115 in chips)
Seat 4: 2f3fbdf3 (22,623 in chips)
Seat 5: 3446f461 (22,797 in chips)
Seat 6: da84f208 (55,811 in chips)
Seat 7: Hero (9,476 in chips)
Seat 8: 2316a1be (8,361 in chips)
Hero: posts the ante 60
2f2e736e: posts the ante 60
2f3fbdf3: posts the ante 60
3446f461: posts the ante 60
da84f208: posts the ante 60
9a28174e: posts the ante 60
c91668c8: posts the ante 60
2316a1be: posts the ante 60
9a28174e: posts small blind 200
2f3fbdf3: posts big blind 400
*** HOLE CARDS ***
Dealt to 2f2e736e 
Dealt to c91668c8 
Dealt to 9a28174e 
Dealt to 2f3fbdf3 
Dealt to 3446f461 
Dealt to da84f208 
Dealt to Hero [7c Ac]
Dealt to 2316a1be 
3446f461: raises 400 to 800
da84f208: folds
Hero: calls 800
2316a1be: folds
2f2e736e: folds
c91668c8: folds
9a28174e: folds
2f3fbdf3: raises 2,000 to 2,800
3446f461: folds
Hero: folds
Uncalled bet (2,000) returned to 2f3fbdf3
*** SHOWDOWN ***
2f3fbdf3 collected 3,080 from pot
*** SUMMARY ***
Total pot 3,080 | Rake 0 | Jackpot 0 | Bingo 0 | Fortune 0 | Tax 0
Seat 1: 2f2e736e folded before Flop
Seat 2: c91668c8 (button) folded before Flop
Seat 3: 9a28174e (small blind) folded before Flop
Seat 4: 2f3fbdf3 (big blind) collected (3,080)
Seat 5: 3446f461 folded before Flop
Seat 6: da84f208 folded before Flop
Seat 7: Hero folded before Flop
Seat 8: 2316a1be folded before Flop


Poker Hand #TM5684398760: Tournament #268638104, Bounty Hunters Special $10.80 Hold'em No Limit - Level9(200/400(60)) - 2026/03/09 18:46:31
Table '64' 8-max Seat #1 is the button
Seat 1: 2f2e736e (8,980 in chips)
Seat 2: c91668c8 (8,105 in chips)
Seat 3: 9a28174e (32,575 in chips)
Seat 4: 2f3fbdf3 (21,603 in chips)
Seat 5: 3446f461 (22,857 in chips)
Seat 6: da84f208 (55,871 in chips)
Seat 7: Hero (9,536 in chips)
Seat 8: 2316a1be (8,421 in chips)
Hero: posts the ante 60
2f2e736e: posts the ante 60
2f3fbdf3: posts the ante 60
3446f461: posts the ante 60
da84f208: posts the ante 60
9a28174e: posts the ante 60
c91668c8: posts the ante 60
2316a1be: posts the ante 60
c91668c8: posts small blind 200
9a28174e: posts big blind 400
*** HOLE CARDS ***
Dealt to 2f2e736e 
Dealt to c91668c8 
Dealt to 9a28174e 
Dealt to 2f3fbdf3 
Dealt to 3446f461 
Dealt to da84f208 
Dealt to Hero [6h 9s]
Dealt to 2316a1be 
2f3fbdf3: raises 400 to 800
3446f461: folds
da84f208: folds
Hero: folds
2316a1be: folds
2f2e736e: folds
c91668c8: folds
9a28174e: folds
Uncalled bet (400) returned to 2f3fbdf3
*** SHOWDOWN ***
2f3fbdf3 collected 1,480 from pot
*** SUMMARY ***
Total pot 1,480 | Rake 0 | Jackpot 0 | Bingo 0 | Fortune 0 | Tax 0
Seat 1: 2f2e736e (button) folded before Flop
Seat 2: c91668c8 (small blind) folded before Flop
Seat 3: 9a28174e (big blind) folded before Flop
Seat 4: 2f3fbdf3 collected (1,480)
Seat 5: 3446f461 folded before Flop
Seat 6: da84f208 folded before Flop
Seat 7: Hero folded before Flop
Seat 8: 2316a1be folded before Flop


Poker Hand #TM5684398749: Tournament #268638104, Bounty Hunters Special $10.80 Hold'em No Limit - Level9(200/400(60)) - 2026/03/09 18:45:51
Table '64' 8-max Seat #8 is the button
Seat 1: 2f2e736e (9,240 in chips)
Seat 2: c91668c8 (8,965 in chips)
Seat 3: 9a28174e (31,155 in chips)
Seat 4: 2f3fbdf3 (21,663 in chips)
Seat 5: 3446f461 (22,917 in chips)
Seat 6: da84f208 (55,931 in chips)
Seat 7: Hero (9,596 in chips)
Seat 8: 2316a1be (8,481 in chips)
Hero: posts the ante 60
2f2e736e: posts the ante 60
2f3fbdf3: posts the ante 60
3446f461: posts the ante 60
da84f208: posts the ante 60
9a28174e: posts the ante 60
c91668c8: posts the ante 60
2316a1be: posts the ante 60
2f2e736e: posts small blind 200
c91668c8: posts big blind 400
*** HOLE CARDS ***
Dealt to 2f2e736e 
Dealt to c91668c8 
Dealt to 9a28174e 
Dealt to 2f3fbdf3 
Dealt to 3446f461 
Dealt to da84f208 
Dealt to Hero [Qs 9c]
Dealt to 2316a1be 
9a28174e: raises 400 to 800
2f3fbdf3: folds
3446f461: folds
da84f208: folds
Hero: folds
2316a1be: folds
2f2e736e: folds
c91668c8: calls 400
*** FLOP *** [Td As Tc]
c91668c8: checks
9a28174e: bets 753
c91668c8: folds
Uncalled bet (753) returned to 9a28174e
*** SHOWDOWN ***
9a28174e collected 2,280 from pot
*** SUMMARY ***
Total pot 2,280 | Rake 0 | Jackpot 0 | Bingo 0 | Fortune 0 | Tax 0
Board [Td As Tc]
Seat 1: 2f2e736e (small blind) folded before Flop
Seat 2: c91668c8 (big blind) folded on the Flop
Seat 3: 9a28174e won (2,280)
Seat 4: 2f3fbdf3 folded before Flop
Seat 5: 3446f461 folded before Flop
Seat 6: da84f208 folded before Flop
Seat 7: Hero folded before Flop
Seat 8: 2316a1be (button) folded before Flop


Poker Hand #TM5684398735: Tournament #268638104, Bounty Hunters Special $10.80 Hold'em No Limit - Level9(200/400(60)) - 2026/03/09 18:45:19
Table '64' 8-max Seat #7 is the button
Seat 1: 2f2e736e (9,700 in chips)
Seat 2: c91668c8 (9,025 in chips)
Seat 3: 9a28174e (31,215 in chips)
Seat 4: 2f3fbdf3 (21,723 in chips)
Seat 5: 3446f461 (22,977 in chips)
Seat 6: da84f208 (55,991 in chips)
Seat 7: Hero (9,656 in chips)
Seat 8: 2316a1be (7,661 in chips)
Hero: posts the ante 60
2f2e736e: posts the ante 60
2f3fbdf3: posts the ante 60
3446f461: posts the ante 60
da84f208: posts the ante 60
9a28174e: posts the ante 60
c91668c8: posts the ante 60
2316a1be: posts the ante 60
2316a1be: posts small blind 200
2f2e736e: posts big blind 400
*** HOLE CARDS ***
Dealt to 2f2e736e 
Dealt to c91668c8 
Dealt to 9a28174e 
Dealt to 2f3fbdf3 
Dealt to 3446f461 
Dealt to da84f208 
Dealt to Hero [3c 2d]
Dealt to 2316a1be 
c91668c8: folds
9a28174e: folds
2f3fbdf3: folds
3446f461: folds
da84f208: folds
Hero: folds
2316a1be: raises 7,201 to 7,601 and is all-in
2f2e736e: folds
Uncalled bet (7,201) returned to 2316a1be
*** SHOWDOWN ***
2316a1be collected 1,280 from pot
*** SUMMARY ***
Total pot 1,280 | Rake 0 | Jackpot 0 | Bingo 0 | Fortune 0 | Tax 0
Seat 1: 2f2e736e (big blind) folded before Flop
Seat 2: c91668c8 folded before Flop
Seat 3: 9a28174e folded before Flop
Seat 4: 2f3fbdf3 folded before Flop
Seat 5: 3446f461 folded before Flop
Seat 6: da84f208 folded before Flop
Seat 7: Hero (button) folded before Flop
Seat 8: 2316a1be (small blind) collected (1,280)


Poker Hand #TM5684398715: Tournament #268638104, Bounty Hunters Special $10.80 Hold'em No Limit - Level9(200/400(60)) - 2026/03/09 18:44:11
Table '64' 8-max Seat #6 is the button
Seat 1: 2f2e736e (9,760 in chips)
Seat 2: c91668c8 (9,085 in chips)
Seat 3: 9a28174e (26,116 in chips)
Seat 4: 2f3fbdf3 (21,783 in chips)
Seat 5: 3446f461 (23,837 in chips)
Seat 6: da84f208 (56,851 in chips)
Seat 7: Hero (10,516 in chips)
Seat 8: 2316a1be (10,000 in chips)
Hero: posts the ante 60
2f2e736e: posts the ante 60
2f3fbdf3: posts the ante 60
3446f461: posts the ante 60
da84f208: posts the ante 60
9a28174e: posts the ante 60
c91668c8: posts the ante 60
2316a1be: posts the ante 60
Hero: posts small blind 200
2316a1be: posts big blind 400
*** HOLE CARDS ***
Dealt to 2f2e736e 
Dealt to c91668c8 
Dealt to 9a28174e 
Dealt to 2f3fbdf3 
Dealt to 3446f461 
Dealt to da84f208 
Dealt to Hero [Js Kc]
Dealt to 2316a1be 
2f2e736e: folds
c91668c8: folds
9a28174e: raises 400 to 800
2f3fbdf3: folds
3446f461: calls 800
da84f208: calls 800
Hero: calls 600
2316a1be: calls 400
*** FLOP *** [Td 7h Ad]
Hero: checks
2316a1be: checks
9a28174e: bets 1,479
3446f461: folds
da84f208: folds
Hero: folds
2316a1be: calls 1,479
*** TURN *** [Td 7h Ad] [6s]
2316a1be: checks
9a28174e: checks
*** RIVER *** [Td 7h Ad 6s] [2d]
2316a1be: checks
9a28174e: bets 11,157
2316a1be: folds
Uncalled bet (11,157) returned to 9a28174e
*** SHOWDOWN ***
9a28174e collected 7,438 from pot
*** SUMMARY ***
Total pot 7,438 | Rake 0 | Jackpot 0 | Bingo 0 | Fortune 0 | Tax 0
Board [Td 7h Ad 6s 2d]
Seat 1: 2f2e736e folded before Flop
Seat 2: c91668c8 folded before Flop
Seat 3: 9a28174e won (7,438)
Seat 4: 2f3fbdf3 folded before Flop
Seat 5: 3446f461 folded on the Flop
Seat 6: da84f208 (button) folded on the Flop
Seat 7: Hero (small blind) folded on the Flop
Seat 8: 2316a1be (big blind) folded on the River


Poker Hand #TM5684398701: Tournament #268638104, Bounty Hunters Special $10.80 Hold'em No Limit - Level9(200/400(60)) - 2026/03/09 18:43:23
Table '64' 8-max Seat #5 is the button
Seat 1: 2f2e736e (9,820 in chips)
Seat 2: c91668c8 (9,145 in chips)
Seat 3: 9a28174e (26,176 in chips)
Seat 4: 2f3fbdf3 (21,843 in chips)
Seat 5: 3446f461 (20,823 in chips)
Seat 6: da84f208 (57,111 in chips)
Seat 7: Hero (13,030 in chips)
Hero: posts the ante 60
2f2e736e: posts the ante 60
2f3fbdf3: posts the ante 60
3446f461: posts the ante 60
9a28174e: posts the ante 60
da84f208: posts the ante 60
c91668c8: posts the ante 60
da84f208: posts small blind 200
Hero: posts big blind 400
*** HOLE CARDS ***
Dealt to 2f2e736e 
Dealt to c91668c8 
Dealt to 9a28174e 
Dealt to 2f3fbdf3 
Dealt to 3446f461 
Dealt to da84f208 
Dealt to Hero [Kc 6h]
2f2e736e: folds
c91668c8: folds
9a28174e: folds
2f3fbdf3: folds
3446f461: raises 400 to 800
da84f208: folds
Hero: calls 400
*** FLOP *** [As 8c 6d]
Hero: checks
3446f461: bets 555
Hero: calls 555
*** TURN *** [As 8c 6d] [Tc]
Hero: checks
3446f461: checks
*** RIVER *** [As 8c 6d Tc] [8h]
Hero: bets 1,099
3446f461: calls 1,099
Hero: shows [Kc 6h] (two pair, Eights and Sixes)
3446f461: shows [Ac 2c] (two pair, Aces and Eights)
*** SHOWDOWN ***
3446f461 collected 5,528 from pot
*** SUMMARY ***
Total pot 5,528 | Rake 0 | Jackpot 0 | Bingo 0 | Fortune 0 | Tax 0
Board [As 8c 6d Tc 8h]
Seat 1: 2f2e736e folded before Flop
Seat 2: c91668c8 folded before Flop
Seat 3: 9a28174e folded before Flop
Seat 4: 2f3fbdf3 folded before Flop
Seat 5: 3446f461 (button) showed [Ac 2c] and won (5,528) with two pair, Aces and Eights
Seat 6: da84f208 (small blind) folded before Flop
Seat 7: Hero (big blind) showed [Kc 6h] and lost with two pair, Eights and Sixes


Poker Hand #TM5684398679: Tournament #268638104, Bounty Hunters Special $10.80 Hold'em No Limit - Level9(200/400(60)) - 2026/03/09 18:42:13
Table '64' 8-max Seat #4 is the button
Seat 1: 2f2e736e (9,880 in chips)
Seat 2: c91668c8 (9,205 in chips)
Seat 3: 9a28174e (16,105 in chips)
Seat 4: 2f3fbdf3 (21,903 in chips)
Seat 5: 3446f461 (21,083 in chips)
Seat 6: da84f208 (57,571 in chips)
Seat 7: Hero (13,090 in chips)
Seat 8: ca00a6d3 (9,111 in chips)
Hero: posts the ante 60
2f2e736e: posts the ante 60
2f3fbdf3: posts the ante 60
3446f461: posts the ante 60
9a28174e: posts the ante 60
da84f208: posts the ante 60
c91668c8: posts the ante 60
ca00a6d3: posts the ante 60
3446f461: posts small blind 200
da84f208: posts big blind 400
*** HOLE CARDS ***
Dealt to 2f2e736e 
Dealt to c91668c8 
Dealt to 9a28174e 
Dealt to 2f3fbdf3 
Dealt to 3446f461 
Dealt to da84f208 
Dealt to Hero [7s 5c]
Dealt to ca00a6d3 
Hero: folds
ca00a6d3: raises 400 to 800
2f2e736e: folds
c91668c8: folds
9a28174e: raises 1,740 to 2,540
2f3fbdf3: folds
3446f461: folds
da84f208: folds
ca00a6d3: calls 1,740
*** FLOP *** [Jc Tc Ad]
ca00a6d3: checks
9a28174e: bets 2,033
ca00a6d3: raises 4,478 to 6,511 and is all-in
9a28174e: calls 4,478
ca00a6d3: shows [Jh Th] (two pair, Jacks and Tens)
9a28174e: shows [As Ac] (three of a kind, Aces)
*** TURN *** [Jc Tc Ad] [Kh]
*** RIVER *** [Jc Tc Ad Kh] [8c]
da84f208: shows [Qh Ts] (a straight, Ace to Ten)
*** SHOWDOWN ***
9a28174e collected 19,182 from pot
*** SUMMARY ***
Total pot 19,182 | Rake 0 | Jackpot 0 | Bingo 0 | Fortune 0 | Tax 0
Board [Jc Tc Ad Kh 8c]
Seat 1: 2f2e736e folded before Flop
Seat 2: c91668c8 folded before Flop
Seat 3: 9a28174e showed [As Ac] and won (19,182) with three of a kind, Aces
Seat 4: 2f3fbdf3 (button) folded before Flop
Seat 5: 3446f461 (small blind) folded before Flop
Seat 6: da84f208 (big blind) folded before Flop
Seat 7: Hero folded before Flop
Seat 8: ca00a6d3 showed [Jh Th] and lost with two pair, Jacks and Tens


Poker Hand #TM5684398659: Tournament #268638104, Bounty Hunters Special $10.80 Hold'em No Limit - Level9(200/400(60)) - 2026/03/09 18:41:12
Table '64' 8-max Seat #3 is the button
Seat 1: 2f2e736e (9,940 in chips)
Seat 2: c91668c8 (9,265 in chips)
Seat 3: 9a28174e (16,165 in chips)
Seat 4: 2f3fbdf3 (22,163 in chips)
Seat 5: 3446f461 (19,663 in chips)
Seat 6: da84f208 (58,431 in chips)
Seat 7: Hero (13,150 in chips)
Seat 8: ca00a6d3 (9,171 in chips)
Hero: posts the ante 60
2f2e736e: posts the ante 60
2f3fbdf3: posts the ante 60
3446f461: posts the ante 60
9a28174e: posts the ante 60
da84f208: posts the ante 60
c91668c8: posts the ante 60
ca00a6d3: posts the ante 60
2f3fbdf3: posts small blind 200
3446f461: posts big blind 400
*** HOLE CARDS ***
Dealt to 2f2e736e 
Dealt to c91668c8 
Dealt to 9a28174e 
Dealt to 2f3fbdf3 
Dealt to 3446f461 
Dealt to da84f208 
Dealt to Hero [5s 7s]
Dealt to ca00a6d3 
da84f208: raises 400 to 800
Hero: folds
ca00a6d3: folds
2f2e736e: folds
c91668c8: folds
9a28174e: folds
2f3fbdf3: folds
3446f461: raises 2,000 to 2,800
da84f208: folds
Uncalled bet (2,000) returned to 3446f461
*** SHOWDOWN ***
3446f461 collected 2,280 from pot
*** SUMMARY ***
Total pot 2,280 | Rake 0 | Jackpot 0 | Bingo 0 | Fortune 0 | Tax 0
Seat 1: 2f2e736e folded before Flop
Seat 2: c91668c8 folded before Flop
Seat 3: 9a28174e (button) folded before Flop
Seat 4: 2f3fbdf3 (small blind) folded before Flop
Seat 5: 3446f461 (big blind) collected (2,280)
Seat 6: da84f208 folded before Flop
Seat 7: Hero folded before Flop
Seat 8: ca00a6d3 folded before Flop


Poker Hand #TM5684398651: Tournament #268638104, Bounty Hunters Special $10.80 Hold'em No Limit - Level9(200/400(60)) - 2026/03/09 18:40:55
Table '64' 8-max Seat #2 is the button
Seat 1: 2f2e736e (10,000 in chips)
Seat 2: c91668c8 (9,325 in chips)
Seat 3: 9a28174e (16,425 in chips)
Seat 4: 2f3fbdf3 (22,623 in chips)
Seat 5: 3446f461 (19,723 in chips)
Seat 6: da84f208 (58,491 in chips)
Seat 7: Hero (13,210 in chips)
Seat 8: ca00a6d3 (8,151 in chips)
Hero: posts the ante 60
2f2e736e: posts the ante 60
2f3fbdf3: posts the ante 60
3446f461: posts the ante 60
da84f208: posts the ante 60
9a28174e: posts the ante 60
c91668c8: posts the ante 60
ca00a6d3: posts the ante 60
9a28174e: posts small blind 200
2f3fbdf3: posts big blind 400
*** HOLE CARDS ***
Dealt to 2f2e736e 
Dealt to c91668c8 
Dealt to 9a28174e 
Dealt to 2f3fbdf3 
Dealt to 3446f461 
Dealt to da84f208 
Dealt to Hero [Ts 4s]
Dealt to ca00a6d3 
3446f461: folds
da84f208: folds
Hero: folds
ca00a6d3: raises 400 to 800
2f2e736e: folds
c91668c8: folds
9a28174e: folds
2f3fbdf3: folds
Uncalled bet (400) returned to ca00a6d3
*** SHOWDOWN ***
ca00a6d3 collected 1,480 from pot
*** SUMMARY ***
Total pot 1,480 | Rake 0 | Jackpot 0 | Bingo 0 | Fortune 0 | Tax 0
Seat 1: 2f2e736e folded before Flop
Seat 2: c91668c8 (button) folded before Flop
Seat 3: 9a28174e (small blind) folded before Flop
Seat 4: 2f3fbdf3 (big blind) folded before Flop
Seat 5: 3446f461 folded before Flop
Seat 6: da84f208 folded before Flop
Seat 7: Hero folded before Flop
Seat 8: ca00a6d3 collected (1,480)


Poker Hand #TM5684398642: Tournament #268638104, Bounty Hunters Special $10.80 Hold'em No Limit - Level8(175/350(50)) - 2026/03/09 18:40:21
Table '64' 8-max Seat #8 is the button
Seat 2: c91668c8 (9,550 in chips)
Seat 3: 9a28174e (17,175 in chips)
Seat 4: 2f3fbdf3 (22,673 in chips)
Seat 5: 3446f461 (19,773 in chips)
Seat 6: da84f208 (58,541 in chips)
Seat 7: Hero (13,260 in chips)
Seat 8: ca00a6d3 (6,976 in chips)
Hero: posts the ante 50
2f3fbdf3: posts the ante 50
3446f461: posts the ante 50
da84f208: posts the ante 50
9a28174e: posts the ante 50
ca00a6d3: posts the ante 50
c91668c8: posts the ante 50
c91668c8: posts small blind 175
9a28174e: posts big blind 350
*** HOLE CARDS ***
Dealt to c91668c8 
Dealt to 9a28174e 
Dealt to 2f3fbdf3 
Dealt to 3446f461 
Dealt to da84f208 
Dealt to Hero [Qs 7c]
Dealt to ca00a6d3 
2f3fbdf3: folds
3446f461: folds
da84f208: folds
Hero: folds
ca00a6d3: raises 350 to 700
c91668c8: folds
9a28174e: calls 350
*** FLOP *** [4s Ts 8s]
9a28174e: checks
ca00a6d3: bets 350
9a28174e: folds
Uncalled bet (350) returned to ca00a6d3
*** SHOWDOWN ***
ca00a6d3 collected 1,925 from pot
*** SUMMARY ***
Total pot 1,925 | Rake 0 | Jackpot 0 | Bingo 0 | Fortune 0 | Tax 0
Board [4s Ts 8s]
Seat 2: c91668c8 (small blind) folded before Flop
Seat 3: 9a28174e (big blind) folded on the Flop
Seat 4: 2f3fbdf3 folded before Flop
Seat 5: 3446f461 folded before Flop
Seat 6: da84f208 folded before Flop
Seat 7: Hero folded before Flop
Seat 8: ca00a6d3 (button) won (1,925)


Poker Hand #TM5684398626: Tournament #268638104, Bounty Hunters Special $10.80 Hold'em No Limit - Level8(175/350(50)) - 2026/03/09 18:39:35
Table '64' 8-max Seat #7 is the button
Seat 2: c91668c8 (9,950 in chips)
Seat 3: 9a28174e (13,010 in chips)
Seat 4: 2f3fbdf3 (22,723 in chips)
Seat 5: 3446f461 (19,823 in chips)
Seat 6: da84f208 (58,591 in chips)
Seat 7: Hero (16,650 in chips)
Seat 8: ca00a6d3 (7,201 in chips)
Hero: posts the ante 50
2f3fbdf3: posts the ante 50
3446f461: posts the ante 50
da84f208: posts the ante 50
9a28174e: posts the ante 50
c91668c8: posts the ante 50
ca00a6d3: posts the ante 50
ca00a6d3: posts small blind 175
c91668c8: posts big blind 350
*** HOLE CARDS ***
Dealt to c91668c8 
Dealt to 9a28174e 
Dealt to 2f3fbdf3 
Dealt to 3446f461 
Dealt to da84f208 
Dealt to Hero [8h 8s]
Dealt to ca00a6d3 
9a28174e: raises 350 to 700
2f3fbdf3: folds
3446f461: folds
da84f208: folds
Hero: calls 700
ca00a6d3: folds
c91668c8: folds
*** FLOP *** [Jh 7d 3d]
9a28174e: bets 751
Hero: calls 751
*** TURN *** [Jh 7d 3d] [5s]
9a28174e: checks
Hero: bets 1,889
9a28174e: calls 1,889
*** RIVER *** [Jh 7d 3d 5s] [7h]
9a28174e: checks
Hero: checks
9a28174e: shows [9h 9c] (two pair, Nines and Sevens)
Hero: shows [8h 8s] (two pair, Eights and Sevens)
*** SHOWDOWN ***
9a28174e collected 7,555 from pot
*** SUMMARY ***
Total pot 7,555 | Rake 0 | Jackpot 0 | Bingo 0 | Fortune 0 | Tax 0
Board [Jh 7d 3d 5s 7h]
Seat 2: c91668c8 (big blind) folded before Flop
Seat 3: 9a28174e showed [9h 9c] and won (7,555) with two pair, Nines and Sevens
Seat 4: 2f3fbdf3 folded before Flop
Seat 5: 3446f461 folded before Flop
Seat 6: da84f208 folded before Flop
Seat 7: Hero (button) showed [8h 8s] and lost with two pair, Eights and Sevens
Seat 8: ca00a6d3 (small blind) folded before Flop


Poker Hand #TM5684398609: Tournament #268638104, Bounty Hunters Special $10.80 Hold'em No Limit - Level8(175/350(50)) - 2026/03/09 18:38:37
Table '64' 8-max Seat #6 is the button
Seat 1: fe3c8ec4 (3,973 in chips)
Seat 2: c91668c8 (10,000 in chips)
Seat 3: 9a28174e (8,212 in chips)
Seat 4: 2f3fbdf3 (22,773 in chips)
Seat 5: 3446f461 (19,873 in chips)
Seat 6: da84f208 (58,641 in chips)
Seat 7: Hero (16,875 in chips)
Seat 8: ca00a6d3 (7,601 in chips)
Hero: posts the ante 50
2f3fbdf3: posts the ante 50
3446f461: posts the ante 50
fe3c8ec4: posts the ante 50
da84f208: posts the ante 50
9a28174e: posts the ante 50
c91668c8: posts the ante 50
ca00a6d3: posts the ante 50
Hero: posts small blind 175
ca00a6d3: posts big blind 350
*** HOLE CARDS ***
Dealt to fe3c8ec4 
Dealt to c91668c8 
Dealt to 9a28174e 
Dealt to 2f3fbdf3 
Dealt to 3446f461 
Dealt to da84f208 
Dealt to Hero [6d 5s]
Dealt to ca00a6d3 
fe3c8ec4: raises 700 to 1,050
c91668c8: folds
9a28174e: raises 1,163 to 2,213
2f3fbdf3: folds
3446f461: folds
da84f208: folds
Hero: folds
ca00a6d3: folds
fe3c8ec4: raises 1,710 to 3,923 and is all-in
9a28174e: calls 1,710
fe3c8ec4: shows [Jh Ac]
9a28174e: shows [Kd Kh]
*** FLOP *** [Ks 2c 5c]
*** TURN *** [Ks 2c 5c] [2h]
*** RIVER *** [Ks 2c 5c 2h] [9h]
*** SHOWDOWN ***
9a28174e collected 8,771 from pot
*** SUMMARY ***
Total pot 8,771 | Rake 0 | Jackpot 0 | Bingo 0 | Fortune 0 | Tax 0
Board [Ks 2c 5c 2h 9h]
Seat 1: fe3c8ec4 showed [Jh Ac] and lost with a pair of Twos
Seat 2: c91668c8 folded before Flop
Seat 3: 9a28174e showed [Kd Kh] and won (8,771) with a full house, Kings full of Twos
Seat 4: 2f3fbdf3 folded before Flop
Seat 5: 3446f461 folded before Flop
Seat 6: da84f208 (button) folded before Flop
Seat 7: Hero (small blind) folded before Flop
Seat 8: ca00a6d3 (big blind) folded before Flop


Poker Hand #TM5684398593: Tournament #268638104, Bounty Hunters Special $10.80 Hold'em No Limit - Level8(175/350(50)) - 2026/03/09 18:37:53
Table '64' 8-max Seat #5 is the button
Seat 1: fe3c8ec4 (4,023 in chips)
Seat 3: 9a28174e (8,262 in chips)
Seat 4: 2f3fbdf3 (22,823 in chips)
Seat 5: 3446f461 (19,923 in chips)
Seat 6: da84f208 (57,291 in chips)
Seat 7: Hero (17,975 in chips)
Seat 8: ca00a6d3 (7,651 in chips)
Hero: posts the ante 50
2f3fbdf3: posts the ante 50
3446f461: posts the ante 50
fe3c8ec4: posts the ante 50
9a28174e: posts the ante 50
da84f208: posts the ante 50
ca00a6d3: posts the ante 50
da84f208: posts small blind 175
Hero: posts big blind 350
*** HOLE CARDS ***
Dealt to fe3c8ec4 
Dealt to 9a28174e 
Dealt to 2f3fbdf3 
Dealt to 3446f461 
Dealt to da84f208 
Dealt to Hero [Qd 7d]
Dealt to ca00a6d3 
ca00a6d3: folds
fe3c8ec4: folds
9a28174e: folds
2f3fbdf3: folds
3446f461: folds
da84f208: raises 700 to 1,050
Hero: calls 700
*** FLOP *** [2s Kh Td]
da84f208: checks
Hero: checks
*** TURN *** [2s Kh Td] [7c]
da84f208: bets 1,225
Hero: folds
Uncalled bet (1,225) returned to da84f208
*** SHOWDOWN ***
da84f208 collected 2,450 from pot
*** SUMMARY ***
Total pot 2,450 | Rake 0 | Jackpot 0 | Bingo 0 | Fortune 0 | Tax 0
Board [2s Kh Td 7c]
Seat 1: fe3c8ec4 folded before Flop
Seat 3: 9a28174e folded before Flop
Seat 4: 2f3fbdf3 folded before Flop
Seat 5: 3446f461 (button) folded before Flop
Seat 6: da84f208 (small blind) won (2,450)
Seat 7: Hero (big blind) folded on the Turn
Seat 8: ca00a6d3 folded before Flop


Poker Hand #TM5684398564: Tournament #268638104, Bounty Hunters Special $10.80 Hold'em No Limit - Level8(175/350(50)) - 2026/03/09 18:36:34
Table '64' 8-max Seat #4 is the button
Seat 1: fe3c8ec4 (7,392 in chips)
Seat 2: 8da85fc (11,200 in chips)
Seat 3: 9a28174e (8,312 in chips)
Seat 4: 2f3fbdf3 (22,873 in chips)
Seat 5: 3446f461 (20,148 in chips)
Seat 6: da84f208 (42,297 in chips)
Seat 7: Hero (18,025 in chips)
Seat 8: ca00a6d3 (7,701 in chips)
8da85fc: posts the ante 50
Hero: posts the ante 50
2f3fbdf3: posts the ante 50
3446f461: posts the ante 50
fe3c8ec4: posts the ante 50
9a28174e: posts the ante 50
da84f208: posts the ante 50
ca00a6d3: posts the ante 50
3446f461: posts small blind 175
da84f208: posts big blind 350
*** HOLE CARDS ***
Dealt to fe3c8ec4 
Dealt to 8da85fc 
Dealt to 9a28174e 
Dealt to 2f3fbdf3 
Dealt to 3446f461 
Dealt to da84f208 
Dealt to Hero [5d Qh]
Dealt to ca00a6d3 
Hero: folds
ca00a6d3: folds
fe3c8ec4: calls 350
8da85fc: raises 700 to 1,050
9a28174e: folds
2f3fbdf3: folds
3446f461: folds
da84f208: raises 2,269 to 3,319
fe3c8ec4: calls 2,969
8da85fc: calls 2,269
*** FLOP *** [Tc As 7s]
da84f208: bets 38,928 and is all-in
fe3c8ec4: folds
8da85fc: calls 7,831 and is all-in
Uncalled bet (31,097) returned to da84f208
da84f208: shows [Qd Qs] (a pair of Queens)
8da85fc: shows [Td Jd] (a pair of Tens)
*** TURN *** [Tc As 7s] [Kc]
*** RIVER *** [Tc As 7s Kc] [7c]
*** SHOWDOWN ***
da84f208 collected 26,194 from pot
*** SUMMARY ***
Total pot 26,194 | Rake 0 | Jackpot 0 | Bingo 0 | Fortune 0 | Tax 0
Board [Tc As 7s Kc 7c]
Seat 1: fe3c8ec4 folded on the Flop
Seat 2: 8da85fc showed [Td Jd] and lost with two pair, Tens and Sevens
Seat 3: 9a28174e folded before Flop
Seat 4: 2f3fbdf3 (button) folded before Flop
Seat 5: 3446f461 (small blind) folded before Flop
Seat 6: da84f208 (big blind) showed [Qd Qs] and won (26,194) with two pair, Queens and Sevens
Seat 7: Hero folded before Flop
Seat 8: ca00a6d3 folded before Flop


Poker Hand #TM5684398543: Tournament #268638104, Bounty Hunters Special $10.80 Hold'em No Limit - Level8(175/350(50)) - 2026/03/09 18:35:37
Table '64' 8-max Seat #3 is the button
Seat 1: fe3c8ec4 (7,442 in chips)
Seat 2: 8da85fc (11,250 in chips)
Seat 3: 9a28174e (9,412 in chips)
Seat 4: 2f3fbdf3 (20,773 in chips)
Seat 5: 3446f461 (20,898 in chips)
Seat 6: da84f208 (42,347 in chips)
Seat 7: Hero (18,075 in chips)
Seat 8: ca00a6d3 (7,751 in chips)
8da85fc: posts the ante 50
Hero: posts the ante 50
2f3fbdf3: posts the ante 50
3446f461: posts the ante 50
fe3c8ec4: posts the ante 50
9a28174e: posts the ante 50
da84f208: posts the ante 50
ca00a6d3: posts the ante 50
2f3fbdf3: posts small blind 175
3446f461: posts big blind 350
*** HOLE CARDS ***
Dealt to fe3c8ec4 
Dealt to 8da85fc 
Dealt to 9a28174e 
Dealt to 2f3fbdf3 
Dealt to 3446f461 
Dealt to da84f208 
Dealt to Hero [Qh 2s]
Dealt to ca00a6d3 
da84f208: folds
Hero: folds
ca00a6d3: folds
fe3c8ec4: folds
8da85fc: folds
9a28174e: raises 350 to 700
2f3fbdf3: calls 525
3446f461: calls 350
*** FLOP *** [5d Jd 8s]
2f3fbdf3: checks
3446f461: checks
9a28174e: bets 350
2f3fbdf3: raises 1,600 to 1,950
3446f461: folds
9a28174e: folds
Uncalled bet (1,600) returned to 2f3fbdf3
*** SHOWDOWN ***
2f3fbdf3 collected 3,200 from pot
*** SUMMARY ***
Total pot 3,200 | Rake 0 | Jackpot 0 | Bingo 0 | Fortune 0 | Tax 0
Board [5d Jd 8s]
Seat 1: fe3c8ec4 folded before Flop
Seat 2: 8da85fc folded before Flop
Seat 3: 9a28174e (button) folded on the Flop
Seat 4: 2f3fbdf3 (small blind) won (3,200)
Seat 5: 3446f461 (big blind) folded on the Flop
Seat 6: da84f208 folded before Flop
Seat 7: Hero folded before Flop
Seat 8: ca00a6d3 folded before Flop


Poker Hand #TM5684398530: Tournament #268638104, Bounty Hunters Special $10.80 Hold'em No Limit - Level8(175/350(50)) - 2026/03/09 18:34:56
Table '64' 8-max Seat #2 is the button
Seat 1: fe3c8ec4 (8,192 in chips)
Seat 2: 8da85fc (11,300 in chips)
Seat 3: 9a28174e (9,637 in chips)
Seat 4: 2f3fbdf3 (21,173 in chips)
Seat 5: 3446f461 (19,323 in chips)
Seat 6: da84f208 (42,397 in chips)
Seat 7: Hero (18,125 in chips)
Seat 8: ca00a6d3 (7,801 in chips)
8da85fc: posts the ante 50
Hero: posts the ante 50
2f3fbdf3: posts the ante 50
3446f461: posts the ante 50
fe3c8ec4: posts the ante 50
da84f208: posts the ante 50
9a28174e: posts the ante 50
ca00a6d3: posts the ante 50
9a28174e: posts small blind 175
2f3fbdf3: posts big blind 350
*** HOLE CARDS ***
Dealt to fe3c8ec4 
Dealt to 8da85fc 
Dealt to 9a28174e 
Dealt to 2f3fbdf3 
Dealt to 3446f461 
Dealt to da84f208 
Dealt to Hero [9s 3s]
Dealt to ca00a6d3 
3446f461: raises 350 to 700
da84f208: folds
Hero: folds
ca00a6d3: folds
fe3c8ec4: calls 700
8da85fc: folds
9a28174e: folds
2f3fbdf3: folds
*** FLOP *** [2c Qh Td]
3446f461: bets 768
fe3c8ec4: folds
Uncalled bet (768) returned to 3446f461
*** SHOWDOWN ***
3446f461 collected 2,325 from pot
*** SUMMARY ***
Total pot 2,325 | Rake 0 | Jackpot 0 | Bingo 0 | Fortune 0 | Tax 0
Board [2c Qh Td]
Seat 1: fe3c8ec4 folded on the Flop
Seat 2: 8da85fc (button) folded before Flop
Seat 3: 9a28174e (small blind) folded before Flop
Seat 4: 2f3fbdf3 (big blind) folded before Flop
Seat 5: 3446f461 won (2,325)
Seat 6: da84f208 folded before Flop
Seat 7: Hero folded before Flop
Seat 8: ca00a6d3 folded before Flop


Poker Hand #TM5684398512: Tournament #268638104, Bounty Hunters Special $10.80 Hold'em No Limit - Level8(175/350(50)) - 2026/03/09 18:34:07
Table '64' 8-max Seat #1 is the button
Seat 1: fe3c8ec4 (7,317 in chips)
Seat 2: 8da85fc (11,525 in chips)
Seat 3: 9a28174e (10,037 in chips)
Seat 4: 2f3fbdf3 (21,223 in chips)
Seat 5: 3446f461 (19,373 in chips)
Seat 6: da84f208 (42,447 in chips)
Seat 7: Hero (18,175 in chips)
Seat 8: ca00a6d3 (7,851 in chips)
8da85fc: posts the ante 50
Hero: posts the ante 50
2f3fbdf3: posts the ante 50
3446f461: posts the ante 50
fe3c8ec4: posts the ante 50
da84f208: posts the ante 50
9a28174e: posts the ante 50
ca00a6d3: posts the ante 50
8da85fc: posts small blind 175
9a28174e: posts big blind 350
*** HOLE CARDS ***
Dealt to fe3c8ec4 
Dealt to 8da85fc 
Dealt to 9a28174e 
Dealt to 2f3fbdf3 
Dealt to 3446f461 
Dealt to da84f208 
Dealt to Hero [8s Ac]
Dealt to ca00a6d3 
2f3fbdf3: folds
3446f461: folds
da84f208: folds
Hero: folds
ca00a6d3: folds
fe3c8ec4: calls 350
8da85fc: folds
9a28174e: checks
*** FLOP *** [Jh 7h 4d]
9a28174e: checks
fe3c8ec4: bets 421
9a28174e: folds
Uncalled bet (421) returned to fe3c8ec4
*** SHOWDOWN ***
fe3c8ec4 collected 1,275 from pot
*** SUMMARY ***
Total pot 1,275 | Rake 0 | Jackpot 0 | Bingo 0 | Fortune 0 | Tax 0
Board [Jh 7h 4d]
Seat 1: fe3c8ec4 (button) won (1,275)
Seat 2: 8da85fc (small blind) folded before Flop
Seat 3: 9a28174e (big blind) folded on the Flop
Seat 4: 2f3fbdf3 folded before Flop
Seat 5: 3446f461 folded before Flop
Seat 6: da84f208 folded before Flop
Seat 7: Hero folded before Flop
Seat 8: ca00a6d3 folded before Flop


Poker Hand #TM5684398495: Tournament #268638104, Bounty Hunters Special $10.80 Hold'em No Limit - Level8(175/350(50)) - 2026/03/09 18:33:21
Table '64' 8-max Seat #8 is the button
Seat 1: fe3c8ec4 (8,067 in chips)
Seat 2: 8da85fc (9,775 in chips)
Seat 3: 9a28174e (10,087 in chips)
Seat 4: 2f3fbdf3 (21,273 in chips)
Seat 5: 3446f461 (20,123 in chips)
Seat 6: da84f208 (42,497 in chips)
Seat 7: Hero (18,225 in chips)
Seat 8: ca00a6d3 (7,901 in chips)
8da85fc: posts the ante 50
Hero: posts the ante 50
2f3fbdf3: posts the ante 50
3446f461: posts the ante 50
fe3c8ec4: posts the ante 50
da84f208: posts the ante 50
9a28174e: posts the ante 50
ca00a6d3: posts the ante 50
fe3c8ec4: posts small blind 175
8da85fc: posts big blind 350
*** HOLE CARDS ***
Dealt to fe3c8ec4 
Dealt to 8da85fc 
Dealt to 9a28174e 
Dealt to 2f3fbdf3 
Dealt to 3446f461 
Dealt to da84f208 
Dealt to Hero [6h 4s]
Dealt to ca00a6d3 
9a28174e: folds
2f3fbdf3: folds
3446f461: raises 350 to 700
da84f208: folds
Hero: folds
ca00a6d3: folds
fe3c8ec4: calls 525
8da85fc: raises 9,025 to 9,725 and is all-in
3446f461: folds
fe3c8ec4: folds
Uncalled bet (9,025) returned to 8da85fc
*** SHOWDOWN ***
8da85fc collected 2,500 from pot
*** SUMMARY ***
Total pot 2,500 | Rake 0 | Jackpot 0 | Bingo 0 | Fortune 0 | Tax 0
Seat 1: fe3c8ec4 (small blind) folded before Flop
Seat 2: 8da85fc (big blind) collected (2,500)
Seat 3: 9a28174e folded before Flop
Seat 4: 2f3fbdf3 folded before Flop
Seat 5: 3446f461 folded before Flop
Seat 6: da84f208 folded before Flop
Seat 7: Hero folded before Flop
Seat 8: ca00a6d3 (button) folded before Flop


Poker Hand #TM5684398470: Tournament #268638104, Bounty Hunters Special $10.80 Hold'em No Limit - Level7(150/300(45)) - 2026/03/09 18:32:14
Table '64' 8-max Seat #7 is the button
Seat 1: fe3c8ec4 (9,475 in chips)
Seat 2: 8da85fc (9,820 in chips)
Seat 3: 9a28174e (10,132 in chips)
Seat 4: 2f3fbdf3 (18,845 in chips)
Seat 5: 3446f461 (20,168 in chips)
Seat 6: da84f208 (43,142 in chips)
Seat 7: Hero (18,270 in chips)
Seat 8: ca00a6d3 (8,096 in chips)
8da85fc: posts the ante 45
Hero: posts the ante 45
2f3fbdf3: posts the ante 45
3446f461: posts the ante 45
fe3c8ec4: posts the ante 45
da84f208: posts the ante 45
9a28174e: posts the ante 45
ca00a6d3: posts the ante 45
ca00a6d3: posts small blind 150
fe3c8ec4: posts big blind 300
*** HOLE CARDS ***
Dealt to fe3c8ec4 
Dealt to 8da85fc 
Dealt to 9a28174e 
Dealt to 2f3fbdf3 
Dealt to 3446f461 
Dealt to da84f208 
Dealt to Hero [6d 8h]
Dealt to ca00a6d3 
8da85fc: folds
9a28174e: folds
2f3fbdf3: raises 300 to 600
3446f461: folds
da84f208: calls 600
Hero: folds
ca00a6d3: folds
fe3c8ec4: calls 300
*** FLOP *** [Ac 2s 7h]
fe3c8ec4: checks
2f3fbdf3: checks
da84f208: checks
*** TURN *** [Ac 2s 7h] [3c]
fe3c8ec4: bets 763
2f3fbdf3: raises 763 to 1,526
da84f208: folds
fe3c8ec4: folds
Uncalled bet (763) returned to 2f3fbdf3
*** SHOWDOWN ***
2f3fbdf3 collected 3,836 from pot
*** SUMMARY ***
Total pot 3,836 | Rake 0 | Jackpot 0 | Bingo 0 | Fortune 0 | Tax 0
Board [Ac 2s 7h 3c]
Seat 1: fe3c8ec4 (big blind) folded on the Turn
Seat 2: 8da85fc folded before Flop
Seat 3: 9a28174e folded before Flop
Seat 4: 2f3fbdf3 won (3,836)
Seat 5: 3446f461 folded before Flop
Seat 6: da84f208 folded on the Turn
Seat 7: Hero (button) folded before Flop
Seat 8: ca00a6d3 (small blind) folded before Flop


Poker Hand #TM5684398456: Tournament #268638104, Bounty Hunters Special $10.80 Hold'em No Limit - Level7(150/300(45)) - 2026/03/09 18:31:30
Table '64' 8-max Seat #6 is the button
Seat 1: fe3c8ec4 (9,520 in chips)
Seat 2: 8da85fc (9,865 in chips)
Seat 3: 9a28174e (10,177 in chips)
Seat 4: 2f3fbdf3 (19,490 in chips)
Seat 5: 3446f461 (20,213 in chips)
Seat 6: da84f208 (43,187 in chips)
Seat 7: Hero (18,465 in chips)
Seat 8: ca00a6d3 (7,031 in chips)
8da85fc: posts the ante 45
Hero: posts the ante 45
2f3fbdf3: posts the ante 45
3446f461: posts the ante 45
fe3c8ec4: posts the ante 45
da84f208: posts the ante 45
9a28174e: posts the ante 45
ca00a6d3: posts the ante 45
Hero: posts small blind 150
ca00a6d3: posts big blind 300
*** HOLE CARDS ***
Dealt to fe3c8ec4 
Dealt to 8da85fc 
Dealt to 9a28174e 
Dealt to 2f3fbdf3 
Dealt to 3446f461 
Dealt to da84f208 
Dealt to Hero [Td 6h]
Dealt to ca00a6d3 
fe3c8ec4: folds
8da85fc: folds
9a28174e: folds
2f3fbdf3: raises 300 to 600
3446f461: folds
da84f208: folds
Hero: folds
ca00a6d3: raises 6,386 to 6,986 and is all-in
2f3fbdf3: folds
Uncalled bet (6,386) returned to ca00a6d3
*** SHOWDOWN ***
ca00a6d3 collected 1,710 from pot
*** SUMMARY ***
Total pot 1,710 | Rake 0 | Jackpot 0 | Bingo 0 | Fortune 0 | Tax 0
Seat 1: fe3c8ec4 folded before Flop
Seat 2: 8da85fc folded before Flop
Seat 3: 9a28174e folded before Flop
Seat 4: 2f3fbdf3 folded before Flop
Seat 5: 3446f461 folded before Flop
Seat 6: da84f208 (button) folded before Flop
Seat 7: Hero (small blind) folded before Flop
Seat 8: ca00a6d3 (big blind) collected (1,710)


Poker Hand #TM5684398437: Tournament #268638104, Bounty Hunters Special $10.80 Hold'em No Limit - Level7(150/300(45)) - 2026/03/09 18:30:26
Table '64' 8-max Seat #5 is the button
Seat 1: fe3c8ec4 (9,865 in chips)
Seat 2: 8da85fc (9,910 in chips)
Seat 3: 9a28174e (10,222 in chips)
Seat 4: 2f3fbdf3 (19,535 in chips)
Seat 5: 3446f461 (20,258 in chips)
Seat 6: da84f208 (41,642 in chips)
Seat 7: Hero (19,440 in chips)
Seat 8: ca00a6d3 (7,076 in chips)
8da85fc: posts the ante 45
Hero: posts the ante 45
2f3fbdf3: posts the ante 45
3446f461: posts the ante 45
fe3c8ec4: posts the ante 45
9a28174e: posts the ante 45
da84f208: posts the ante 45
ca00a6d3: posts the ante 45
da84f208: posts small blind 150
Hero: posts big blind 300
*** HOLE CARDS ***
Dealt to fe3c8ec4 
Dealt to 8da85fc 
Dealt to 9a28174e 
Dealt to 2f3fbdf3 
Dealt to 3446f461 
Dealt to da84f208 
Dealt to Hero [7d 5c]
Dealt to ca00a6d3 
ca00a6d3: folds
fe3c8ec4: calls 300
8da85fc: folds
9a28174e: folds
2f3fbdf3: folds
3446f461: folds
da84f208: calls 150
Hero: checks
*** FLOP *** [7h 3h 3d]
da84f208: checks
Hero: checks
fe3c8ec4: checks
*** TURN *** [7h 3h 3d] [4h]
da84f208: bets 630
Hero: calls 630
fe3c8ec4: folds
*** RIVER *** [7h 3h 3d 4h] [4s]
da84f208: checks
Hero: checks
da84f208: shows [7s Qs] (two pair, Sevens and Fours)
Hero: shows [7d 5c] (two pair, Sevens and Fours)
*** SHOWDOWN ***
da84f208 collected 2,520 from pot
*** SUMMARY ***
Total pot 2,520 | Rake 0 | Jackpot 0 | Bingo 0 | Fortune 0 | Tax 0
Board [7h 3h 3d 4h 4s]
Seat 1: fe3c8ec4 folded on the Turn
Seat 2: 8da85fc folded before Flop
Seat 3: 9a28174e folded before Flop
Seat 4: 2f3fbdf3 folded before Flop
Seat 5: 3446f461 (button) folded before Flop
Seat 6: da84f208 (small blind) showed [7s Qs] and won (2,520) with two pair, Sevens and Fours
Seat 7: Hero (big blind) showed [7d 5c] and lost with two pair, Sevens and Fours
Seat 8: ca00a6d3 folded before Flop


Poker Hand #TM5684398404: Tournament #268638104, Bounty Hunters Special $10.80 Hold'em No Limit - Level7(150/300(45)) - 2026/03/09 18:28:54
Table '64' 8-max Seat #4 is the button
Seat 1: fe3c8ec4 (9,910 in chips)
Seat 2: 8da85fc (9,955 in chips)
Seat 3: 9a28174e (13,170 in chips)
Seat 4: 2f3fbdf3 (15,867 in chips)
Seat 5: 3446f461 (20,453 in chips)
Seat 6: da84f208 (41,987 in chips)
Seat 7: Hero (19,485 in chips)
Seat 8: ca00a6d3 (7,121 in chips)
8da85fc: posts the ante 45
Hero: posts the ante 45
2f3fbdf3: posts the ante 45
3446f461: posts the ante 45
fe3c8ec4: posts the ante 45
9a28174e: posts the ante 45
da84f208: posts the ante 45
ca00a6d3: posts the ante 45
3446f461: posts small blind 150
da84f208: posts big blind 300
*** HOLE CARDS ***
Dealt to fe3c8ec4 
Dealt to 8da85fc 
Dealt to 9a28174e 
Dealt to 2f3fbdf3 
Dealt to 3446f461 
Dealt to da84f208 
Dealt to Hero [Qh 7h]
Dealt to ca00a6d3 
Hero: folds
ca00a6d3: folds
fe3c8ec4: folds
8da85fc: folds
9a28174e: raises 300 to 600
2f3fbdf3: raises 1,200 to 1,800
3446f461: folds
da84f208: folds
9a28174e: calls 1,200
*** FLOP *** [9d 4s 9c]
9a28174e: checks
2f3fbdf3: bets 1,103
9a28174e: calls 1,103
*** TURN *** [9d 4s 9c] [5d]
9a28174e: checks
2f3fbdf3: bets 2,408
9a28174e: folds
Uncalled bet (2,408) returned to 2f3fbdf3
*** SHOWDOWN ***
2f3fbdf3 collected 6,616 from pot
*** SUMMARY ***
Total pot 6,616 | Rake 0 | Jackpot 0 | Bingo 0 | Fortune 0 | Tax 0
Board [9d 4s 9c 5d]
Seat 1: fe3c8ec4 folded before Flop
Seat 2: 8da85fc folded before Flop
Seat 3: 9a28174e folded on the Turn
Seat 4: 2f3fbdf3 (button) won (6,616)
Seat 5: 3446f461 (small blind) folded before Flop
Seat 6: da84f208 (big blind) folded before Flop
Seat 7: Hero folded before Flop
Seat 8: ca00a6d3 folded before Flop


Poker Hand #TM5684398389: Tournament #268638104, Bounty Hunters Special $10.80 Hold'em No Limit - Level7(150/300(45)) - 2026/03/09 18:28:03
Table '64' 8-max Seat #3 is the button
Seat 1: fe3c8ec4 (6,535 in chips)
Seat 2: 8da85fc (10,000 in chips)
Seat 3: 9a28174e (13,215 in chips)
Seat 4: 2f3fbdf3 (16,062 in chips)
Seat 5: 3446f461 (20,798 in chips)
Seat 6: da84f208 (42,032 in chips)
Seat 7: Hero (22,140 in chips)
Seat 8: ca00a6d3 (7,166 in chips)
8da85fc: posts the ante 45
Hero: posts the ante 45
2f3fbdf3: posts the ante 45
3446f461: posts the ante 45
fe3c8ec4: posts the ante 45
9a28174e: posts the ante 45
da84f208: posts the ante 45
ca00a6d3: posts the ante 45
2f3fbdf3: posts small blind 150
3446f461: posts big blind 300
*** HOLE CARDS ***
Dealt to fe3c8ec4 
Dealt to 8da85fc 
Dealt to 9a28174e 
Dealt to 2f3fbdf3 
Dealt to 3446f461 
Dealt to da84f208 
Dealt to Hero [Qh Th]
Dealt to ca00a6d3 
da84f208: folds
Hero: raises 300 to 600
ca00a6d3: folds
fe3c8ec4: raises 2,010 to 2,610
8da85fc: folds
9a28174e: folds
2f3fbdf3: folds
3446f461: folds
Hero: calls 2,010
*** FLOP *** [2s 3d As]
Hero: checks
fe3c8ec4: bets 1,990
Hero: folds
Uncalled bet (1,990) returned to fe3c8ec4
*** SHOWDOWN ***
fe3c8ec4 collected 6,030 from pot
*** SUMMARY ***
Total pot 6,030 | Rake 0 | Jackpot 0 | Bingo 0 | Fortune 0 | Tax 0
Board [2s 3d As]
Seat 1: fe3c8ec4 won (6,030)
Seat 2: 8da85fc folded before Flop
Seat 3: 9a28174e (button) folded before Flop
Seat 4: 2f3fbdf3 (small blind) folded before Flop
Seat 5: 3446f461 (big blind) folded before Flop
Seat 6: da84f208 folded before Flop
Seat 7: Hero folded on the Flop
Seat 8: ca00a6d3 folded before Flop


Poker Hand #TM5684398363: Tournament #268638104, Bounty Hunters Special $10.80 Hold'em No Limit - Level7(150/300(45)) - 2026/03/09 18:26:49
Table '64' 8-max Seat #1 is the button
Seat 1: fe3c8ec4 (6,580 in chips)
Seat 3: 9a28174e (13,410 in chips)
Seat 4: 2f3fbdf3 (14,625 in chips)
Seat 5: 3446f461 (21,860 in chips)
Seat 6: da84f208 (42,077 in chips)
Seat 7: Hero (22,185 in chips)
Seat 8: ca00a6d3 (7,211 in chips)
Hero: posts the ante 45
2f3fbdf3: posts the ante 45
3446f461: posts the ante 45
fe3c8ec4: posts the ante 45
da84f208: posts the ante 45
9a28174e: posts the ante 45
ca00a6d3: posts the ante 45
9a28174e: posts small blind 150
2f3fbdf3: posts big blind 300
*** HOLE CARDS ***
Dealt to fe3c8ec4 
Dealt to 9a28174e 
Dealt to 2f3fbdf3 
Dealt to 3446f461 
Dealt to da84f208 
Dealt to Hero [6d 9d]
Dealt to ca00a6d3 
3446f461: raises 300 to 600
da84f208: folds
Hero: folds
ca00a6d3: folds
fe3c8ec4: folds
9a28174e: folds
2f3fbdf3: calls 300
*** FLOP *** [Qs 9c Th]
2f3fbdf3: checks
3446f461: bets 417
2f3fbdf3: raises 1,250 to 1,667
3446f461: folds
Uncalled bet (1,250) returned to 2f3fbdf3
*** SHOWDOWN ***
2f3fbdf3 collected 2,499 from pot
*** SUMMARY ***
Total pot 2,499 | Rake 0 | Jackpot 0 | Bingo 0 | Fortune 0 | Tax 0
Board [Qs 9c Th]
Seat 1: fe3c8ec4 (button) folded before Flop
Seat 3: 9a28174e (small blind) folded before Flop
Seat 4: 2f3fbdf3 (big blind) won (2,499)
Seat 5: 3446f461 folded on the Flop
Seat 6: da84f208 folded before Flop
Seat 7: Hero folded before Flop
Seat 8: ca00a6d3 folded before Flop


Poker Hand #TM5684398341: Tournament #268638104, Bounty Hunters Special $10.80 Hold'em No Limit - Level7(150/300(45)) - 2026/03/09 18:25:26
Table '64' 8-max Seat #8 is the button
Seat 1: fe3c8ec4 (6,775 in chips)
Seat 3: 9a28174e (13,755 in chips)
Seat 4: 2f3fbdf3 (13,305 in chips)
Seat 5: 3446f461 (21,905 in chips)
Seat 6: da84f208 (42,722 in chips)
Seat 7: Hero (22,230 in chips)
Seat 8: ca00a6d3 (7,256 in chips)
Hero: posts the ante 45
2f3fbdf3: posts the ante 45
3446f461: posts the ante 45
fe3c8ec4: posts the ante 45
da84f208: posts the ante 45
9a28174e: posts the ante 45
ca00a6d3: posts the ante 45
fe3c8ec4: posts small blind 150
9a28174e: posts big blind 300
*** HOLE CARDS ***
Dealt to fe3c8ec4 
Dealt to 9a28174e 
Dealt to 2f3fbdf3 
Dealt to 3446f461 
Dealt to da84f208 
Dealt to Hero [Th 4d]
Dealt to ca00a6d3 
2f3fbdf3: raises 300 to 600
3446f461: folds
da84f208: calls 600
Hero: folds
ca00a6d3: folds
fe3c8ec4: folds
9a28174e: folds
*** FLOP *** [6h Ah 5s]
2f3fbdf3: checks
da84f208: checks
*** TURN *** [6h Ah 5s] [3d]
2f3fbdf3: checks
da84f208: checks
*** RIVER *** [6h Ah 5s 3d] [8c]
2f3fbdf3: bets 983
da84f208: folds
Uncalled bet (983) returned to 2f3fbdf3
*** SHOWDOWN ***
2f3fbdf3 collected 1,965 from pot
*** SUMMARY ***
Total pot 1,965 | Rake 0 | Jackpot 0 | Bingo 0 | Fortune 0 | Tax 0
Board [6h Ah 5s 3d 8c]
Seat 1: fe3c8ec4 (small blind) folded before Flop
Seat 3: 9a28174e (big blind) folded before Flop
Seat 4: 2f3fbdf3 won (1,965)
Seat 5: 3446f461 folded before Flop
Seat 6: da84f208 folded on the River
Seat 7: Hero folded before Flop
Seat 8: ca00a6d3 (button) folded before Flop


Poker Hand #TM5684398319: Tournament #268638104, Bounty Hunters Special $10.80 Hold'em No Limit - Level6(125/250(35)) - 2026/03/09 18:24:35
Table '64' 8-max Seat #7 is the button
Seat 1: fe3c8ec4 (7,060 in chips)
Seat 2: 30776a7 (2,640 in chips)
Seat 3: 9a28174e (13,790 in chips)
Seat 4: 2f3fbdf3 (13,340 in chips)
Seat 5: 3446f461 (21,940 in chips)
Seat 6: da84f208 (52,242 in chips)
Seat 7: Hero (9,520 in chips)
Seat 8: ca00a6d3 (7,416 in chips)
30776a7: posts the ante 35
Hero: posts the ante 35
2f3fbdf3: posts the ante 35
3446f461: posts the ante 35
fe3c8ec4: posts the ante 35
da84f208: posts the ante 35
9a28174e: posts the ante 35
ca00a6d3: posts the ante 35
ca00a6d3: posts small blind 125
fe3c8ec4: posts big blind 250
*** HOLE CARDS ***
Dealt to fe3c8ec4 
Dealt to 30776a7 
Dealt to 9a28174e 
Dealt to 2f3fbdf3 
Dealt to 3446f461 
Dealt to da84f208 
Dealt to Hero [8h 8c]
Dealt to ca00a6d3 
30776a7: raises 2,355 to 2,605 and is all-in
9a28174e: folds
2f3fbdf3: folds
3446f461: folds
da84f208: raises 49,602 to 52,207 and is all-in
Hero: calls 9,485 and is all-in
ca00a6d3: folds
fe3c8ec4: folds
Uncalled bet (42,722) returned to da84f208
da84f208: shows [8d Qh]
Hero: shows [8h 8c]
30776a7: shows [Qd 7d]
*** FLOP *** [8s 3h 4h]
*** TURN *** [8s 3h 4h] [Ac]
*** RIVER *** [8s 3h 4h Ac] [9h]
3446f461: shows [Ad] (a pair of Aces)
*** SHOWDOWN ***
Hero collected 8,470 from pot
Hero collected 13,760 from pot
*** SUMMARY ***
Total pot 22,230 | Rake 0 | Jackpot 0 | Bingo 0 | Fortune 0 | Tax 0
Board [8s 3h 4h Ac 9h]
Seat 1: fe3c8ec4 (big blind) folded before Flop
Seat 2: 30776a7 showed [Qd 7d] and lost with Ace high
Seat 3: 9a28174e folded before Flop
Seat 4: 2f3fbdf3 folded before Flop
Seat 5: 3446f461 folded before Flop
Seat 6: da84f208 showed [8d Qh] and lost with a pair of Eights
Seat 7: Hero (button) showed [8h 8c] and won (22,230) with three of a kind, Eights
Seat 8: ca00a6d3 (small blind) folded before Flop


Poker Hand #TM5684398285: Tournament #268638104, Bounty Hunters Special $10.80 Hold'em No Limit - Level6(125/250(35)) - 2026/03/09 18:22:50
Table '64' 8-max Seat #6 is the button
Seat 1: fe3c8ec4 (9,750 in chips)
Seat 2: 30776a7 (27,141 in chips)
Seat 3: 9a28174e (13,825 in chips)
Seat 4: 2f3fbdf3 (13,375 in chips)
Seat 5: 3446f461 (21,975 in chips)
Seat 6: da84f208 (24,501 in chips)
Seat 7: Hero (9,680 in chips)
Seat 8: ca00a6d3 (7,701 in chips)
30776a7: posts the ante 35
Hero: posts the ante 35
2f3fbdf3: posts the ante 35
3446f461: posts the ante 35
fe3c8ec4: posts the ante 35
da84f208: posts the ante 35
9a28174e: posts the ante 35
ca00a6d3: posts the ante 35
Hero: posts small blind 125
ca00a6d3: posts big blind 250
*** HOLE CARDS ***
Dealt to fe3c8ec4 
Dealt to 30776a7 
Dealt to 9a28174e 
Dealt to 2f3fbdf3 
Dealt to 3446f461 
Dealt to da84f208 
Dealt to Hero [6h Kc]
Dealt to ca00a6d3 
fe3c8ec4: raises 250 to 500
30776a7: calls 500
9a28174e: folds
2f3fbdf3: folds
3446f461: folds
da84f208: raises 2,155 to 2,655
Hero: folds
ca00a6d3: folds
fe3c8ec4: calls 2,155
30776a7: calls 2,155
*** FLOP *** [2d 2s 6c]
fe3c8ec4: checks
30776a7: checks
da84f208: bets 2,845
fe3c8ec4: folds
30776a7: raises 3,255 to 6,100
da84f208: raises 15,711 to 21,811 and is all-in
30776a7: calls 15,711
da84f208: shows [Js As] (a pair of Twos)
30776a7: shows [Qs 7s] (a pair of Twos)
*** TURN *** [2d 2s 6c] [Jd]
*** RIVER *** [2d 2s 6c Jd] [2h]
*** SHOWDOWN ***
da84f208 collected 52,242 from pot
*** SUMMARY ***
Total pot 52,242 | Rake 0 | Jackpot 0 | Bingo 0 | Fortune 0 | Tax 0
Board [2d 2s 6c Jd 2h]
Seat 1: fe3c8ec4 folded on the Flop
Seat 2: 30776a7 showed [Qs 7s] and lost with three of a kind, Twos
Seat 3: 9a28174e folded before Flop
Seat 4: 2f3fbdf3 folded before Flop
Seat 5: 3446f461 folded before Flop
Seat 6: da84f208 (button) showed [Js As] and won (52,242) with a full house, Twos full of Jacks
Seat 7: Hero (small blind) folded before Flop
Seat 8: ca00a6d3 (big blind) folded before Flop


Poker Hand #TM5684398275: Tournament #268638104, Bounty Hunters Special $10.80 Hold'em No Limit - Level6(125/250(35)) - 2026/03/09 18:22:23
Table '64' 8-max Seat #5 is the button
Seat 1: fe3c8ec4 (9,130 in chips)
Seat 2: 30776a7 (27,176 in chips)
Seat 3: 9a28174e (13,860 in chips)
Seat 4: 2f3fbdf3 (13,410 in chips)
Seat 5: 3446f461 (22,010 in chips)
Seat 6: da84f208 (24,661 in chips)
Seat 7: Hero (9,965 in chips)
Seat 8: ca00a6d3 (7,736 in chips)
30776a7: posts the ante 35
Hero: posts the ante 35
2f3fbdf3: posts the ante 35
3446f461: posts the ante 35
fe3c8ec4: posts the ante 35
9a28174e: posts the ante 35
da84f208: posts the ante 35
ca00a6d3: posts the ante 35
da84f208: posts small blind 125
Hero: posts big blind 250
*** HOLE CARDS ***
Dealt to fe3c8ec4 
Dealt to 30776a7 
Dealt to 9a28174e 
Dealt to 2f3fbdf3 
Dealt to 3446f461 
Dealt to da84f208 
Dealt to Hero [Td 9s]
Dealt to ca00a6d3 
ca00a6d3: folds
fe3c8ec4: raises 750 to 1,000
30776a7: folds
9a28174e: folds
2f3fbdf3: folds
3446f461: folds
da84f208: folds
Hero: folds
Uncalled bet (750) returned to fe3c8ec4
*** SHOWDOWN ***
fe3c8ec4 collected 905 from pot
*** SUMMARY ***
Total pot 905 | Rake 0 | Jackpot 0 | Bingo 0 | Fortune 0 | Tax 0
Seat 1: fe3c8ec4 collected (905)
Seat 2: 30776a7 folded before Flop
Seat 3: 9a28174e folded before Flop
Seat 4: 2f3fbdf3 folded before Flop
Seat 5: 3446f461 (button) folded before Flop
Seat 6: da84f208 (small blind) folded before Flop
Seat 7: Hero (big blind) folded before Flop
Seat 8: ca00a6d3 folded before Flop


Poker Hand #TM5684398255: Tournament #268638104, Bounty Hunters Special $10.80 Hold'em No Limit - Level6(125/250(35)) - 2026/03/09 18:21:10
Table '64' 8-max Seat #4 is the button
Seat 1: fe3c8ec4 (9,165 in chips)
Seat 2: 30776a7 (27,711 in chips)
Seat 3: 9a28174e (13,895 in chips)
Seat 4: 2f3fbdf3 (13,445 in chips)
Seat 5: 3446f461 (22,170 in chips)
Seat 6: da84f208 (25,673 in chips)
Seat 7: Hero (10,000 in chips)
Seat 8: ca00a6d3 (5,889 in chips)
30776a7: posts the ante 35
Hero: posts the ante 35
2f3fbdf3: posts the ante 35
3446f461: posts the ante 35
fe3c8ec4: posts the ante 35
9a28174e: posts the ante 35
da84f208: posts the ante 35
ca00a6d3: posts the ante 35
3446f461: posts small blind 125
da84f208: posts big blind 250
*** HOLE CARDS ***
Dealt to fe3c8ec4 
Dealt to 30776a7 
Dealt to 9a28174e 
Dealt to 2f3fbdf3 
Dealt to 3446f461 
Dealt to da84f208 
Dealt to Hero [Th 6h]
Dealt to ca00a6d3 
Hero: folds
ca00a6d3: raises 250 to 500
fe3c8ec4: folds
30776a7: calls 500
9a28174e: folds
2f3fbdf3: folds
3446f461: folds
da84f208: calls 250
*** FLOP *** [Kd 5h 6c]
da84f208: checks
ca00a6d3: bets 477
30776a7: folds
da84f208: calls 477
*** TURN *** [Kd 5h 6c] [Js]
da84f208: checks
ca00a6d3: bets 2,875
da84f208: folds
Uncalled bet (2,875) returned to ca00a6d3
*** SHOWDOWN ***
ca00a6d3 collected 2,859 from pot
*** SUMMARY ***
Total pot 2,859 | Rake 0 | Jackpot 0 | Bingo 0 | Fortune 0 | Tax 0
Board [Kd 5h 6c Js]
Seat 1: fe3c8ec4 folded before Flop
Seat 2: 30776a7 folded on the Flop
Seat 3: 9a28174e folded before Flop
Seat 4: 2f3fbdf3 (button) folded before Flop
Seat 5: 3446f461 (small blind) folded before Flop
Seat 6: da84f208 (big blind) folded on the Turn
Seat 7: Hero folded before Flop
Seat 8: ca00a6d3 won (2,859)


