Poker Hand #TM5657337559: Tournament #267265049, Bounty Hunters Mini Big Game $10.80 Hold'em No Limit - Level11(3,000/6,000(900)) - 2026/03/03 13:46:31
Table '136' 8-max Seat #3 is the button
Seat 2: a840ca4c (342,056 in chips)
Seat 3: Hero (64,950 in chips)
Seat 4: 4fca00f2 (512,986 in chips)
Seat 5: af5059d9 (5,274 in chips)
Seat 6: 80bd33dc (156,500 in chips)
Seat 7: 134befbf (577,683 in chips)
Seat 8: a251fc97 (298,757 in chips)
af5059d9: posts the ante 900
4fca00f2: posts the ante 900
Hero: posts the ante 900
134befbf: posts the ante 900
a251fc97: posts the ante 900
a840ca4c: posts the ante 900
80bd33dc: posts the ante 900
4fca00f2: posts small blind 3,000
af5059d9: posts big blind 4,374
*** HOLE CARDS ***
Dealt to a840ca4c 
Dealt to Hero [2s Ac]
Dealt to 4fca00f2 
Dealt to af5059d9 
Dealt to 80bd33dc 
Dealt to 134befbf 
Dealt to a251fc97 
80bd33dc: folds
134befbf: raises 18,000 to 24,000
a251fc97: folds
a840ca4c: calls 24,000
Hero: raises 40,050 to 64,050 and is all-in
4fca00f2: folds
af5059d9: folds
134befbf: raises 512,733 to 576,783 and is all-in
a840ca4c: folds
Uncalled bet (512,733) returned to 134befbf
134befbf: shows [4c Ad]
Hero: shows [2s Ac]
*** FLOP *** [6c 2c Jd]
*** TURN *** [6c 2c Jd] [4s]
*** RIVER *** [6c 2c Jd 4s] [8s]
*** SHOWDOWN ***
134befbf collected 165,774 from pot
*** SUMMARY ***
Total pot 165,774 | Rake 0 | Jackpot 0 | Bingo 0 | Fortune 0 | Tax 0
Board [6c 2c Jd 4s 8s]
Seat 2: a840ca4c folded before Flop
Seat 3: Hero (button) showed [2s Ac] and lost with a pair of Twos
Seat 4: 4fca00f2 (small blind) folded before Flop
Seat 5: af5059d9 (big blind) folded before Flop
Seat 6: 80bd33dc folded before Flop
Seat 7: 134befbf showed [4c Ad] and won (165,774) with a pair of Fours
Seat 8: a251fc97 folded before Flop


Poker Hand #TM5657337547: Tournament #267265049, Bounty Hunters Mini Big Game $10.80 Hold'em No Limit - Level11(3,000/6,000(900)) - 2026/03/03 13:45:43
Table '136' 8-max Seat #2 is the button
Seat 1: 58eb74a (94,356 in chips)
Seat 2: a840ca4c (117,100 in chips)
Seat 3: Hero (68,850 in chips)
Seat 4: 4fca00f2 (519,886 in chips)
Seat 5: af5059d9 (6,174 in chips)
Seat 6: 80bd33dc (273,600 in chips)
Seat 7: 134befbf (578,583 in chips)
Seat 8: a251fc97 (299,657 in chips)
58eb74a: posts the ante 900
af5059d9: posts the ante 900
4fca00f2: posts the ante 900
Hero: posts the ante 900
134befbf: posts the ante 900
a251fc97: posts the ante 900
a840ca4c: posts the ante 900
80bd33dc: posts the ante 900
Hero: posts small blind 3,000
4fca00f2: posts big blind 6,000
*** HOLE CARDS ***
Dealt to 58eb74a 
Dealt to a840ca4c 
Dealt to Hero [Td 7c]
Dealt to 4fca00f2 
Dealt to af5059d9 
Dealt to 80bd33dc 
Dealt to 134befbf 
Dealt to a251fc97 
af5059d9: folds
80bd33dc: calls 6,000
134befbf: folds
a251fc97: folds
58eb74a: raises 87,456 to 93,456 and is all-in
a840ca4c: raises 22,744 to 116,200 and is all-in
Hero: folds
4fca00f2: folds
80bd33dc: calls 110,200
a840ca4c: shows [8c 8s]
80bd33dc: shows [5d Ad]
58eb74a: shows [9d Qd]
*** FLOP *** [Ac Ah 2c]
*** TURN *** [Ac Ah 2c] [Ts]
*** RIVER *** [Ac Ah 2c Ts] [8h]
*** SHOWDOWN ***
a840ca4c collected 296,568 from pot
a840ca4c collected 45,488 from pot
*** SUMMARY ***
Total pot 342,056 | Rake 0 | Jackpot 0 | Bingo 0 | Fortune 0 | Tax 0
Board [Ac Ah 2c Ts 8h]
Seat 1: 58eb74a showed [9d Qd] and lost with a pair of Aces
Seat 2: a840ca4c (button) showed [8c 8s] and won (342,056) with a full house, Eights full of Aces
Seat 3: Hero (small blind) folded before Flop
Seat 4: 4fca00f2 (big blind) folded before Flop
Seat 5: af5059d9 folded before Flop
Seat 6: 80bd33dc showed [5d Ad] and lost with three of a kind, Aces
Seat 7: 134befbf folded before Flop
Seat 8: a251fc97 folded before Flop


Poker Hand #TM5657337537: Tournament #267265049, Bounty Hunters Mini Big Game $10.80 Hold'em No Limit - Level11(3,000/6,000(900)) - 2026/03/03 13:45:04
Table '136' 8-max Seat #1 is the button
Seat 1: 58eb74a (95,256 in chips)
Seat 2: a840ca4c (124,000 in chips)
Seat 3: Hero (75,750 in chips)
Seat 4: 4fca00f2 (520,786 in chips)
Seat 5: af5059d9 (7,074 in chips)
Seat 6: 80bd33dc (255,300 in chips)
Seat 7: 134befbf (579,483 in chips)
Seat 8: a251fc97 (300,557 in chips)
58eb74a: posts the ante 900
af5059d9: posts the ante 900
4fca00f2: posts the ante 900
Hero: posts the ante 900
134befbf: posts the ante 900
a251fc97: posts the ante 900
a840ca4c: posts the ante 900
80bd33dc: posts the ante 900
a840ca4c: posts small blind 3,000
Hero: posts big blind 6,000
*** HOLE CARDS ***
Dealt to 58eb74a 
Dealt to a840ca4c 
Dealt to Hero [2h 9d]
Dealt to 4fca00f2 
Dealt to af5059d9 
Dealt to 80bd33dc 
Dealt to 134befbf 
Dealt to a251fc97 
4fca00f2: folds
af5059d9: folds
80bd33dc: calls 6,000
134befbf: folds
a251fc97: folds
58eb74a: folds
a840ca4c: calls 3,000
Hero: checks
*** FLOP *** [8d 2s 4c]
a840ca4c: checks
Hero: checks
80bd33dc: bets 18,900
a840ca4c: folds
Hero: folds
Uncalled bet (18,900) returned to 80bd33dc
*** SHOWDOWN ***
80bd33dc collected 25,200 from pot
*** SUMMARY ***
Total pot 25,200 | Rake 0 | Jackpot 0 | Bingo 0 | Fortune 0 | Tax 0
Board [8d 2s 4c]
Seat 1: 58eb74a (button) folded before Flop
Seat 2: a840ca4c (small blind) folded on the Flop
Seat 3: Hero (big blind) folded on the Flop
Seat 4: 4fca00f2 folded before Flop
Seat 5: af5059d9 folded before Flop
Seat 6: 80bd33dc won (25,200)
Seat 7: 134befbf folded before Flop
Seat 8: a251fc97 folded before Flop


Poker Hand #TM5657337527: Tournament #267265049, Bounty Hunters Mini Big Game $10.80 Hold'em No Limit - Level10(2,500/5,000(750)) - 2026/03/03 13:44:36
Table '136' 8-max Seat #8 is the button
Seat 1: 58eb74a (98,506 in chips)
Seat 2: a840ca4c (111,250 in chips)
Seat 3: Hero (76,500 in chips)
Seat 4: 4fca00f2 (521,536 in chips)
Seat 5: af5059d9 (7,824 in chips)
Seat 6: 80bd33dc (261,050 in chips)
Seat 7: 134befbf (580,233 in chips)
Seat 8: a251fc97 (301,307 in chips)
af5059d9: posts the ante 750
4fca00f2: posts the ante 750
58eb74a: posts the ante 750
Hero: posts the ante 750
134befbf: posts the ante 750
a251fc97: posts the ante 750
a840ca4c: posts the ante 750
80bd33dc: posts the ante 750
58eb74a: posts small blind 2,500
a840ca4c: posts big blind 5,000
*** HOLE CARDS ***
Dealt to 58eb74a 
Dealt to a840ca4c 
Dealt to Hero [2s 9c]
Dealt to 4fca00f2 
Dealt to af5059d9 
Dealt to 80bd33dc 
Dealt to 134befbf 
Dealt to a251fc97 
Hero: folds
4fca00f2: folds
af5059d9: folds
80bd33dc: calls 5,000
134befbf: folds
a251fc97: folds
58eb74a: folds
a840ca4c: raises 105,500 to 110,500 and is all-in
80bd33dc: folds
Uncalled bet (105,500) returned to a840ca4c
*** SHOWDOWN ***
a840ca4c collected 18,500 from pot
*** SUMMARY ***
Total pot 18,500 | Rake 0 | Jackpot 0 | Bingo 0 | Fortune 0 | Tax 0
Seat 1: 58eb74a (small blind) folded before Flop
Seat 2: a840ca4c (big blind) collected (18,500)
Seat 3: Hero folded before Flop
Seat 4: 4fca00f2 folded before Flop
Seat 5: af5059d9 folded before Flop
Seat 6: 80bd33dc folded before Flop
Seat 7: 134befbf folded before Flop
Seat 8: a251fc97 (button) folded before Flop


Poker Hand #TM5657337509: Tournament #267265049, Bounty Hunters Mini Big Game $10.80 Hold'em No Limit - Level10(2,500/5,000(750)) - 2026/03/03 13:43:31
Table '136' 8-max Seat #7 is the button
Seat 1: 58eb74a (109,256 in chips)
Seat 2: a840ca4c (112,000 in chips)
Seat 3: Hero (77,250 in chips)
Seat 4: 4fca00f2 (532,286 in chips)
Seat 5: af5059d9 (8,574 in chips)
Seat 6: 80bd33dc (175,800 in chips)
Seat 7: 134befbf (638,483 in chips)
Seat 8: a251fc97 (304,557 in chips)
af5059d9: posts the ante 750
4fca00f2: posts the ante 750
58eb74a: posts the ante 750
Hero: posts the ante 750
134befbf: posts the ante 750
a251fc97: posts the ante 750
a840ca4c: posts the ante 750
80bd33dc: posts the ante 750
a251fc97: posts small blind 2,500
58eb74a: posts big blind 5,000
*** HOLE CARDS ***
Dealt to 58eb74a 
Dealt to a840ca4c 
Dealt to Hero [Qh 2d]
Dealt to 4fca00f2 
Dealt to af5059d9 
Dealt to 80bd33dc 
Dealt to 134befbf 
Dealt to a251fc97 
a840ca4c: folds
Hero: folds
4fca00f2: raises 5,000 to 10,000
af5059d9: folds
80bd33dc: calls 10,000
134befbf: calls 10,000
a251fc97: folds
58eb74a: calls 5,000
*** FLOP *** [2c 2h 7d]
58eb74a: checks
4fca00f2: checks
80bd33dc: checks
134befbf: bets 12,500
58eb74a: folds
4fca00f2: folds
80bd33dc: calls 12,500
*** TURN *** [2c 2h 7d] [Th]
80bd33dc: checks
134befbf: bets 35,000
80bd33dc: calls 35,000
*** RIVER *** [2c 2h 7d Th] [8c]
80bd33dc: checks
134befbf: checks
80bd33dc: shows [Js Jh] (two pair, Jacks and Twos)
134befbf: shows [5h 9h] (a pair of Twos)
*** SHOWDOWN ***
80bd33dc collected 143,500 from pot
*** SUMMARY ***
Total pot 143,500 | Rake 0 | Jackpot 0 | Bingo 0 | Fortune 0 | Tax 0
Board [2c 2h 7d Th 8c]
Seat 1: 58eb74a (big blind) folded on the Flop
Seat 2: a840ca4c folded before Flop
Seat 3: Hero folded before Flop
Seat 4: 4fca00f2 folded on the Flop
Seat 5: af5059d9 folded before Flop
Seat 6: 80bd33dc showed [Js Jh] and won (143,500) with two pair, Jacks and Twos
Seat 7: 134befbf (button) showed [5h 9h] and lost with a pair of Twos
Seat 8: a251fc97 (small blind) folded before Flop


Poker Hand #TM5657337496: Tournament #267265049, Bounty Hunters Mini Big Game $10.80 Hold'em No Limit - Level10(2,500/5,000(750)) - 2026/03/03 13:42:29
Table '136' 8-max Seat #6 is the button
Seat 1: 58eb74a (110,006 in chips)
Seat 2: a840ca4c (112,750 in chips)
Seat 3: Hero (78,000 in chips)
Seat 4: 4fca00f2 (504,536 in chips)
Seat 5: af5059d9 (9,324 in chips)
Seat 6: 80bd33dc (176,550 in chips)
Seat 7: 134befbf (641,733 in chips)
Seat 8: a251fc97 (325,307 in chips)
af5059d9: posts the ante 750
4fca00f2: posts the ante 750
58eb74a: posts the ante 750
Hero: posts the ante 750
134befbf: posts the ante 750
a251fc97: posts the ante 750
a840ca4c: posts the ante 750
80bd33dc: posts the ante 750
134befbf: posts small blind 2,500
a251fc97: posts big blind 5,000
*** HOLE CARDS ***
Dealt to 58eb74a 
Dealt to a840ca4c 
Dealt to Hero [5d 7h]
Dealt to 4fca00f2 
Dealt to af5059d9 
Dealt to 80bd33dc 
Dealt to 134befbf 
Dealt to a251fc97 
58eb74a: folds
a840ca4c: folds
Hero: folds
4fca00f2: raises 5,000 to 10,000
af5059d9: folds
80bd33dc: folds
134befbf: folds
a251fc97: calls 5,000
*** FLOP *** [8d 2h Tc]
a251fc97: checks
4fca00f2: bets 10,000
a251fc97: calls 10,000
*** TURN *** [8d 2h Tc] [Qc]
a251fc97: checks
4fca00f2: bets 38,875
a251fc97: folds
Uncalled bet (38,875) returned to 4fca00f2
*** SHOWDOWN ***
4fca00f2 collected 48,500 from pot
*** SUMMARY ***
Total pot 48,500 | Rake 0 | Jackpot 0 | Bingo 0 | Fortune 0 | Tax 0
Board [8d 2h Tc Qc]
Seat 1: 58eb74a folded before Flop
Seat 2: a840ca4c folded before Flop
Seat 3: Hero folded before Flop
Seat 4: 4fca00f2 won (48,500)
Seat 5: af5059d9 folded before Flop
Seat 6: 80bd33dc (button) folded before Flop
Seat 7: 134befbf (small blind) folded before Flop
Seat 8: a251fc97 (big blind) folded on the Turn


Poker Hand #TM5657337489: Tournament #267265049, Bounty Hunters Mini Big Game $10.80 Hold'em No Limit - Level10(2,500/5,000(750)) - 2026/03/03 13:42:10
Table '136' 8-max Seat #5 is the button
Seat 1: 58eb74a (110,756 in chips)
Seat 2: a840ca4c (100,000 in chips)
Seat 3: Hero (78,750 in chips)
Seat 4: 4fca00f2 (505,286 in chips)
Seat 5: af5059d9 (10,074 in chips)
Seat 6: 80bd33dc (179,800 in chips)
Seat 7: 134befbf (647,483 in chips)
Seat 8: a251fc97 (326,057 in chips)
af5059d9: posts the ante 750
4fca00f2: posts the ante 750
58eb74a: posts the ante 750
Hero: posts the ante 750
134befbf: posts the ante 750
a251fc97: posts the ante 750
a840ca4c: posts the ante 750
80bd33dc: posts the ante 750
80bd33dc: posts small blind 2,500
134befbf: posts big blind 5,000
*** HOLE CARDS ***
Dealt to 58eb74a 
Dealt to a840ca4c 
Dealt to Hero [Qh 9h]
Dealt to 4fca00f2 
Dealt to af5059d9 
Dealt to 80bd33dc 
Dealt to 134befbf 
Dealt to a251fc97 
a251fc97: folds
58eb74a: folds
a840ca4c: raises 94,250 to 99,250 and is all-in
Hero: folds
4fca00f2: folds
af5059d9: folds
80bd33dc: folds
134befbf: folds
Uncalled bet (94,250) returned to a840ca4c
*** SHOWDOWN ***
a840ca4c collected 18,500 from pot
*** SUMMARY ***
Total pot 18,500 | Rake 0 | Jackpot 0 | Bingo 0 | Fortune 0 | Tax 0
Seat 1: 58eb74a folded before Flop
Seat 2: a840ca4c collected (18,500)
Seat 3: Hero folded before Flop
Seat 4: 4fca00f2 folded before Flop
Seat 5: af5059d9 (button) folded before Flop
Seat 6: 80bd33dc (small blind) folded before Flop
Seat 7: 134befbf (big blind) folded before Flop
Seat 8: a251fc97 folded before Flop


Poker Hand #TM5657337476: Tournament #267265049, Bounty Hunters Mini Big Game $10.80 Hold'em No Limit - Level10(2,500/5,000(750)) - 2026/03/03 13:41:19
Table '136' 8-max Seat #4 is the button
Seat 1: 58eb74a (111,506 in chips)
Seat 3: Hero (79,500 in chips)
Seat 4: 4fca00f2 (506,036 in chips)
Seat 5: af5059d9 (13,324 in chips)
Seat 6: 80bd33dc (208,050 in chips)
Seat 7: 134befbf (612,983 in chips)
Seat 8: a251fc97 (326,807 in chips)
4fca00f2: posts the ante 750
58eb74a: posts the ante 750
af5059d9: posts the ante 750
Hero: posts the ante 750
134befbf: posts the ante 750
a251fc97: posts the ante 750
80bd33dc: posts the ante 750
af5059d9: posts small blind 2,500
80bd33dc: posts big blind 5,000
*** HOLE CARDS ***
Dealt to 58eb74a 
Dealt to Hero [7c Qh]
Dealt to 4fca00f2 
Dealt to af5059d9 
Dealt to 80bd33dc 
Dealt to 134befbf 
Dealt to a251fc97 
134befbf: raises 5,000 to 10,000
a251fc97: folds
58eb74a: folds
Hero: folds
4fca00f2: folds
af5059d9: folds
80bd33dc: calls 5,000
*** FLOP *** [Ad Td 4h]
80bd33dc: checks
134befbf: bets 17,500
80bd33dc: calls 17,500
*** TURN *** [Ad Td 4h] [8s]
80bd33dc: checks
134befbf: bets 55,000
80bd33dc: folds
Uncalled bet (55,000) returned to 134befbf
*** SHOWDOWN ***
134befbf collected 62,750 from pot
*** SUMMARY ***
Total pot 62,750 | Rake 0 | Jackpot 0 | Bingo 0 | Fortune 0 | Tax 0
Board [Ad Td 4h 8s]
Seat 1: 58eb74a folded before Flop
Seat 3: Hero folded before Flop
Seat 4: 4fca00f2 (button) folded before Flop
Seat 5: af5059d9 (small blind) folded before Flop
Seat 6: 80bd33dc (big blind) folded on the Turn
Seat 7: 134befbf won (62,750)
Seat 8: a251fc97 folded before Flop


Poker Hand #TM5657337458: Tournament #267265049, Bounty Hunters Mini Big Game $10.80 Hold'em No Limit - Level10(2,500/5,000(750)) - 2026/03/03 13:40:02
Table '136' 8-max Seat #3 is the button
Seat 1: 58eb74a (112,256 in chips)
Seat 2: 6224fab6 (140,525 in chips)
Seat 3: Hero (80,250 in chips)
Seat 4: 4fca00f2 (356,011 in chips)
Seat 5: af5059d9 (19,074 in chips)
Seat 6: 80bd33dc (208,800 in chips)
Seat 7: 134befbf (613,733 in chips)
Seat 8: a251fc97 (327,557 in chips)
58eb74a: posts the ante 750
af5059d9: posts the ante 750
4fca00f2: posts the ante 750
Hero: posts the ante 750
134befbf: posts the ante 750
a251fc97: posts the ante 750
6224fab6: posts the ante 750
80bd33dc: posts the ante 750
4fca00f2: posts small blind 2,500
af5059d9: posts big blind 5,000
*** HOLE CARDS ***
Dealt to 58eb74a 
Dealt to 6224fab6 
Dealt to Hero [9h 8d]
Dealt to 4fca00f2 
Dealt to af5059d9 
Dealt to 80bd33dc 
Dealt to 134befbf 
Dealt to a251fc97 
80bd33dc: folds
134befbf: folds
a251fc97: folds
58eb74a: folds
6224fab6: raises 5,000 to 10,000
Hero: folds
4fca00f2: raises 22,500 to 32,500
af5059d9: folds
6224fab6: raises 107,275 to 139,775 and is all-in
4fca00f2: calls 107,275
6224fab6: shows [Kd Qh]
4fca00f2: shows [As Ah]
*** FLOP *** [5s 2s Td]
*** TURN *** [5s 2s Td] [Qs]
*** RIVER *** [5s 2s Td Qs] [2d]
80bd33dc: shows [Th] (two pair, Tens and Twos)
*** SHOWDOWN ***
4fca00f2 collected 290,550 from pot
*** SUMMARY ***
Total pot 290,550 | Rake 0 | Jackpot 0 | Bingo 0 | Fortune 0 | Tax 0
Board [5s 2s Td Qs 2d]
Seat 1: 58eb74a folded before Flop
Seat 2: 6224fab6 showed [Kd Qh] and lost with two pair, Queens and Twos
Seat 3: Hero (button) folded before Flop
Seat 4: 4fca00f2 (small blind) showed [As Ah] and won (290,550) with two pair, Aces and Twos
Seat 5: af5059d9 (big blind) folded before Flop
Seat 6: 80bd33dc folded before Flop
Seat 7: 134befbf folded before Flop
Seat 8: a251fc97 folded before Flop


Poker Hand #TM5657337445: Tournament #267265049, Bounty Hunters Mini Big Game $10.80 Hold'em No Limit - Level10(2,500/5,000(750)) - 2026/03/03 13:39:16
Table '136' 8-max Seat #2 is the button
Seat 1: 58eb74a (113,006 in chips)
Seat 2: 6224fab6 (141,275 in chips)
Seat 3: Hero (83,500 in chips)
Seat 4: 4fca00f2 (361,761 in chips)
Seat 5: af5059d9 (19,824 in chips)
Seat 6: 80bd33dc (209,550 in chips)
Seat 7: 134befbf (614,483 in chips)
Seat 8: a251fc97 (314,807 in chips)
58eb74a: posts the ante 750
af5059d9: posts the ante 750
4fca00f2: posts the ante 750
Hero: posts the ante 750
134befbf: posts the ante 750
a251fc97: posts the ante 750
6224fab6: posts the ante 750
80bd33dc: posts the ante 750
Hero: posts small blind 2,500
4fca00f2: posts big blind 5,000
*** HOLE CARDS ***
Dealt to 58eb74a 
Dealt to 6224fab6 
Dealt to Hero [2c 8d]
Dealt to 4fca00f2 
Dealt to af5059d9 
Dealt to 80bd33dc 
Dealt to 134befbf 
Dealt to a251fc97 
af5059d9: folds
80bd33dc: folds
134befbf: folds
a251fc97: raises 5,000 to 10,000
58eb74a: folds
6224fab6: folds
Hero: folds
4fca00f2: folds
Uncalled bet (5,000) returned to a251fc97
*** SHOWDOWN ***
a251fc97 collected 18,500 from pot
*** SUMMARY ***
Total pot 18,500 | Rake 0 | Jackpot 0 | Bingo 0 | Fortune 0 | Tax 0
Seat 1: 58eb74a folded before Flop
Seat 2: 6224fab6 (button) folded before Flop
Seat 3: Hero (small blind) folded before Flop
Seat 4: 4fca00f2 (big blind) folded before Flop
Seat 5: af5059d9 folded before Flop
Seat 6: 80bd33dc folded before Flop
Seat 7: 134befbf folded before Flop
Seat 8: a251fc97 collected (18,500)


Poker Hand #TM5657337431: Tournament #267265049, Bounty Hunters Mini Big Game $10.80 Hold'em No Limit - Level10(2,500/5,000(750)) - 2026/03/03 13:38:30
Table '136' 8-max Seat #1 is the button
Seat 1: 58eb74a (95,256 in chips)
Seat 2: 6224fab6 (144,525 in chips)
Seat 3: Hero (89,250 in chips)
Seat 4: 4fca00f2 (362,511 in chips)
Seat 5: af5059d9 (20,574 in chips)
Seat 6: 80bd33dc (215,300 in chips)
Seat 7: 134befbf (615,233 in chips)
Seat 8: a251fc97 (315,557 in chips)
58eb74a: posts the ante 750
af5059d9: posts the ante 750
4fca00f2: posts the ante 750
Hero: posts the ante 750
134befbf: posts the ante 750
a251fc97: posts the ante 750
6224fab6: posts the ante 750
80bd33dc: posts the ante 750
6224fab6: posts small blind 2,500
Hero: posts big blind 5,000
*** HOLE CARDS ***
Dealt to 58eb74a 
Dealt to 6224fab6 
Dealt to Hero [9h 8s]
Dealt to 4fca00f2 
Dealt to af5059d9 
Dealt to 80bd33dc 
Dealt to 134befbf 
Dealt to a251fc97 
4fca00f2: folds
af5059d9: folds
80bd33dc: calls 5,000
134befbf: folds
a251fc97: folds
58eb74a: raises 89,506 to 94,506 and is all-in
6224fab6: folds
Hero: folds
80bd33dc: folds
Uncalled bet (89,506) returned to 58eb74a
*** SHOWDOWN ***
58eb74a collected 23,500 from pot
*** SUMMARY ***
Total pot 23,500 | Rake 0 | Jackpot 0 | Bingo 0 | Fortune 0 | Tax 0
Seat 1: 58eb74a (button) collected (23,500)
Seat 2: 6224fab6 (small blind) folded before Flop
Seat 3: Hero (big blind) folded before Flop
Seat 4: 4fca00f2 folded before Flop
Seat 5: af5059d9 folded before Flop
Seat 6: 80bd33dc folded before Flop
Seat 7: 134befbf folded before Flop
Seat 8: a251fc97 folded before Flop


Poker Hand #TM5657337420: Tournament #267265049, Bounty Hunters Mini Big Game $10.80 Hold'em No Limit - Level10(2,500/5,000(750)) - 2026/03/03 13:37:39
Table '136' 8-max Seat #8 is the button
Seat 1: 58eb74a (98,506 in chips)
Seat 2: 6224fab6 (150,275 in chips)
Seat 3: Hero (100,000 in chips)
Seat 4: 4fca00f2 (363,261 in chips)
Seat 5: af5059d9 (21,324 in chips)
Seat 6: 80bd33dc (192,550 in chips)
Seat 7: 134befbf (615,983 in chips)
Seat 8: a251fc97 (316,307 in chips)
af5059d9: posts the ante 750
4fca00f2: posts the ante 750
58eb74a: posts the ante 750
Hero: posts the ante 750
134befbf: posts the ante 750
a251fc97: posts the ante 750
6224fab6: posts the ante 750
80bd33dc: posts the ante 750
58eb74a: posts small blind 2,500
6224fab6: posts big blind 5,000
*** HOLE CARDS ***
Dealt to 58eb74a 
Dealt to 6224fab6 
Dealt to Hero [Th 9h]
Dealt to 4fca00f2 
Dealt to af5059d9 
Dealt to 80bd33dc 
Dealt to 134befbf 
Dealt to a251fc97 
Hero: raises 5,000 to 10,000
4fca00f2: folds
af5059d9: folds
80bd33dc: calls 10,000
134befbf: folds
a251fc97: folds
58eb74a: folds
6224fab6: folds
*** FLOP *** [Kd 4h 6d]
Hero: checks
80bd33dc: bets 11,055
Hero: folds
Uncalled bet (11,055) returned to 80bd33dc
*** SHOWDOWN ***
80bd33dc collected 33,500 from pot
*** SUMMARY ***
Total pot 33,500 | Rake 0 | Jackpot 0 | Bingo 0 | Fortune 0 | Tax 0
Board [Kd 4h 6d]
Seat 1: 58eb74a (small blind) folded before Flop
Seat 2: 6224fab6 (big blind) folded before Flop
Seat 3: Hero folded on the Flop
Seat 4: 4fca00f2 folded before Flop
Seat 5: af5059d9 folded before Flop
Seat 6: 80bd33dc won (33,500)
Seat 7: 134befbf folded before Flop
Seat 8: a251fc97 (button) folded before Flop


