Poker Hand #TM5697018983: Tournament #269318280, Bounty Hunters Special $8.88 Hold'em No Limit - Level6(150/300(45)) - 2026/03/12 17:35:36
Table '54' 8-max Seat #2 is the button
Seat 1: cae88634 (10,730 in chips)
Seat 2: 398b228d (26,747 in chips)
Seat 3: 1a856a7b (5,480 in chips)
Seat 4: Hero (13,413 in chips)
Seat 6: 5aa30a21 (38,725 in chips)
Seat 7: 4fd19c8f (11,899 in chips)
Seat 8: ab953968 (8,792 in chips)
ab953968: posts the ante 45
cae88634: posts the ante 45
Hero: posts the ante 45
398b228d: posts the ante 45
1a856a7b: posts the ante 45
5aa30a21: posts the ante 45
4fd19c8f: posts the ante 45
1a856a7b: posts small blind 150
Hero: posts big blind 300
*** HOLE CARDS ***
Dealt to cae88634 
Dealt to 398b228d 
Dealt to 1a856a7b 
Dealt to Hero [5c 5d]
Dealt to 5aa30a21 
Dealt to 4fd19c8f 
Dealt to ab953968 
5aa30a21: folds
4fd19c8f: raises 300 to 600
ab953968: folds
cae88634: folds
398b228d: calls 600
1a856a7b: folds
Hero: calls 300
*** FLOP *** [4h 2d 5h]
Hero: checks
4fd19c8f: checks
398b228d: bets 1,133
Hero: raises 3,399 to 4,532
4fd19c8f: folds
398b228d: calls 3,399
*** TURN *** [4h 2d 5h] [6s]
Hero: bets 8,236 and is all-in
398b228d: calls 8,236
Hero: shows [5c 5d] (three of a kind, Fives)
398b228d: shows [Ah Th] (Ace high)
*** RIVER *** [4h 2d 5h 6s] [9h]
*** SHOWDOWN ***
398b228d collected 27,801 from pot
*** SUMMARY ***
Total pot 27,801 | Rake 0 | Jackpot 0 | Bingo 0 | Fortune 0 | Tax 0
Board [4h 2d 5h 6s 9h]
Seat 1: cae88634 folded before Flop
Seat 2: 398b228d (button) showed [Ah Th] and won (27,801) with a flush Ace high
Seat 3: 1a856a7b (small blind) folded before Flop
Seat 4: Hero (big blind) showed [5c 5d] and lost with three of a kind, Fives
Seat 6: 5aa30a21 folded before Flop
Seat 7: 4fd19c8f folded on the Flop
Seat 8: ab953968 folded before Flop


Poker Hand #TM5697018967: Tournament #269318280, Bounty Hunters Special $8.88 Hold'em No Limit - Level6(150/300(45)) - 2026/03/12 17:34:15
Table '54' 8-max Seat #1 is the button
Seat 1: cae88634 (10,775 in chips)
Seat 2: 398b228d (26,942 in chips)
Seat 3: 1a856a7b (5,825 in chips)
Seat 4: Hero (8,320 in chips)
Seat 5: 8a40853 (50,297 in chips)
Seat 6: 5aa30a21 (38,770 in chips)
Seat 7: 4fd19c8f (11,944 in chips)
Seat 8: ab953968 (10,337 in chips)
ab953968: posts the ante 45
cae88634: posts the ante 45
8a40853: posts the ante 45
Hero: posts the ante 45
398b228d: posts the ante 45
1a856a7b: posts the ante 45
5aa30a21: posts the ante 45
4fd19c8f: posts the ante 45
398b228d: posts small blind 150
1a856a7b: posts big blind 300
*** HOLE CARDS ***
Dealt to cae88634 
Dealt to 398b228d 
Dealt to 1a856a7b 
Dealt to Hero [3c 3s]
Dealt to 8a40853 
Dealt to 5aa30a21 
Dealt to 4fd19c8f 
Dealt to ab953968 
Hero: raises 300 to 600
8a40853: raises 900 to 1,500
5aa30a21: folds
4fd19c8f: folds
ab953968: calls 1,500
cae88634: folds
398b228d: folds
1a856a7b: folds
Hero: calls 900
*** FLOP *** [4d Qs 6s]
Hero: checks
8a40853: bets 1,328
ab953968: folds
Hero: calls 1,328
*** TURN *** [4d Qs 6s] [7d]
Hero: checks
8a40853: checks
*** RIVER *** [4d Qs 6s 7d] [Kh]
Hero: checks
8a40853: checks
Hero: shows [3c 3s] (a pair of Threes)
8a40853: shows [Ah Js] (Ace high)
*** SHOWDOWN ***
Hero collected 7,966 from pot
*** SUMMARY ***
Total pot 7,966 | Rake 0 | Jackpot 0 | Bingo 0 | Fortune 0 | Tax 0
Board [4d Qs 6s 7d Kh]
Seat 1: cae88634 (button) folded before Flop
Seat 2: 398b228d (small blind) folded before Flop
Seat 3: 1a856a7b (big blind) folded before Flop
Seat 4: Hero showed [3c 3s] and won (7,966) with a pair of Threes
Seat 5: 8a40853 showed [Ah Js] and lost with Ace high
Seat 6: 5aa30a21 folded before Flop
Seat 7: 4fd19c8f folded before Flop
Seat 8: ab953968 folded on the Flop


Poker Hand #TM5697018947: Tournament #269318280, Bounty Hunters Special $8.88 Hold'em No Limit - Level6(150/300(45)) - 2026/03/12 17:33:04
Table '54' 8-max Seat #8 is the button
Seat 1: cae88634 (10,970 in chips)
Seat 2: 398b228d (27,287 in chips)
Seat 3: 1a856a7b (9,642 in chips)
Seat 4: Hero (8,365 in chips)
Seat 5: 8a40853 (45,760 in chips)
Seat 6: 5aa30a21 (38,815 in chips)
Seat 7: 4fd19c8f (11,989 in chips)
Seat 8: ab953968 (10,382 in chips)
ab953968: posts the ante 45
cae88634: posts the ante 45
8a40853: posts the ante 45
Hero: posts the ante 45
398b228d: posts the ante 45
1a856a7b: posts the ante 45
5aa30a21: posts the ante 45
4fd19c8f: posts the ante 45
cae88634: posts small blind 150
398b228d: posts big blind 300
*** HOLE CARDS ***
Dealt to cae88634 
Dealt to 398b228d 
Dealt to 1a856a7b 
Dealt to Hero [5h Jc]
Dealt to 8a40853 
Dealt to 5aa30a21 
Dealt to 4fd19c8f 
Dealt to ab953968 
1a856a7b: calls 300
Hero: folds
8a40853: calls 300
5aa30a21: folds
4fd19c8f: folds
ab953968: folds
cae88634: folds
398b228d: checks
*** FLOP *** [4h Ts Kc]
398b228d: checks
1a856a7b: checks
8a40853: bets 600
398b228d: folds
1a856a7b: calls 600
*** TURN *** [4h Ts Kc] [Ac]
1a856a7b: checks
8a40853: bets 2,872
1a856a7b: calls 2,872
*** RIVER *** [4h Ts Kc Ac] [7c]
1a856a7b: checks
8a40853: bets 41,943 and is all-in
1a856a7b: folds
Uncalled bet (41,943) returned to 8a40853
*** SHOWDOWN ***
8a40853 collected 8,354 from pot
*** SUMMARY ***
Total pot 8,354 | Rake 0 | Jackpot 0 | Bingo 0 | Fortune 0 | Tax 0
Board [4h Ts Kc Ac 7c]
Seat 1: cae88634 (small blind) folded before Flop
Seat 2: 398b228d (big blind) folded on the Flop
Seat 3: 1a856a7b folded on the River
Seat 4: Hero folded before Flop
Seat 5: 8a40853 won (8,354)
Seat 6: 5aa30a21 folded before Flop
Seat 7: 4fd19c8f folded before Flop
Seat 8: ab953968 (button) folded before Flop


Poker Hand #TM5697018936: Tournament #269318280, Bounty Hunters Special $8.88 Hold'em No Limit - Level6(150/300(45)) - 2026/03/12 17:32:27
Table '54' 8-max Seat #7 is the button
Seat 1: cae88634 (11,315 in chips)
Seat 2: 398b228d (27,332 in chips)
Seat 3: 1a856a7b (9,687 in chips)
Seat 4: Hero (8,410 in chips)
Seat 5: 8a40853 (45,805 in chips)
Seat 6: 5aa30a21 (38,860 in chips)
Seat 7: 4fd19c8f (11,224 in chips)
Seat 8: ab953968 (10,577 in chips)
ab953968: posts the ante 45
cae88634: posts the ante 45
8a40853: posts the ante 45
Hero: posts the ante 45
398b228d: posts the ante 45
1a856a7b: posts the ante 45
5aa30a21: posts the ante 45
4fd19c8f: posts the ante 45
ab953968: posts small blind 150
cae88634: posts big blind 300
*** HOLE CARDS ***
Dealt to cae88634 
Dealt to 398b228d 
Dealt to 1a856a7b 
Dealt to Hero [5c 2h]
Dealt to 8a40853 
Dealt to 5aa30a21 
Dealt to 4fd19c8f 
Dealt to ab953968 
398b228d: folds
1a856a7b: folds
Hero: folds
8a40853: folds
5aa30a21: folds
4fd19c8f: raises 300 to 600
ab953968: folds
cae88634: folds
Uncalled bet (300) returned to 4fd19c8f
*** SHOWDOWN ***
4fd19c8f collected 1,110 from pot
*** SUMMARY ***
Total pot 1,110 | Rake 0 | Jackpot 0 | Bingo 0 | Fortune 0 | Tax 0
Seat 1: cae88634 (big blind) folded before Flop
Seat 2: 398b228d folded before Flop
Seat 3: 1a856a7b folded before Flop
Seat 4: Hero folded before Flop
Seat 5: 8a40853 folded before Flop
Seat 6: 5aa30a21 folded before Flop
Seat 7: 4fd19c8f (button) collected (1,110)
Seat 8: ab953968 (small blind) folded before Flop


Poker Hand #TM5697018922: Tournament #269318280, Bounty Hunters Special $8.88 Hold'em No Limit - Level6(150/300(45)) - 2026/03/12 17:31:11
Table '54' 8-max Seat #6 is the button
Seat 1: cae88634 (11,360 in chips)
Seat 2: 398b228d (27,377 in chips)
Seat 3: 1a856a7b (9,732 in chips)
Seat 4: Hero (8,455 in chips)
Seat 5: 8a40853 (44,590 in chips)
Seat 6: 5aa30a21 (38,905 in chips)
Seat 7: 4fd19c8f (11,869 in chips)
Seat 8: ab953968 (10,922 in chips)
ab953968: posts the ante 45
cae88634: posts the ante 45
8a40853: posts the ante 45
Hero: posts the ante 45
398b228d: posts the ante 45
1a856a7b: posts the ante 45
5aa30a21: posts the ante 45
4fd19c8f: posts the ante 45
4fd19c8f: posts small blind 150
ab953968: posts big blind 300
*** HOLE CARDS ***
Dealt to cae88634 
Dealt to 398b228d 
Dealt to 1a856a7b 
Dealt to Hero [6h 5c]
Dealt to 8a40853 
Dealt to 5aa30a21 
Dealt to 4fd19c8f 
Dealt to ab953968 
cae88634: folds
398b228d: folds
1a856a7b: folds
Hero: folds
8a40853: raises 300 to 600
5aa30a21: folds
4fd19c8f: calls 450
ab953968: folds
*** FLOP *** [7c 3s 9c]
4fd19c8f: checks
8a40853: bets 3,247
4fd19c8f: folds
Uncalled bet (3,247) returned to 8a40853
*** SHOWDOWN ***
8a40853 collected 1,860 from pot
*** SUMMARY ***
Total pot 1,860 | Rake 0 | Jackpot 0 | Bingo 0 | Fortune 0 | Tax 0
Board [7c 3s 9c]
Seat 1: cae88634 folded before Flop
Seat 2: 398b228d folded before Flop
Seat 3: 1a856a7b folded before Flop
Seat 4: Hero folded before Flop
Seat 5: 8a40853 won (1,860)
Seat 6: 5aa30a21 (button) folded before Flop
Seat 7: 4fd19c8f (small blind) folded on the Flop
Seat 8: ab953968 (big blind) folded before Flop


Poker Hand #TM5697018912: Tournament #269318280, Bounty Hunters Special $8.88 Hold'em No Limit - Level6(150/300(45)) - 2026/03/12 17:30:28
Table '54' 8-max Seat #5 is the button
Seat 1: cae88634 (9,740 in chips)
Seat 3: 1a856a7b (9,777 in chips)
Seat 4: Hero (8,500 in chips)
Seat 5: 8a40853 (45,235 in chips)
Seat 6: 5aa30a21 (39,100 in chips)
Seat 7: 4fd19c8f (12,514 in chips)
Seat 8: ab953968 (10,967 in chips)
ab953968: posts the ante 45
cae88634: posts the ante 45
8a40853: posts the ante 45
Hero: posts the ante 45
1a856a7b: posts the ante 45
5aa30a21: posts the ante 45
4fd19c8f: posts the ante 45
5aa30a21: posts small blind 150
4fd19c8f: posts big blind 300
*** HOLE CARDS ***
Dealt to cae88634 
Dealt to 1a856a7b 
Dealt to Hero [5c 7d]
Dealt to 8a40853 
Dealt to 5aa30a21 
Dealt to 4fd19c8f 
Dealt to ab953968 
ab953968: folds
cae88634: raises 300 to 600
1a856a7b: folds
Hero: folds
8a40853: calls 600
5aa30a21: folds
4fd19c8f: calls 300
*** FLOP *** [8h Kc Jd]
4fd19c8f: checks
cae88634: bets 567
8a40853: folds
4fd19c8f: folds
Uncalled bet (567) returned to cae88634
*** SHOWDOWN ***
cae88634 collected 2,265 from pot
*** SUMMARY ***
Total pot 2,265 | Rake 0 | Jackpot 0 | Bingo 0 | Fortune 0 | Tax 0
Board [8h Kc Jd]
Seat 1: cae88634 won (2,265)
Seat 3: 1a856a7b folded before Flop
Seat 4: Hero folded before Flop
Seat 5: 8a40853 (button) folded on the Flop
Seat 6: 5aa30a21 (small blind) folded before Flop
Seat 7: 4fd19c8f (big blind) folded on the Flop
Seat 8: ab953968 folded before Flop


Poker Hand #TM5697018894: Tournament #269318280, Bounty Hunters Special $8.88 Hold'em No Limit - Level6(150/300(45)) - 2026/03/12 17:29:18
Table '54' 8-max Seat #4 is the button
Seat 1: cae88634 (9,785 in chips)
Seat 2: d6c4fd7e (10,740 in chips)
Seat 3: 1a856a7b (9,822 in chips)
Seat 4: Hero (8,545 in chips)
Seat 5: 8a40853 (33,325 in chips)
Seat 6: 5aa30a21 (39,445 in chips)
Seat 7: 4fd19c8f (12,559 in chips)
Seat 8: ab953968 (11,612 in chips)
ab953968: posts the ante 45
cae88634: posts the ante 45
8a40853: posts the ante 45
Hero: posts the ante 45
d6c4fd7e: posts the ante 45
1a856a7b: posts the ante 45
5aa30a21: posts the ante 45
4fd19c8f: posts the ante 45
8a40853: posts small blind 150
5aa30a21: posts big blind 300
*** HOLE CARDS ***
Dealt to cae88634 
Dealt to d6c4fd7e 
Dealt to 1a856a7b 
Dealt to Hero [6d 7s]
Dealt to 8a40853 
Dealt to 5aa30a21 
Dealt to 4fd19c8f 
Dealt to ab953968 
4fd19c8f: folds
ab953968: raises 300 to 600
cae88634: folds
d6c4fd7e: calls 600
1a856a7b: folds
Hero: folds
8a40853: raises 4,800 to 5,400
5aa30a21: folds
ab953968: folds
d6c4fd7e: raises 5,295 to 10,695 and is all-in
8a40853: calls 5,295
d6c4fd7e: shows [4d 4s]
8a40853: shows [Kd Ah]
*** FLOP *** [3s Kh 7c]
*** TURN *** [3s Kh 7c] [9h]
*** RIVER *** [3s Kh 7c 9h] [Td]
*** SHOWDOWN ***
8a40853 collected 22,650 from pot
*** SUMMARY ***
Total pot 22,650 | Rake 0 | Jackpot 0 | Bingo 0 | Fortune 0 | Tax 0
Board [3s Kh 7c 9h Td]
Seat 1: cae88634 folded before Flop
Seat 2: d6c4fd7e showed [4d 4s] and lost with a pair of Fours
Seat 3: 1a856a7b folded before Flop
Seat 4: Hero (button) folded before Flop
Seat 5: 8a40853 (small blind) showed [Kd Ah] and won (22,650) with a pair of Kings
Seat 6: 5aa30a21 (big blind) folded before Flop
Seat 7: 4fd19c8f folded before Flop
Seat 8: ab953968 folded before Flop


Poker Hand #TM5697018885: Tournament #269318280, Bounty Hunters Special $8.88 Hold'em No Limit - Level6(150/300(45)) - 2026/03/12 17:28:45
Table '54' 8-max Seat #3 is the button
Seat 1: cae88634 (9,830 in chips)
Seat 2: d6c4fd7e (11,385 in chips)
Seat 3: 1a856a7b (9,867 in chips)
Seat 4: Hero (8,740 in chips)
Seat 5: 8a40853 (32,260 in chips)
Seat 6: 5aa30a21 (39,490 in chips)
Seat 7: 4fd19c8f (12,604 in chips)
Seat 8: ab953968 (11,657 in chips)
ab953968: posts the ante 45
cae88634: posts the ante 45
8a40853: posts the ante 45
Hero: posts the ante 45
d6c4fd7e: posts the ante 45
1a856a7b: posts the ante 45
5aa30a21: posts the ante 45
4fd19c8f: posts the ante 45
Hero: posts small blind 150
8a40853: posts big blind 300
*** HOLE CARDS ***
Dealt to cae88634 
Dealt to d6c4fd7e 
Dealt to 1a856a7b 
Dealt to Hero [3s 4c]
Dealt to 8a40853 
Dealt to 5aa30a21 
Dealt to 4fd19c8f 
Dealt to ab953968 
5aa30a21: folds
4fd19c8f: folds
ab953968: folds
cae88634: folds
d6c4fd7e: raises 300 to 600
1a856a7b: folds
Hero: folds
8a40853: raises 1,560 to 2,160
d6c4fd7e: folds
Uncalled bet (1,560) returned to 8a40853
*** SHOWDOWN ***
8a40853 collected 1,710 from pot
*** SUMMARY ***
Total pot 1,710 | Rake 0 | Jackpot 0 | Bingo 0 | Fortune 0 | Tax 0
Seat 1: cae88634 folded before Flop
Seat 2: d6c4fd7e folded before Flop
Seat 3: 1a856a7b (button) folded before Flop
Seat 4: Hero (small blind) folded before Flop
Seat 5: 8a40853 (big blind) collected (1,710)
Seat 6: 5aa30a21 folded before Flop
Seat 7: 4fd19c8f folded before Flop
Seat 8: ab953968 folded before Flop


Poker Hand #TM5697018878: Tournament #269318280, Bounty Hunters Special $8.88 Hold'em No Limit - Level6(150/300(45)) - 2026/03/12 17:28:12
Table '54' 8-max Seat #2 is the button
Seat 1: cae88634 (9,875 in chips)
Seat 2: d6c4fd7e (11,430 in chips)
Seat 3: 1a856a7b (7,032 in chips)
Seat 4: Hero (9,085 in chips)
Seat 5: 8a40853 (34,525 in chips)
Seat 6: 5aa30a21 (39,535 in chips)
Seat 7: 4fd19c8f (12,649 in chips)
Seat 8: ab953968 (11,702 in chips)
ab953968: posts the ante 45
cae88634: posts the ante 45
8a40853: posts the ante 45
Hero: posts the ante 45
d6c4fd7e: posts the ante 45
1a856a7b: posts the ante 45
5aa30a21: posts the ante 45
4fd19c8f: posts the ante 45
1a856a7b: posts small blind 150
Hero: posts big blind 300
*** HOLE CARDS ***
Dealt to cae88634 
Dealt to d6c4fd7e 
Dealt to 1a856a7b 
Dealt to Hero [6c 3d]
Dealt to 8a40853 
Dealt to 5aa30a21 
Dealt to 4fd19c8f 
Dealt to ab953968 
8a40853: raises 360 to 660
5aa30a21: folds
4fd19c8f: folds
ab953968: folds
cae88634: folds
d6c4fd7e: folds
1a856a7b: raises 1,560 to 2,220
Hero: folds
8a40853: calls 1,560
*** FLOP *** [Qd 3c 5c]
1a856a7b: bets 4,767 and is all-in
8a40853: folds
Uncalled bet (4,767) returned to 1a856a7b
*** SHOWDOWN ***
1a856a7b collected 5,100 from pot
*** SUMMARY ***
Total pot 5,100 | Rake 0 | Jackpot 0 | Bingo 0 | Fortune 0 | Tax 0
Board [Qd 3c 5c]
Seat 1: cae88634 folded before Flop
Seat 2: d6c4fd7e (button) folded before Flop
Seat 3: 1a856a7b (small blind) won (5,100)
Seat 4: Hero (big blind) folded before Flop
Seat 5: 8a40853 folded on the Flop
Seat 6: 5aa30a21 folded before Flop
Seat 7: 4fd19c8f folded before Flop
Seat 8: ab953968 folded before Flop


Poker Hand #TM5697018868: Tournament #269318280, Bounty Hunters Special $8.88 Hold'em No Limit - Level6(150/300(45)) - 2026/03/12 17:27:35
Table '54' 8-max Seat #1 is the button
Seat 1: cae88634 (8,810 in chips)
Seat 2: d6c4fd7e (11,625 in chips)
Seat 3: 1a856a7b (7,677 in chips)
Seat 4: Hero (9,130 in chips)
Seat 5: 8a40853 (34,570 in chips)
Seat 6: 5aa30a21 (39,580 in chips)
Seat 7: 4fd19c8f (12,694 in chips)
Seat 8: ab953968 (11,747 in chips)
ab953968: posts the ante 45
cae88634: posts the ante 45
8a40853: posts the ante 45
Hero: posts the ante 45
d6c4fd7e: posts the ante 45
1a856a7b: posts the ante 45
5aa30a21: posts the ante 45
4fd19c8f: posts the ante 45
d6c4fd7e: posts small blind 150
1a856a7b: posts big blind 300
*** HOLE CARDS ***
Dealt to cae88634 
Dealt to d6c4fd7e 
Dealt to 1a856a7b 
Dealt to Hero [Jc 9s]
Dealt to 8a40853 
Dealt to 5aa30a21 
Dealt to 4fd19c8f 
Dealt to ab953968 
Hero: folds
8a40853: folds
5aa30a21: folds
4fd19c8f: folds
ab953968: folds
cae88634: raises 300 to 600
d6c4fd7e: folds
1a856a7b: calls 300
*** FLOP *** [As 3d 8c]
1a856a7b: checks
cae88634: bets 428
1a856a7b: folds
Uncalled bet (428) returned to cae88634
*** SHOWDOWN ***
cae88634 collected 1,710 from pot
*** SUMMARY ***
Total pot 1,710 | Rake 0 | Jackpot 0 | Bingo 0 | Fortune 0 | Tax 0
Board [As 3d 8c]
Seat 1: cae88634 (button) won (1,710)
Seat 2: d6c4fd7e (small blind) folded before Flop
Seat 3: 1a856a7b (big blind) folded on the Flop
Seat 4: Hero folded before Flop
Seat 5: 8a40853 folded before Flop
Seat 6: 5aa30a21 folded before Flop
Seat 7: 4fd19c8f folded before Flop
Seat 8: ab953968 folded before Flop


Poker Hand #TM5697018849: Tournament #269318280, Bounty Hunters Special $8.88 Hold'em No Limit - Level5(125/250(35)) - 2026/03/12 17:26:25
Table '54' 8-max Seat #8 is the button
Seat 1: cae88634 (8,970 in chips)
Seat 2: d6c4fd7e (11,910 in chips)
Seat 3: 1a856a7b (8,712 in chips)
Seat 4: Hero (9,165 in chips)
Seat 5: 8a40853 (32,950 in chips)
Seat 6: 5aa30a21 (39,615 in chips)
Seat 7: 4fd19c8f (12,729 in chips)
Seat 8: ab953968 (11,782 in chips)
ab953968: posts the ante 35
cae88634: posts the ante 35
8a40853: posts the ante 35
Hero: posts the ante 35
d6c4fd7e: posts the ante 35
1a856a7b: posts the ante 35
5aa30a21: posts the ante 35
4fd19c8f: posts the ante 35
cae88634: posts small blind 125
d6c4fd7e: posts big blind 250
*** HOLE CARDS ***
Dealt to cae88634 
Dealt to d6c4fd7e 
Dealt to 1a856a7b 
Dealt to Hero [8h 6s]
Dealt to 8a40853 
Dealt to 5aa30a21 
Dealt to 4fd19c8f 
Dealt to ab953968 
1a856a7b: calls 250
Hero: folds
8a40853: raises 750 to 1,000
5aa30a21: folds
4fd19c8f: folds
ab953968: folds
cae88634: folds
d6c4fd7e: folds
1a856a7b: calls 750
*** FLOP *** [7d Ah 5h]
1a856a7b: checks
8a40853: bets 1,725
1a856a7b: folds
Uncalled bet (1,725) returned to 8a40853
*** SHOWDOWN ***
8a40853 collected 2,655 from pot
*** SUMMARY ***
Total pot 2,655 | Rake 0 | Jackpot 0 | Bingo 0 | Fortune 0 | Tax 0
Board [7d Ah 5h]
Seat 1: cae88634 (small blind) folded before Flop
Seat 2: d6c4fd7e (big blind) folded before Flop
Seat 3: 1a856a7b folded on the Flop
Seat 4: Hero folded before Flop
Seat 5: 8a40853 won (2,655)
Seat 6: 5aa30a21 folded before Flop
Seat 7: 4fd19c8f folded before Flop
Seat 8: ab953968 (button) folded before Flop


Poker Hand #TM5697018843: Tournament #269318280, Bounty Hunters Special $8.88 Hold'em No Limit - Level5(125/250(35)) - 2026/03/12 17:26:03
Table '54' 8-max Seat #7 is the button
Seat 1: cae88634 (9,255 in chips)
Seat 2: d6c4fd7e (11,945 in chips)
Seat 3: 1a856a7b (8,747 in chips)
Seat 4: Hero (9,200 in chips)
Seat 5: 8a40853 (32,985 in chips)
Seat 6: 5aa30a21 (38,995 in chips)
Seat 7: 4fd19c8f (12,764 in chips)
Seat 8: ab953968 (11,942 in chips)
ab953968: posts the ante 35
cae88634: posts the ante 35
8a40853: posts the ante 35
Hero: posts the ante 35
d6c4fd7e: posts the ante 35
1a856a7b: posts the ante 35
5aa30a21: posts the ante 35
4fd19c8f: posts the ante 35
ab953968: posts small blind 125
cae88634: posts big blind 250
*** HOLE CARDS ***
Dealt to cae88634 
Dealt to d6c4fd7e 
Dealt to 1a856a7b 
Dealt to Hero [Jd 5c]
Dealt to 8a40853 
Dealt to 5aa30a21 
Dealt to 4fd19c8f 
Dealt to ab953968 
d6c4fd7e: folds
1a856a7b: folds
Hero: folds
8a40853: folds
5aa30a21: raises 250 to 500
4fd19c8f: folds
ab953968: folds
cae88634: folds
Uncalled bet (250) returned to 5aa30a21
*** SHOWDOWN ***
5aa30a21 collected 905 from pot
*** SUMMARY ***
Total pot 905 | Rake 0 | Jackpot 0 | Bingo 0 | Fortune 0 | Tax 0
Seat 1: cae88634 (big blind) folded before Flop
Seat 2: d6c4fd7e folded before Flop
Seat 3: 1a856a7b folded before Flop
Seat 4: Hero folded before Flop
Seat 5: 8a40853 folded before Flop
Seat 6: 5aa30a21 collected (905)
Seat 7: 4fd19c8f (button) folded before Flop
Seat 8: ab953968 (small blind) folded before Flop


Poker Hand #TM5697018823: Tournament #269318280, Bounty Hunters Special $8.88 Hold'em No Limit - Level5(125/250(35)) - 2026/03/12 17:24:44
Table '54' 8-max Seat #6 is the button
Seat 1: cae88634 (9,790 in chips)
Seat 2: d6c4fd7e (11,980 in chips)
Seat 3: 1a856a7b (8,782 in chips)
Seat 4: Hero (9,235 in chips)
Seat 5: 8a40853 (33,020 in chips)
Seat 6: 5aa30a21 (39,030 in chips)
Seat 7: 4fd19c8f (13,299 in chips)
Seat 8: ab953968 (10,697 in chips)
ab953968: posts the ante 35
cae88634: posts the ante 35
8a40853: posts the ante 35
Hero: posts the ante 35
d6c4fd7e: posts the ante 35
1a856a7b: posts the ante 35
5aa30a21: posts the ante 35
4fd19c8f: posts the ante 35
4fd19c8f: posts small blind 125
ab953968: posts big blind 250
*** HOLE CARDS ***
Dealt to cae88634 
Dealt to d6c4fd7e 
Dealt to 1a856a7b 
Dealt to Hero [Tc 8h]
Dealt to 8a40853 
Dealt to 5aa30a21 
Dealt to 4fd19c8f 
Dealt to ab953968 
cae88634: raises 250 to 500
d6c4fd7e: folds
1a856a7b: folds
Hero: folds
8a40853: folds
5aa30a21: folds
4fd19c8f: calls 375
ab953968: calls 250
*** FLOP *** [Kd 2d 6h]
4fd19c8f: checks
ab953968: bets 588
cae88634: folds
4fd19c8f: folds
Uncalled bet (588) returned to ab953968
*** SHOWDOWN ***
ab953968 collected 1,780 from pot
*** SUMMARY ***
Total pot 1,780 | Rake 0 | Jackpot 0 | Bingo 0 | Fortune 0 | Tax 0
Board [Kd 2d 6h]
Seat 1: cae88634 folded on the Flop
Seat 2: d6c4fd7e folded before Flop
Seat 3: 1a856a7b folded before Flop
Seat 4: Hero folded before Flop
Seat 5: 8a40853 folded before Flop
Seat 6: 5aa30a21 (button) folded before Flop
Seat 7: 4fd19c8f (small blind) folded on the Flop
Seat 8: ab953968 (big blind) won (1,780)


Poker Hand #TM5697018815: Tournament #269318280, Bounty Hunters Special $8.88 Hold'em No Limit - Level5(125/250(35)) - 2026/03/12 17:24:11
Table '54' 8-max Seat #5 is the button
Seat 1: cae88634 (9,825 in chips)
Seat 2: d6c4fd7e (12,015 in chips)
Seat 3: 1a856a7b (8,817 in chips)
Seat 4: Hero (9,270 in chips)
Seat 5: 8a40853 (33,055 in chips)
Seat 6: 5aa30a21 (39,190 in chips)
Seat 7: 4fd19c8f (12,929 in chips)
Seat 8: ab953968 (10,732 in chips)
ab953968: posts the ante 35
cae88634: posts the ante 35
8a40853: posts the ante 35
Hero: posts the ante 35
d6c4fd7e: posts the ante 35
1a856a7b: posts the ante 35
5aa30a21: posts the ante 35
4fd19c8f: posts the ante 35
5aa30a21: posts small blind 125
4fd19c8f: posts big blind 250
*** HOLE CARDS ***
Dealt to cae88634 
Dealt to d6c4fd7e 
Dealt to 1a856a7b 
Dealt to Hero [Jd 4h]
Dealt to 8a40853 
Dealt to 5aa30a21 
Dealt to 4fd19c8f 
Dealt to ab953968 
ab953968: folds
cae88634: folds
d6c4fd7e: folds
1a856a7b: folds
Hero: folds
8a40853: folds
5aa30a21: folds
Uncalled bet (125) returned to 4fd19c8f
*** SHOWDOWN ***
4fd19c8f collected 530 from pot
*** SUMMARY ***
Total pot 530 | Rake 0 | Jackpot 0 | Bingo 0 | Fortune 0 | Tax 0
Seat 1: cae88634 folded before Flop
Seat 2: d6c4fd7e folded before Flop
Seat 3: 1a856a7b folded before Flop
Seat 4: Hero folded before Flop
Seat 5: 8a40853 (button) folded before Flop
Seat 6: 5aa30a21 (small blind) folded before Flop
Seat 7: 4fd19c8f (big blind) collected (530)
Seat 8: ab953968 folded before Flop


Poker Hand #TM5697018793: Tournament #269318280, Bounty Hunters Special $8.88 Hold'em No Limit - Level5(125/250(35)) - 2026/03/12 17:23:05
Table '54' 8-max Seat #4 is the button
Seat 1: cae88634 (9,860 in chips)
Seat 2: d6c4fd7e (12,050 in chips)
Seat 3: 1a856a7b (8,852 in chips)
Seat 4: Hero (9,305 in chips)
Seat 5: 8a40853 (33,215 in chips)
Seat 6: 5aa30a21 (39,725 in chips)
Seat 7: 4fd19c8f (12,964 in chips)
Seat 8: ab953968 (9,862 in chips)
ab953968: posts the ante 35
cae88634: posts the ante 35
8a40853: posts the ante 35
Hero: posts the ante 35
d6c4fd7e: posts the ante 35
1a856a7b: posts the ante 35
5aa30a21: posts the ante 35
4fd19c8f: posts the ante 35
8a40853: posts small blind 125
5aa30a21: posts big blind 250
*** HOLE CARDS ***
Dealt to cae88634 
Dealt to d6c4fd7e 
Dealt to 1a856a7b 
Dealt to Hero [6c Jh]
Dealt to 8a40853 
Dealt to 5aa30a21 
Dealt to 4fd19c8f 
Dealt to ab953968 
4fd19c8f: folds
ab953968: raises 250 to 500
cae88634: folds
d6c4fd7e: folds
1a856a7b: folds
Hero: folds
8a40853: folds
5aa30a21: calls 250
*** FLOP *** [Td Tc 2d]
5aa30a21: checks
ab953968: bets 464
5aa30a21: folds
Uncalled bet (464) returned to ab953968
*** SHOWDOWN ***
ab953968 collected 1,405 from pot
*** SUMMARY ***
Total pot 1,405 | Rake 0 | Jackpot 0 | Bingo 0 | Fortune 0 | Tax 0
Board [Td Tc 2d]
Seat 1: cae88634 folded before Flop
Seat 2: d6c4fd7e folded before Flop
Seat 3: 1a856a7b folded before Flop
Seat 4: Hero (button) folded before Flop
Seat 5: 8a40853 (small blind) folded before Flop
Seat 6: 5aa30a21 (big blind) folded on the Flop
Seat 7: 4fd19c8f folded before Flop
Seat 8: ab953968 won (1,405)


Poker Hand #TM5697018790: Tournament #269318280, Bounty Hunters Special $8.88 Hold'em No Limit - Level5(125/250(35)) - 2026/03/12 17:22:46
Table '54' 8-max Seat #3 is the button
Seat 1: cae88634 (9,895 in chips)
Seat 2: d6c4fd7e (12,085 in chips)
Seat 3: 1a856a7b (8,887 in chips)
Seat 4: Hero (9,465 in chips)
Seat 5: 8a40853 (32,845 in chips)
Seat 6: 5aa30a21 (39,760 in chips)
Seat 7: 4fd19c8f (12,999 in chips)
Seat 8: ab953968 (9,897 in chips)
ab953968: posts the ante 35
cae88634: posts the ante 35
8a40853: posts the ante 35
Hero: posts the ante 35
d6c4fd7e: posts the ante 35
1a856a7b: posts the ante 35
5aa30a21: posts the ante 35
4fd19c8f: posts the ante 35
Hero: posts small blind 125
8a40853: posts big blind 250
*** HOLE CARDS ***
Dealt to cae88634 
Dealt to d6c4fd7e 
Dealt to 1a856a7b 
Dealt to Hero [3s 6h]
Dealt to 8a40853 
Dealt to 5aa30a21 
Dealt to 4fd19c8f 
Dealt to ab953968 
5aa30a21: folds
4fd19c8f: folds
ab953968: folds
cae88634: folds
d6c4fd7e: folds
1a856a7b: folds
Hero: folds
Uncalled bet (125) returned to 8a40853
*** SHOWDOWN ***
8a40853 collected 530 from pot
*** SUMMARY ***
Total pot 530 | Rake 0 | Jackpot 0 | Bingo 0 | Fortune 0 | Tax 0
Seat 1: cae88634 folded before Flop
Seat 2: d6c4fd7e folded before Flop
Seat 3: 1a856a7b (button) folded before Flop
Seat 4: Hero (small blind) folded before Flop
Seat 5: 8a40853 (big blind) collected (530)
Seat 6: 5aa30a21 folded before Flop
Seat 7: 4fd19c8f folded before Flop
Seat 8: ab953968 folded before Flop


Poker Hand #TM5697018770: Tournament #269318280, Bounty Hunters Special $8.88 Hold'em No Limit - Level5(125/250(35)) - 2026/03/12 17:21:29
Table '54' 8-max Seat #2 is the button
Seat 1: cae88634 (9,930 in chips)
Seat 2: d6c4fd7e (10,340 in chips)
Seat 3: 1a856a7b (9,422 in chips)
Seat 4: Hero (10,000 in chips)
Seat 5: 8a40853 (32,880 in chips)
Seat 6: 5aa30a21 (40,295 in chips)
Seat 7: 4fd19c8f (13,034 in chips)
Seat 8: ab953968 (9,932 in chips)
ab953968: posts the ante 35
cae88634: posts the ante 35
8a40853: posts the ante 35
Hero: posts the ante 35
d6c4fd7e: posts the ante 35
1a856a7b: posts the ante 35
5aa30a21: posts the ante 35
4fd19c8f: posts the ante 35
1a856a7b: posts small blind 125
Hero: posts big blind 250
*** HOLE CARDS ***
Dealt to cae88634 
Dealt to d6c4fd7e 
Dealt to 1a856a7b 
Dealt to Hero [9c 7d]
Dealt to 8a40853 
Dealt to 5aa30a21 
Dealt to 4fd19c8f 
Dealt to ab953968 
8a40853: folds
5aa30a21: raises 250 to 500
4fd19c8f: folds
ab953968: folds
cae88634: folds
d6c4fd7e: calls 500
1a856a7b: calls 375
Hero: calls 250
*** FLOP *** [Ks Tc 5h]
1a856a7b: checks
Hero: checks
5aa30a21: checks
d6c4fd7e: bets 900
1a856a7b: folds
Hero: folds
5aa30a21: folds
Uncalled bet (900) returned to d6c4fd7e
*** SHOWDOWN ***
d6c4fd7e collected 2,280 from pot
*** SUMMARY ***
Total pot 2,280 | Rake 0 | Jackpot 0 | Bingo 0 | Fortune 0 | Tax 0
Board [Ks Tc 5h]
Seat 1: cae88634 folded before Flop
Seat 2: d6c4fd7e (button) won (2,280)
Seat 3: 1a856a7b (small blind) folded on the Flop
Seat 4: Hero (big blind) folded on the Flop
Seat 5: 8a40853 folded before Flop
Seat 6: 5aa30a21 folded on the Flop
Seat 7: 4fd19c8f folded before Flop
Seat 8: ab953968 folded before Flop


