Poker Hand #TM5671505584: Tournament #267996101, Bounty Hunters Deepstack Turbo $10.80 Hold'em No Limit - Level14(750/1,500(200)) - 2026/03/07 00:14:20
Table '44' 8-max Seat #8 is the button
Seat 1: faadae7a (61,750 in chips)
Seat 2: 9245ea91 (170 in chips)
Seat 3: 7693cbbe (108,976 in chips)
Seat 4: 21d4deb4 (23,540 in chips)
Seat 5: 2f267f37 (38,082 in chips)
Seat 6: 44296436 (127,379 in chips)
Seat 7: 998950ed (79,232 in chips)
Seat 8: Hero (62,530 in chips)
998950ed: posts the ante 200
44296436: posts the ante 200
Hero: posts the ante 200
2f267f37: posts the ante 200
21d4deb4: posts the ante 200
7693cbbe: posts the ante 200
9245ea91: posts the ante 170
faadae7a: posts the ante 200
faadae7a: posts small blind 750
9245ea91: posts big blind 0
*** HOLE CARDS ***
Dealt to faadae7a 
Dealt to 9245ea91 
Dealt to 7693cbbe 
Dealt to 21d4deb4 
Dealt to 2f267f37 
Dealt to 44296436 
Dealt to 998950ed 
Dealt to Hero [Js Jh]
7693cbbe: raises 107,276 to 108,776 and is all-in
21d4deb4: folds
2f267f37: folds
44296436: folds
998950ed: folds
Hero: calls 62,330 and is all-in
faadae7a: folds
Uncalled bet (46,446) returned to 7693cbbe
7693cbbe: shows [3c 3d]
Hero: shows [Js Jh]
9245ea91: shows [2s Kd]
*** FLOP *** [5h 5c 3h]
*** TURN *** [5h 5c 3h] [Tc]
*** RIVER *** [5h 5c 3h Tc] [As]
faadae7a: shows [3s] (two pair, Fives and Threes)
*** SHOWDOWN ***
7693cbbe collected 1,360 from pot
7693cbbe collected 125,620 from pot
*** SUMMARY ***
Total pot 126,980 | Rake 0 | Jackpot 0 | Bingo 0 | Fortune 0 | Tax 0
Board [5h 5c 3h Tc As]
Seat 1: faadae7a (small blind) folded before Flop
Seat 2: 9245ea91 (big blind) showed [2s Kd] and lost with a pair of Fives
Seat 3: 7693cbbe showed [3c 3d] and won (126,980) with a full house, Threes full of Fives
Seat 4: 21d4deb4 folded before Flop
Seat 5: 2f267f37 folded before Flop
Seat 6: 44296436 folded before Flop
Seat 7: 998950ed folded before Flop
Seat 8: Hero (button) showed [Js Jh] and lost with two pair, Jacks and Fives


Poker Hand #TM5671505557: Tournament #267996101, Bounty Hunters Deepstack Turbo $10.80 Hold'em No Limit - Level14(750/1,500(200)) - 2026/03/07 00:13:35
Table '44' 8-max Seat #7 is the button
Seat 1: faadae7a (20,000 in chips)
Seat 2: 9245ea91 (20,085 in chips)
Seat 3: 7693cbbe (129,061 in chips)
Seat 4: 21d4deb4 (23,740 in chips)
Seat 5: 2f267f37 (38,282 in chips)
Seat 6: 44296436 (127,579 in chips)
Seat 7: 998950ed (79,432 in chips)
Seat 8: Hero (63,480 in chips)
998950ed: posts the ante 200
44296436: posts the ante 200
Hero: posts the ante 200
2f267f37: posts the ante 200
21d4deb4: posts the ante 200
7693cbbe: posts the ante 200
9245ea91: posts the ante 200
faadae7a: posts the ante 200
Hero: posts small blind 750
faadae7a: posts big blind 1,500
*** HOLE CARDS ***
Dealt to faadae7a 
Dealt to 9245ea91 
Dealt to 7693cbbe 
Dealt to 21d4deb4 
Dealt to 2f267f37 
Dealt to 44296436 
Dealt to 998950ed 
Dealt to Hero [Tc Td]
9245ea91: raises 18,385 to 19,885 and is all-in
7693cbbe: raises 108,976 to 128,861 and is all-in
21d4deb4: folds
2f267f37: folds
44296436: folds
998950ed: folds
Hero: folds
faadae7a: calls 18,300 and is all-in
Uncalled bet (108,976) returned to 7693cbbe
7693cbbe: shows [Kc Qd]
faadae7a: shows [Ad 5d]
9245ea91: shows [Ts Ac]
*** FLOP *** [6c 3s Jh]
*** TURN *** [6c 3s Jh] [5c]
*** RIVER *** [6c 3s Jh 5c] [6s]
*** SHOWDOWN ***
faadae7a collected 61,750 from pot
9245ea91 collected 170 from pot
*** SUMMARY ***
Total pot 61,920 | Rake 0 | Jackpot 0 | Bingo 0 | Fortune 0 | Tax 0
Board [6c 3s Jh 5c 6s]
Seat 1: faadae7a (big blind) showed [Ad 5d] and won (61,750) with two pair, Sixes and Fives
Seat 2: 9245ea91 showed [Ts Ac] and won (170) with a pair of Sixes
Seat 3: 7693cbbe showed [Kc Qd] and lost with a pair of Sixes
Seat 4: 21d4deb4 folded before Flop
Seat 5: 2f267f37 folded before Flop
Seat 6: 44296436 folded before Flop
Seat 7: 998950ed (button) folded before Flop
Seat 8: Hero (small blind) folded before Flop


Poker Hand #TM5671505533: Tournament #267996101, Bounty Hunters Deepstack Turbo $10.80 Hold'em No Limit - Level13(600/1,200(180)) - 2026/03/07 00:12:52
Table '44' 8-max Seat #6 is the button
Seat 2: 9245ea91 (20,265 in chips)
Seat 3: 7693cbbe (129,241 in chips)
Seat 4: 21d4deb4 (23,920 in chips)
Seat 5: 2f267f37 (38,462 in chips)
Seat 6: 44296436 (124,699 in chips)
Seat 7: 998950ed (80,212 in chips)
Seat 8: Hero (64,860 in chips)
998950ed: posts the ante 180
44296436: posts the ante 180
Hero: posts the ante 180
2f267f37: posts the ante 180
21d4deb4: posts the ante 180
7693cbbe: posts the ante 180
9245ea91: posts the ante 180
998950ed: posts small blind 600
Hero: posts big blind 1,200
*** HOLE CARDS ***
Dealt to 9245ea91 
Dealt to 7693cbbe 
Dealt to 21d4deb4 
Dealt to 2f267f37 
Dealt to 44296436 
Dealt to 998950ed 
Dealt to Hero [3h Ad]
9245ea91: folds
7693cbbe: folds
21d4deb4: folds
2f267f37: folds
44296436: raises 1,200 to 2,400
998950ed: folds
Hero: folds
Uncalled bet (1,200) returned to 44296436
*** SHOWDOWN ***
44296436 collected 4,260 from pot
*** SUMMARY ***
Total pot 4,260 | Rake 0 | Jackpot 0 | Bingo 0 | Fortune 0 | Tax 0
Seat 2: 9245ea91 folded before Flop
Seat 3: 7693cbbe folded before Flop
Seat 4: 21d4deb4 folded before Flop
Seat 5: 2f267f37 folded before Flop
Seat 6: 44296436 (button) collected (4,260)
Seat 7: 998950ed (small blind) folded before Flop
Seat 8: Hero (big blind) folded before Flop


Poker Hand #TM5671505499: Tournament #267996101, Bounty Hunters Deepstack Turbo $10.80 Hold'em No Limit - Level13(600/1,200(180)) - 2026/03/07 00:11:40
Table '44' 8-max Seat #5 is the button
Seat 1: 9ba84da8 (20,000 in chips)
Seat 2: 9245ea91 (20,445 in chips)
Seat 3: 7693cbbe (129,421 in chips)
Seat 4: 21d4deb4 (24,100 in chips)
Seat 5: 2f267f37 (38,642 in chips)
Seat 6: 44296436 (125,479 in chips)
Seat 7: 998950ed (58,532 in chips)
Seat 8: Hero (65,040 in chips)
998950ed: posts the ante 180
44296436: posts the ante 180
Hero: posts the ante 180
2f267f37: posts the ante 180
9ba84da8: posts the ante 180
21d4deb4: posts the ante 180
7693cbbe: posts the ante 180
9245ea91: posts the ante 180
44296436: posts small blind 600
998950ed: posts big blind 1,200
*** HOLE CARDS ***
Dealt to 9ba84da8 
Dealt to 9245ea91 
Dealt to 7693cbbe 
Dealt to 21d4deb4 
Dealt to 2f267f37 
Dealt to 44296436 
Dealt to 998950ed 
Dealt to Hero [7d Tc]
Hero: folds
9ba84da8: raises 1,200 to 2,400
9245ea91: folds
7693cbbe: folds
21d4deb4: folds
2f267f37: folds
44296436: folds
998950ed: calls 1,200
*** FLOP *** [Kd 3s Ad]
998950ed: checks
9ba84da8: bets 3,420
998950ed: calls 3,420
*** TURN *** [Kd 3s Ad] [7h]
998950ed: checks
9ba84da8: checks
*** RIVER *** [Kd 3s Ad 7h] [Th]
998950ed: checks
9ba84da8: bets 13,680
998950ed: raises 38,852 to 52,532 and is all-in
9ba84da8: calls 320 and is all-in
Uncalled bet (38,532) returned to 998950ed
998950ed: shows [Ah 9c] (a pair of Aces)
9ba84da8: shows [5s 4s] (Ace high)
*** SHOWDOWN ***
998950ed collected 41,680 from pot
*** SUMMARY ***
Total pot 41,680 | Rake 0 | Jackpot 0 | Bingo 0 | Fortune 0 | Tax 0
Board [Kd 3s Ad 7h Th]
Seat 1: 9ba84da8 showed [5s 4s] and lost with Ace high
Seat 2: 9245ea91 folded before Flop
Seat 3: 7693cbbe folded before Flop
Seat 4: 21d4deb4 folded before Flop
Seat 5: 2f267f37 (button) folded before Flop
Seat 6: 44296436 (small blind) folded before Flop
Seat 7: 998950ed (big blind) showed [Ah 9c] and won (41,680) with a pair of Aces
Seat 8: Hero folded before Flop


Poker Hand #TM5671505468: Tournament #267996101, Bounty Hunters Deepstack Turbo $10.80 Hold'em No Limit - Level13(600/1,200(180)) - 2026/03/07 00:10:47
Table '44' 8-max Seat #4 is the button
Seat 2: 9245ea91 (20,625 in chips)
Seat 3: 7693cbbe (132,601 in chips)
Seat 4: 21d4deb4 (24,280 in chips)
Seat 5: 2f267f37 (33,362 in chips)
Seat 6: 44296436 (126,859 in chips)
Seat 7: 998950ed (58,712 in chips)
Seat 8: Hero (65,220 in chips)
998950ed: posts the ante 180
44296436: posts the ante 180
Hero: posts the ante 180
2f267f37: posts the ante 180
21d4deb4: posts the ante 180
7693cbbe: posts the ante 180
9245ea91: posts the ante 180
2f267f37: posts small blind 600
44296436: posts big blind 1,200
*** HOLE CARDS ***
Dealt to 9245ea91 
Dealt to 7693cbbe 
Dealt to 21d4deb4 
Dealt to 2f267f37 
Dealt to 44296436 
Dealt to 998950ed 
Dealt to Hero [3d 4h]
998950ed: folds
Hero: folds
9245ea91: folds
7693cbbe: calls 1,200
21d4deb4: folds
2f267f37: raises 1,800 to 3,000
44296436: folds
7693cbbe: calls 1,800
*** FLOP *** [Ah 3h 7d]
2f267f37: bets 7,260
7693cbbe: folds
Uncalled bet (7,260) returned to 2f267f37
*** SHOWDOWN ***
2f267f37 collected 8,460 from pot
*** SUMMARY ***
Total pot 8,460 | Rake 0 | Jackpot 0 | Bingo 0 | Fortune 0 | Tax 0
Board [Ah 3h 7d]
Seat 2: 9245ea91 folded before Flop
Seat 3: 7693cbbe folded on the Flop
Seat 4: 21d4deb4 (button) folded before Flop
Seat 5: 2f267f37 (small blind) won (8,460)
Seat 6: 44296436 (big blind) folded before Flop
Seat 7: 998950ed folded before Flop
Seat 8: Hero folded before Flop


Poker Hand #TM5671505442: Tournament #267996101, Bounty Hunters Deepstack Turbo $10.80 Hold'em No Limit - Level13(600/1,200(180)) - 2026/03/07 00:09:59
Table '44' 8-max Seat #3 is the button
Seat 1: cd5beb82 (29,491 in chips)
Seat 2: 9245ea91 (20,805 in chips)
Seat 3: 7693cbbe (97,830 in chips)
Seat 4: 21d4deb4 (25,060 in chips)
Seat 5: 2f267f37 (34,742 in chips)
Seat 6: 44296436 (127,039 in chips)
Seat 7: 998950ed (61,292 in chips)
Seat 8: Hero (65,400 in chips)
998950ed: posts the ante 180
44296436: posts the ante 180
Hero: posts the ante 180
2f267f37: posts the ante 180
21d4deb4: posts the ante 180
7693cbbe: posts the ante 180
9245ea91: posts the ante 180
cd5beb82: posts the ante 180
21d4deb4: posts small blind 600
2f267f37: posts big blind 1,200
*** HOLE CARDS ***
Dealt to cd5beb82 
Dealt to 9245ea91 
Dealt to 7693cbbe 
Dealt to 21d4deb4 
Dealt to 2f267f37 
Dealt to 44296436 
Dealt to 998950ed 
Dealt to Hero [9s 2c]
44296436: folds
998950ed: raises 1,200 to 2,400
Hero: folds
cd5beb82: raises 26,911 to 29,311 and is all-in
9245ea91: folds
7693cbbe: raises 42,413 to 71,724
21d4deb4: folds
2f267f37: folds
998950ed: folds
Uncalled bet (42,413) returned to 7693cbbe
7693cbbe: shows [Qh Ah]
cd5beb82: shows [Qc Ks]
*** FLOP *** [4c 7h 6c]
*** TURN *** [4c 7h 6c] [8s]
*** RIVER *** [4c 7h 6c 8s] [3d]
*** SHOWDOWN ***
7693cbbe collected 64,262 from pot
*** SUMMARY ***
Total pot 64,262 | Rake 0 | Jackpot 0 | Bingo 0 | Fortune 0 | Tax 0
Board [4c 7h 6c 8s 3d]
Seat 1: cd5beb82 showed [Qc Ks] and lost with King high
Seat 2: 9245ea91 folded before Flop
Seat 3: 7693cbbe (button) showed [Qh Ah] and won (64,262) with Ace high
Seat 4: 21d4deb4 (small blind) folded before Flop
Seat 5: 2f267f37 (big blind) folded before Flop
Seat 6: 44296436 folded before Flop
Seat 7: 998950ed folded before Flop
Seat 8: Hero folded before Flop


Poker Hand #TM5671505417: Tournament #267996101, Bounty Hunters Deepstack Turbo $10.80 Hold'em No Limit - Level13(600/1,200(180)) - 2026/03/07 00:09:09
Table '44' 8-max Seat #2 is the button
Seat 1: cd5beb82 (26,431 in chips)
Seat 2: 9245ea91 (20,985 in chips)
Seat 3: 7693cbbe (98,610 in chips)
Seat 4: 21d4deb4 (26,440 in chips)
Seat 5: 2f267f37 (34,922 in chips)
Seat 6: 44296436 (127,219 in chips)
Seat 7: 998950ed (61,472 in chips)
Seat 8: Hero (65,580 in chips)
998950ed: posts the ante 180
44296436: posts the ante 180
Hero: posts the ante 180
2f267f37: posts the ante 180
21d4deb4: posts the ante 180
9245ea91: posts the ante 180
7693cbbe: posts the ante 180
cd5beb82: posts the ante 180
7693cbbe: posts small blind 600
21d4deb4: posts big blind 1,200
*** HOLE CARDS ***
Dealt to cd5beb82 
Dealt to 9245ea91 
Dealt to 7693cbbe 
Dealt to 21d4deb4 
Dealt to 2f267f37 
Dealt to 44296436 
Dealt to 998950ed 
Dealt to Hero [8d 9s]
2f267f37: folds
44296436: folds
998950ed: folds
Hero: folds
cd5beb82: raises 1,200 to 2,400
9245ea91: folds
7693cbbe: folds
21d4deb4: folds
Uncalled bet (1,200) returned to cd5beb82
*** SHOWDOWN ***
cd5beb82 collected 4,440 from pot
*** SUMMARY ***
Total pot 4,440 | Rake 0 | Jackpot 0 | Bingo 0 | Fortune 0 | Tax 0
Seat 1: cd5beb82 collected (4,440)
Seat 2: 9245ea91 (button) folded before Flop
Seat 3: 7693cbbe (small blind) folded before Flop
Seat 4: 21d4deb4 (big blind) folded before Flop
Seat 5: 2f267f37 folded before Flop
Seat 6: 44296436 folded before Flop
Seat 7: 998950ed folded before Flop
Seat 8: Hero folded before Flop


Poker Hand #TM5671505383: Tournament #267996101, Bounty Hunters Deepstack Turbo $10.80 Hold'em No Limit - Level13(600/1,200(180)) - 2026/03/07 00:08:10
Table '44' 8-max Seat #1 is the button
Seat 1: cd5beb82 (26,611 in chips)
Seat 2: 9245ea91 (21,765 in chips)
Seat 3: 7693cbbe (94,350 in chips)
Seat 4: 21d4deb4 (26,620 in chips)
Seat 5: 2f267f37 (37,502 in chips)
Seat 6: 44296436 (127,399 in chips)
Seat 7: 998950ed (61,652 in chips)
Seat 8: Hero (65,760 in chips)
998950ed: posts the ante 180
44296436: posts the ante 180
Hero: posts the ante 180
2f267f37: posts the ante 180
21d4deb4: posts the ante 180
7693cbbe: posts the ante 180
9245ea91: posts the ante 180
cd5beb82: posts the ante 180
9245ea91: posts small blind 600
7693cbbe: posts big blind 1,200
*** HOLE CARDS ***
Dealt to cd5beb82 
Dealt to 9245ea91 
Dealt to 7693cbbe 
Dealt to 21d4deb4 
Dealt to 2f267f37 
Dealt to 44296436 
Dealt to 998950ed 
Dealt to Hero [4c 7d]
21d4deb4: folds
2f267f37: raises 1,200 to 2,400
44296436: folds
998950ed: folds
Hero: folds
cd5beb82: folds
9245ea91: folds
7693cbbe: raises 4,515 to 6,915
2f267f37: folds
Uncalled bet (4,515) returned to 7693cbbe
*** SHOWDOWN ***
7693cbbe collected 6,840 from pot
*** SUMMARY ***
Total pot 6,840 | Rake 0 | Jackpot 0 | Bingo 0 | Fortune 0 | Tax 0
Seat 1: cd5beb82 (button) folded before Flop
Seat 2: 9245ea91 (small blind) folded before Flop
Seat 3: 7693cbbe (big blind) collected (6,840)
Seat 4: 21d4deb4 folded before Flop
Seat 5: 2f267f37 folded before Flop
Seat 6: 44296436 folded before Flop
Seat 7: 998950ed folded before Flop
Seat 8: Hero folded before Flop


Poker Hand #TM5671505349: Tournament #267996101, Bounty Hunters Deepstack Turbo $10.80 Hold'em No Limit - Level13(600/1,200(180)) - 2026/03/07 00:07:10
Table '44' 8-max Seat #8 is the button
Seat 1: cd5beb82 (27,391 in chips)
Seat 2: 9245ea91 (23,145 in chips)
Seat 3: 7693cbbe (94,530 in chips)
Seat 4: 21d4deb4 (26,800 in chips)
Seat 5: 2f267f37 (17,311 in chips)
Seat 6: 44296436 (144,710 in chips)
Seat 7: 998950ed (61,832 in chips)
Seat 8: Hero (65,940 in chips)
998950ed: posts the ante 180
44296436: posts the ante 180
Hero: posts the ante 180
2f267f37: posts the ante 180
21d4deb4: posts the ante 180
7693cbbe: posts the ante 180
9245ea91: posts the ante 180
cd5beb82: posts the ante 180
cd5beb82: posts small blind 600
9245ea91: posts big blind 1,200
*** HOLE CARDS ***
Dealt to cd5beb82 
Dealt to 9245ea91 
Dealt to 7693cbbe 
Dealt to 21d4deb4 
Dealt to 2f267f37 
Dealt to 44296436 
Dealt to 998950ed 
Dealt to Hero [2c 4c]
7693cbbe: folds
21d4deb4: folds
2f267f37: raises 15,931 to 17,131 and is all-in
44296436: calls 17,131
998950ed: folds
Hero: folds
cd5beb82: folds
9245ea91: folds
2f267f37: shows [Qs Qd]
44296436: shows [Th Kh]
*** FLOP *** [5c 7d Js]
*** TURN *** [5c 7d Js] [As]
*** RIVER *** [5c 7d Js As] [7c]
*** SHOWDOWN ***
2f267f37 collected 37,502 from pot
*** SUMMARY ***
Total pot 37,502 | Rake 0 | Jackpot 0 | Bingo 0 | Fortune 0 | Tax 0
Board [5c 7d Js As 7c]
Seat 1: cd5beb82 (small blind) folded before Flop
Seat 2: 9245ea91 (big blind) folded before Flop
Seat 3: 7693cbbe folded before Flop
Seat 4: 21d4deb4 folded before Flop
Seat 5: 2f267f37 showed [Qs Qd] and won (37,502) with two pair, Queens and Sevens
Seat 6: 44296436 showed [Th Kh] and lost with a pair of Sevens
Seat 7: 998950ed folded before Flop
Seat 8: Hero (button) folded before Flop


Poker Hand #TM5671505333: Tournament #267996101, Bounty Hunters Deepstack Turbo $10.80 Hold'em No Limit - Level13(600/1,200(180)) - 2026/03/07 00:06:32
Table '44' 8-max Seat #6 is the button
Seat 1: cd5beb82 (28,771 in chips)
Seat 2: 9245ea91 (23,325 in chips)
Seat 3: 7693cbbe (94,710 in chips)
Seat 4: 21d4deb4 (26,980 in chips)
Seat 5: 2f267f37 (17,491 in chips)
Seat 6: 44296436 (141,830 in chips)
Seat 8: Hero (66,720 in chips)
44296436: posts the ante 180
Hero: posts the ante 180
2f267f37: posts the ante 180
21d4deb4: posts the ante 180
7693cbbe: posts the ante 180
9245ea91: posts the ante 180
cd5beb82: posts the ante 180
Hero: posts small blind 600
cd5beb82: posts big blind 1,200
*** HOLE CARDS ***
Dealt to cd5beb82 
Dealt to 9245ea91 
Dealt to 7693cbbe 
Dealt to 21d4deb4 
Dealt to 2f267f37 
Dealt to 44296436 
Dealt to Hero [3h 6s]
9245ea91: folds
7693cbbe: folds
21d4deb4: folds
2f267f37: folds
44296436: raises 1,200 to 2,400
Hero: folds
cd5beb82: folds
Uncalled bet (1,200) returned to 44296436
*** SHOWDOWN ***
44296436 collected 4,260 from pot
*** SUMMARY ***
Total pot 4,260 | Rake 0 | Jackpot 0 | Bingo 0 | Fortune 0 | Tax 0
Seat 1: cd5beb82 (big blind) folded before Flop
Seat 2: 9245ea91 folded before Flop
Seat 3: 7693cbbe folded before Flop
Seat 4: 21d4deb4 folded before Flop
Seat 5: 2f267f37 folded before Flop
Seat 6: 44296436 (button) collected (4,260)
Seat 8: Hero (small blind) folded before Flop


Poker Hand #TM5671505304: Tournament #267996101, Bounty Hunters Deepstack Turbo $10.80 Hold'em No Limit - Level13(600/1,200(180)) - 2026/03/07 00:05:38
Table '44' 8-max Seat #5 is the button
Seat 1: cd5beb82 (28,951 in chips)
Seat 2: 9245ea91 (23,505 in chips)
Seat 3: 7693cbbe (94,890 in chips)
Seat 4: 21d4deb4 (27,160 in chips)
Seat 5: 2f267f37 (17,671 in chips)
Seat 6: 44296436 (134,135 in chips)
Seat 8: Hero (73,515 in chips)
44296436: posts the ante 180
Hero: posts the ante 180
2f267f37: posts the ante 180
21d4deb4: posts the ante 180
7693cbbe: posts the ante 180
9245ea91: posts the ante 180
cd5beb82: posts the ante 180
44296436: posts small blind 600
Hero: posts big blind 1,200
*** HOLE CARDS ***
Dealt to cd5beb82 
Dealt to 9245ea91 
Dealt to 7693cbbe 
Dealt to 21d4deb4 
Dealt to 2f267f37 
Dealt to 44296436 
Dealt to Hero [4h 5s]
cd5beb82: folds
9245ea91: folds
7693cbbe: folds
21d4deb4: folds
2f267f37: folds
44296436: raises 3,000 to 4,200
Hero: calls 3,000
*** FLOP *** [Ad Jc As]
44296436: checks
Hero: checks
*** TURN *** [Ad Jc As] [3c]
44296436: bets 2,415
Hero: calls 2,415
*** RIVER *** [Ad Jc As 3c] [Ks]
44296436: checks
Hero: checks
44296436: shows [8h Jh] (two pair, Aces and Jacks)
Hero: shows [4h 5s] (a pair of Aces)
*** SHOWDOWN ***
44296436 collected 14,490 from pot
*** SUMMARY ***
Total pot 14,490 | Rake 0 | Jackpot 0 | Bingo 0 | Fortune 0 | Tax 0
Board [Ad Jc As 3c Ks]
Seat 1: cd5beb82 folded before Flop
Seat 2: 9245ea91 folded before Flop
Seat 3: 7693cbbe folded before Flop
Seat 4: 21d4deb4 folded before Flop
Seat 5: 2f267f37 (button) folded before Flop
Seat 6: 44296436 (small blind) showed [8h Jh] and won (14,490) with two pair, Aces and Jacks
Seat 8: Hero (big blind) showed [4h 5s] and lost with a pair of Aces


Poker Hand #TM5671505282: Tournament #267996101, Bounty Hunters Deepstack Turbo $10.80 Hold'em No Limit - Level12(500/1,000(150)) - 2026/03/07 00:04:56
Table '44' 8-max Seat #4 is the button
Seat 1: cd5beb82 (29,101 in chips)
Seat 2: 9245ea91 (23,655 in chips)
Seat 3: 7693cbbe (95,040 in chips)
Seat 4: 21d4deb4 (27,310 in chips)
Seat 5: 2f267f37 (20,499 in chips)
Seat 6: 44296436 (130,557 in chips)
Seat 8: Hero (73,665 in chips)
44296436: posts the ante 150
Hero: posts the ante 150
2f267f37: posts the ante 150
21d4deb4: posts the ante 150
7693cbbe: posts the ante 150
9245ea91: posts the ante 150
cd5beb82: posts the ante 150
2f267f37: posts small blind 500
44296436: posts big blind 1,000
*** HOLE CARDS ***
Dealt to cd5beb82 
Dealt to 9245ea91 
Dealt to 7693cbbe 
Dealt to 21d4deb4 
Dealt to 2f267f37 
Dealt to 44296436 
Dealt to Hero [3s 8d]
Hero: folds
cd5beb82: folds
9245ea91: folds
7693cbbe: folds
21d4deb4: folds
2f267f37: calls 500
44296436: checks
*** FLOP *** [2s 5d 9c]
2f267f37: bets 1,678
44296436: calls 1,678
*** TURN *** [2s 5d 9c] [Jd]
2f267f37: checks
44296436: bets 3,203
2f267f37: folds
Uncalled bet (3,203) returned to 44296436
*** SHOWDOWN ***
44296436 collected 6,406 from pot
*** SUMMARY ***
Total pot 6,406 | Rake 0 | Jackpot 0 | Bingo 0 | Fortune 0 | Tax 0
Board [2s 5d 9c Jd]
Seat 1: cd5beb82 folded before Flop
Seat 2: 9245ea91 folded before Flop
Seat 3: 7693cbbe folded before Flop
Seat 4: 21d4deb4 (button) folded before Flop
Seat 5: 2f267f37 (small blind) folded on the Turn
Seat 6: 44296436 (big blind) won (6,406)
Seat 8: Hero folded before Flop


Poker Hand #TM5671505262: Tournament #267996101, Bounty Hunters Deepstack Turbo $10.80 Hold'em No Limit - Level12(500/1,000(150)) - 2026/03/07 00:04:22
Table '44' 8-max Seat #3 is the button
Seat 1: cd5beb82 (29,251 in chips)
Seat 2: 9245ea91 (23,805 in chips)
Seat 3: 7693cbbe (97,390 in chips)
Seat 4: 21d4deb4 (23,210 in chips)
Seat 5: 2f267f37 (21,649 in chips)
Seat 6: 44296436 (130,707 in chips)
Seat 8: Hero (73,815 in chips)
44296436: posts the ante 150
Hero: posts the ante 150
2f267f37: posts the ante 150
21d4deb4: posts the ante 150
7693cbbe: posts the ante 150
9245ea91: posts the ante 150
cd5beb82: posts the ante 150
21d4deb4: posts small blind 500
2f267f37: posts big blind 1,000
*** HOLE CARDS ***
Dealt to cd5beb82 
Dealt to 9245ea91 
Dealt to 7693cbbe 
Dealt to 21d4deb4 
Dealt to 2f267f37 
Dealt to 44296436 
Dealt to Hero [Tc 4c]
44296436: folds
Hero: folds
cd5beb82: folds
9245ea91: folds
7693cbbe: raises 1,200 to 2,200
21d4deb4: raises 20,860 to 23,060 and is all-in
2f267f37: folds
7693cbbe: folds
Uncalled bet (20,860) returned to 21d4deb4
*** SHOWDOWN ***
21d4deb4 collected 6,450 from pot
*** SUMMARY ***
Total pot 6,450 | Rake 0 | Jackpot 0 | Bingo 0 | Fortune 0 | Tax 0
Seat 1: cd5beb82 folded before Flop
Seat 2: 9245ea91 folded before Flop
Seat 3: 7693cbbe (button) folded before Flop
Seat 4: 21d4deb4 (small blind) collected (6,450)
Seat 5: 2f267f37 (big blind) folded before Flop
Seat 6: 44296436 folded before Flop
Seat 8: Hero folded before Flop


Poker Hand #TM5671505244: Tournament #267996101, Bounty Hunters Deepstack Turbo $10.80 Hold'em No Limit - Level12(500/1,000(150)) - 2026/03/07 00:03:43
Table '44' 8-max Seat #2 is the button
Seat 1: cd5beb82 (29,401 in chips)
Seat 2: 9245ea91 (23,955 in chips)
Seat 3: 7693cbbe (98,040 in chips)
Seat 4: 21d4deb4 (24,360 in chips)
Seat 5: 2f267f37 (21,799 in chips)
Seat 7: dd38b30 (19,700 in chips)
Seat 8: Hero (51,865 in chips)
Hero: posts the ante 150
2f267f37: posts the ante 150
21d4deb4: posts the ante 150
9245ea91: posts the ante 150
dd38b30: posts the ante 150
7693cbbe: posts the ante 150
cd5beb82: posts the ante 150
7693cbbe: posts small blind 500
21d4deb4: posts big blind 1,000
*** HOLE CARDS ***
Dealt to cd5beb82 
Dealt to 9245ea91 
Dealt to 7693cbbe 
Dealt to 21d4deb4 
Dealt to 2f267f37 
Dealt to dd38b30 
Dealt to Hero [Ac Qh]
2f267f37: folds
dd38b30: raises 18,550 to 19,550 and is all-in
Hero: raises 32,165 to 51,715 and is all-in
cd5beb82: folds
9245ea91: folds
7693cbbe: folds
21d4deb4: folds
Uncalled bet (32,165) returned to Hero
Hero: shows [Ac Qh]
dd38b30: shows [6h 6d]
*** FLOP *** [Kc 7h Ah]
*** TURN *** [Kc 7h Ah] [4h]
*** RIVER *** [Kc 7h Ah 4h] [Ts]
*** SHOWDOWN ***
Hero collected 41,650 from pot
*** SUMMARY ***
Total pot 41,650 | Rake 0 | Jackpot 0 | Bingo 0 | Fortune 0 | Tax 0
Board [Kc 7h Ah 4h Ts]
Seat 1: cd5beb82 folded before Flop
Seat 2: 9245ea91 (button) folded before Flop
Seat 3: 7693cbbe (small blind) folded before Flop
Seat 4: 21d4deb4 (big blind) folded before Flop
Seat 5: 2f267f37 folded before Flop
Seat 7: dd38b30 showed [6h 6d] and lost with a pair of Sixes
Seat 8: Hero showed [Ac Qh] and won (41,650) with a pair of Aces


Poker Hand #TM5671505215: Tournament #267996101, Bounty Hunters Deepstack Turbo $10.80 Hold'em No Limit - Level12(500/1,000(150)) - 2026/03/07 00:02:40
Table '44' 8-max Seat #1 is the button
Seat 1: cd5beb82 (29,551 in chips)
Seat 2: 9245ea91 (24,605 in chips)
Seat 3: 7693cbbe (116,520 in chips)
Seat 4: 21d4deb4 (24,510 in chips)
Seat 5: 2f267f37 (21,949 in chips)
Seat 6: b9e23c4e (13,655 in chips)
Seat 7: dd38b30 (19,850 in chips)
Seat 8: Hero (18,480 in chips)
b9e23c4e: posts the ante 150
Hero: posts the ante 150
2f267f37: posts the ante 150
21d4deb4: posts the ante 150
dd38b30: posts the ante 150
7693cbbe: posts the ante 150
9245ea91: posts the ante 150
cd5beb82: posts the ante 150
9245ea91: posts small blind 500
7693cbbe: posts big blind 1,000
*** HOLE CARDS ***
Dealt to cd5beb82 
Dealt to 9245ea91 
Dealt to 7693cbbe 
Dealt to 21d4deb4 
Dealt to 2f267f37 
Dealt to b9e23c4e 
Dealt to dd38b30 
Dealt to Hero [7c 7s]
21d4deb4: folds
2f267f37: folds
b9e23c4e: raises 1,000 to 2,000
dd38b30: folds
Hero: raises 16,330 to 18,330 and is all-in
cd5beb82: folds
9245ea91: folds
7693cbbe: calls 17,330
b9e23c4e: calls 11,505 and is all-in
Hero: shows [7c 7s]
7693cbbe: shows [Ad Jd]
b9e23c4e: shows [7h 8h]
*** FLOP *** [Qs 9d 9c]
*** TURN *** [Qs 9d 9c] [3s]
*** RIVER *** [Qs 9d 9c 3s] [3c]
*** SHOWDOWN ***
Hero collected 42,215 from pot
Hero collected 9,650 from pot
*** SUMMARY ***
Total pot 51,865 | Rake 0 | Jackpot 0 | Bingo 0 | Fortune 0 | Tax 0
Board [Qs 9d 9c 3s 3c]
Seat 1: cd5beb82 (button) folded before Flop
Seat 2: 9245ea91 (small blind) folded before Flop
Seat 3: 7693cbbe (big blind) showed [Ad Jd] and lost with two pair, Nines and Threes
Seat 4: 21d4deb4 folded before Flop
Seat 5: 2f267f37 folded before Flop
Seat 6: b9e23c4e showed [7h 8h] and lost with two pair, Nines and Threes
Seat 7: dd38b30 folded before Flop
Seat 8: Hero showed [7c 7s] and won (51,865) with two pair, Nines and Sevens


Poker Hand #TM5671505194: Tournament #267996101, Bounty Hunters Deepstack Turbo $10.80 Hold'em No Limit - Level12(500/1,000(150)) - 2026/03/07 00:01:58
Table '44' 8-max Seat #8 is the button
Seat 1: cd5beb82 (30,201 in chips)
Seat 2: 9245ea91 (25,755 in chips)
Seat 3: 7693cbbe (117,670 in chips)
Seat 4: 21d4deb4 (24,660 in chips)
Seat 5: 2f267f37 (18,399 in chips)
Seat 6: b9e23c4e (13,805 in chips)
Seat 7: dd38b30 (20,000 in chips)
Seat 8: Hero (18,630 in chips)
b9e23c4e: posts the ante 150
Hero: posts the ante 150
2f267f37: posts the ante 150
21d4deb4: posts the ante 150
dd38b30: posts the ante 150
7693cbbe: posts the ante 150
9245ea91: posts the ante 150
cd5beb82: posts the ante 150
cd5beb82: posts small blind 500
9245ea91: posts big blind 1,000
*** HOLE CARDS ***
Dealt to cd5beb82 
Dealt to 9245ea91 
Dealt to 7693cbbe 
Dealt to 21d4deb4 
Dealt to 2f267f37 
Dealt to b9e23c4e 
Dealt to dd38b30 
Dealt to Hero [2h 5c]
7693cbbe: calls 1,000
21d4deb4: folds
2f267f37: raises 17,249 to 18,249 and is all-in
b9e23c4e: folds
dd38b30: folds
Hero: folds
cd5beb82: folds
9245ea91: folds
7693cbbe: folds
Uncalled bet (17,249) returned to 2f267f37
*** SHOWDOWN ***
2f267f37 collected 4,700 from pot
*** SUMMARY ***
Total pot 4,700 | Rake 0 | Jackpot 0 | Bingo 0 | Fortune 0 | Tax 0
Seat 1: cd5beb82 (small blind) folded before Flop
Seat 2: 9245ea91 (big blind) folded before Flop
Seat 3: 7693cbbe folded before Flop
Seat 4: 21d4deb4 folded before Flop
Seat 5: 2f267f37 collected (4,700)
Seat 6: b9e23c4e folded before Flop
Seat 7: dd38b30 folded before Flop
Seat 8: Hero (button) folded before Flop


Poker Hand #TM5671505051: Tournament #267996101, Bounty Hunters Deepstack Turbo $10.80 Hold'em No Limit - Level12(500/1,000(150)) - 2026/03/06 23:54:33
Table '44' 8-max Seat #7 is the button
Seat 1: cd5beb82 (32,451 in chips)
Seat 2: 9245ea91 (25,905 in chips)
Seat 3: 7693cbbe (117,820 in chips)
Seat 4: 21d4deb4 (24,810 in chips)
Seat 5: 2f267f37 (18,549 in chips)
Seat 7: 85792e1 (62,581 in chips)
Seat 8: Hero (19,280 in chips)
85792e1: posts the ante 150
Hero: posts the ante 150
2f267f37: posts the ante 150
21d4deb4: posts the ante 150
7693cbbe: posts the ante 150
9245ea91: posts the ante 150
cd5beb82: posts the ante 150
Hero: posts small blind 500
cd5beb82: posts big blind 1,000
*** HOLE CARDS ***
Dealt to cd5beb82 
Dealt to 9245ea91 
Dealt to 7693cbbe 
Dealt to 21d4deb4 
Dealt to 2f267f37 
Dealt to 85792e1 
Dealt to Hero [As 3d]
9245ea91: folds
7693cbbe: folds
21d4deb4: folds
2f267f37: folds
85792e1: raises 1,100 to 2,100
Hero: folds
cd5beb82: calls 1,100
*** FLOP *** [7d 9s Qs]
cd5beb82: checks
85792e1: checks
*** TURN *** [7d 9s Qs] [6d]
cd5beb82: checks
85792e1: bets 3,800
cd5beb82: folds
Uncalled bet (3,800) returned to 85792e1
*** SHOWDOWN ***
85792e1 collected 5,750 from pot
*** SUMMARY ***
Total pot 5,750 | Rake 0 | Jackpot 0 | Bingo 0 | Fortune 0 | Tax 0
Board [7d 9s Qs 6d]
Seat 1: cd5beb82 (big blind) folded on the Turn
Seat 2: 9245ea91 folded before Flop
Seat 3: 7693cbbe folded before Flop
Seat 4: 21d4deb4 folded before Flop
Seat 5: 2f267f37 folded before Flop
Seat 7: 85792e1 (button) won (5,750)
Seat 8: Hero (small blind) folded before Flop


Poker Hand #TM5671505020: Tournament #267996101, Bounty Hunters Deepstack Turbo $10.80 Hold'em No Limit - Level12(500/1,000(150)) - 2026/03/06 23:53:25
Table '44' 8-max Seat #5 is the button
Seat 1: cd5beb82 (32,601 in chips)
Seat 2: 9245ea91 (26,055 in chips)
Seat 3: 7693cbbe (108,932 in chips)
Seat 4: 21d4deb4 (24,960 in chips)
Seat 5: 2f267f37 (20,899 in chips)
Seat 6: 6b05864d (4,788 in chips)
Seat 7: 85792e1 (63,731 in chips)
Seat 8: Hero (19,430 in chips)
6b05864d: posts the ante 150
Hero: posts the ante 150
85792e1: posts the ante 150
2f267f37: posts the ante 150
21d4deb4: posts the ante 150
7693cbbe: posts the ante 150
9245ea91: posts the ante 150
cd5beb82: posts the ante 150
6b05864d: posts small blind 500
85792e1: posts big blind 1,000
*** HOLE CARDS ***
Dealt to cd5beb82 
Dealt to 9245ea91 
Dealt to 7693cbbe 
Dealt to 21d4deb4 
Dealt to 2f267f37 
Dealt to 6b05864d 
Dealt to 85792e1 
Dealt to Hero [5d 7c]
Hero: folds
cd5beb82: folds
9245ea91: folds
7693cbbe: raises 1,200 to 2,200
21d4deb4: folds
2f267f37: calls 2,200
6b05864d: raises 2,300 to 4,500
85792e1: folds
7693cbbe: raises 59,000 to 63,500
2f267f37: folds
6b05864d: calls 138 and is all-in
Uncalled bet (58,862) returned to 7693cbbe
7693cbbe: shows [Qh Ad]
6b05864d: shows [Ah Jc]
*** FLOP *** [9h Js Qd]
*** TURN *** [9h Js Qd] [Ks]
*** RIVER *** [9h Js Qd Ks] [As]
*** SHOWDOWN ***
7693cbbe collected 13,676 from pot
*** SUMMARY ***
Total pot 13,676 | Rake 0 | Jackpot 0 | Bingo 0 | Fortune 0 | Tax 0
Board [9h Js Qd Ks As]
Seat 1: cd5beb82 folded before Flop
Seat 2: 9245ea91 folded before Flop
Seat 3: 7693cbbe showed [Qh Ad] and won (13,676) with two pair, Aces and Queens
Seat 4: 21d4deb4 folded before Flop
Seat 5: 2f267f37 (button) folded before Flop
Seat 6: 6b05864d (small blind) showed [Ah Jc] and lost with two pair, Aces and Jacks
Seat 7: 85792e1 (big blind) folded before Flop
Seat 8: Hero folded before Flop


Poker Hand #TM5671504975: Tournament #267996101, Bounty Hunters Deepstack Turbo $10.80 Hold'em No Limit - Level12(500/1,000(150)) - 2026/03/06 23:51:53
Table '44' 8-max Seat #4 is the button
Seat 1: cd5beb82 (32,751 in chips)
Seat 2: 9245ea91 (26,205 in chips)
Seat 3: fc27ffde (23,060 in chips)
Seat 4: 21d4deb4 (25,110 in chips)
Seat 5: 2f267f37 (21,549 in chips)
Seat 6: 6b05864d (6,938 in chips)
Seat 7: 85792e1 (37,271 in chips)
Seat 8: Hero (19,580 in chips)
fc27ffde: posts the ante 150
6b05864d: posts the ante 150
Hero: posts the ante 150
85792e1: posts the ante 150
2f267f37: posts the ante 150
21d4deb4: posts the ante 150
9245ea91: posts the ante 150
cd5beb82: posts the ante 150
2f267f37: posts small blind 500
6b05864d: posts big blind 1,000
*** HOLE CARDS ***
Dealt to cd5beb82 
Dealt to 9245ea91 
Dealt to fc27ffde 
Dealt to 21d4deb4 
Dealt to 2f267f37 
Dealt to 6b05864d 
Dealt to 85792e1 
Dealt to Hero [8s 6s]
85792e1: raises 1,000 to 2,000
Hero: folds
cd5beb82: folds
9245ea91: folds
fc27ffde: calls 2,000
21d4deb4: folds
2f267f37: folds
6b05864d: calls 1,000
*** FLOP *** [4d Ts Qc]
6b05864d: checks
85792e1: checks
fc27ffde: bets 7,700
6b05864d: folds
85792e1: raises 15,300 to 23,000
fc27ffde: calls 13,210 and is all-in
Uncalled bet (2,090) returned to 85792e1
85792e1: shows [Kh Qs] (a pair of Queens)
fc27ffde: shows [Jc Ks] (King high)
*** TURN *** [4d Ts Qc] [3s]
*** RIVER *** [4d Ts Qc 3s] [4c]
*** SHOWDOWN ***
85792e1 collected 49,520 from pot
*** SUMMARY ***
Total pot 49,520 | Rake 0 | Jackpot 0 | Bingo 0 | Fortune 0 | Tax 0
Board [4d Ts Qc 3s 4c]
Seat 1: cd5beb82 folded before Flop
Seat 2: 9245ea91 folded before Flop
Seat 3: fc27ffde showed [Jc Ks] and lost with a pair of Fours
Seat 4: 21d4deb4 (button) folded before Flop
Seat 5: 2f267f37 (small blind) folded before Flop
Seat 6: 6b05864d (big blind) folded on the Flop
Seat 7: 85792e1 showed [Kh Qs] and won (49,520) with two pair, Queens and Fours
Seat 8: Hero folded before Flop


Poker Hand #TM5671504957: Tournament #267996101, Bounty Hunters Deepstack Turbo $10.80 Hold'em No Limit - Level12(500/1,000(150)) - 2026/03/06 23:51:17
Table '44' 8-max Seat #3 is the button
Seat 1: cd5beb82 (32,901 in chips)
Seat 2: 9245ea91 (26,355 in chips)
Seat 3: fc27ffde (23,210 in chips)
Seat 4: 21d4deb4 (23,060 in chips)
Seat 5: 2f267f37 (22,699 in chips)
Seat 6: 6b05864d (7,088 in chips)
Seat 7: 85792e1 (37,421 in chips)
Seat 8: Hero (19,730 in chips)
fc27ffde: posts the ante 150
6b05864d: posts the ante 150
Hero: posts the ante 150
85792e1: posts the ante 150
2f267f37: posts the ante 150
21d4deb4: posts the ante 150
9245ea91: posts the ante 150
cd5beb82: posts the ante 150
21d4deb4: posts small blind 500
2f267f37: posts big blind 1,000
*** HOLE CARDS ***
Dealt to cd5beb82 
Dealt to 9245ea91 
Dealt to fc27ffde 
Dealt to 21d4deb4 
Dealt to 2f267f37 
Dealt to 6b05864d 
Dealt to 85792e1 
Dealt to Hero [Qs 7h]
6b05864d: folds
85792e1: folds
Hero: folds
cd5beb82: folds
9245ea91: folds
fc27ffde: folds
21d4deb4: raises 21,910 to 22,910 and is all-in
2f267f37: folds
Uncalled bet (21,910) returned to 21d4deb4
*** SHOWDOWN ***
21d4deb4 collected 3,200 from pot
*** SUMMARY ***
Total pot 3,200 | Rake 0 | Jackpot 0 | Bingo 0 | Fortune 0 | Tax 0
Seat 1: cd5beb82 folded before Flop
Seat 2: 9245ea91 folded before Flop
Seat 3: fc27ffde (button) folded before Flop
Seat 4: 21d4deb4 (small blind) collected (3,200)
Seat 5: 2f267f37 (big blind) folded before Flop
Seat 6: 6b05864d folded before Flop
Seat 7: 85792e1 folded before Flop
Seat 8: Hero folded before Flop


Poker Hand #TM5671504941: Tournament #267996101, Bounty Hunters Deepstack Turbo $10.80 Hold'em No Limit - Level12(500/1,000(150)) - 2026/03/06 23:50:48
Table '44' 8-max Seat #2 is the button
Seat 1: cd5beb82 (33,051 in chips)
Seat 2: 9245ea91 (26,505 in chips)
Seat 3: fc27ffde (21,160 in chips)
Seat 4: 21d4deb4 (24,210 in chips)
Seat 5: 2f267f37 (22,849 in chips)
Seat 6: 6b05864d (7,238 in chips)
Seat 7: 85792e1 (37,571 in chips)
Seat 8: Hero (19,880 in chips)
fc27ffde: posts the ante 150
6b05864d: posts the ante 150
Hero: posts the ante 150
85792e1: posts the ante 150
2f267f37: posts the ante 150
21d4deb4: posts the ante 150
9245ea91: posts the ante 150
cd5beb82: posts the ante 150
fc27ffde: posts small blind 500
21d4deb4: posts big blind 1,000
*** HOLE CARDS ***
Dealt to cd5beb82 
Dealt to 9245ea91 
Dealt to fc27ffde 
Dealt to 21d4deb4 
Dealt to 2f267f37 
Dealt to 6b05864d 
Dealt to 85792e1 
Dealt to Hero [8s 6h]
2f267f37: folds
6b05864d: folds
85792e1: folds
Hero: folds
cd5beb82: folds
9245ea91: folds
fc27ffde: calls 500
21d4deb4: checks
*** FLOP *** [Jd As 4d]
fc27ffde: bets 3,200
21d4deb4: folds
Uncalled bet (3,200) returned to fc27ffde
*** SHOWDOWN ***
fc27ffde collected 3,200 from pot
*** SUMMARY ***
Total pot 3,200 | Rake 0 | Jackpot 0 | Bingo 0 | Fortune 0 | Tax 0
Board [Jd As 4d]
Seat 1: cd5beb82 folded before Flop
Seat 2: 9245ea91 (button) folded before Flop
Seat 3: fc27ffde (small blind) won (3,200)
Seat 4: 21d4deb4 (big blind) folded on the Flop
Seat 5: 2f267f37 folded before Flop
Seat 6: 6b05864d folded before Flop
Seat 7: 85792e1 folded before Flop
Seat 8: Hero folded before Flop


Poker Hand #TM5671504903: Tournament #267996101, Bounty Hunters Deepstack Turbo $10.80 Hold'em No Limit - Level11(400/800(120)) - 2026/03/06 23:49:24
Table '44' 8-max Seat #1 is the button
Seat 1: cd5beb82 (33,171 in chips)
Seat 2: 9245ea91 (27,425 in chips)
Seat 3: fc27ffde (19,520 in chips)
Seat 4: 21d4deb4 (24,330 in chips)
Seat 5: 2f267f37 (22,969 in chips)
Seat 6: 6b05864d (7,358 in chips)
Seat 7: 85792e1 (37,691 in chips)
Seat 8: Hero (20,000 in chips)
fc27ffde: posts the ante 120
6b05864d: posts the ante 120
Hero: posts the ante 120
85792e1: posts the ante 120
2f267f37: posts the ante 120
21d4deb4: posts the ante 120
9245ea91: posts the ante 120
cd5beb82: posts the ante 120
9245ea91: posts small blind 400
fc27ffde: posts big blind 800
*** HOLE CARDS ***
Dealt to cd5beb82 
Dealt to 9245ea91 
Dealt to fc27ffde 
Dealt to 21d4deb4 
Dealt to 2f267f37 
Dealt to 6b05864d 
Dealt to 85792e1 
Dealt to Hero [3c 6d]
21d4deb4: folds
2f267f37: folds
6b05864d: folds
85792e1: folds
Hero: folds
cd5beb82: folds
9245ea91: calls 400
fc27ffde: checks
*** FLOP *** [6s Qs 6c]
9245ea91: checks
fc27ffde: checks
*** TURN *** [6s Qs 6c] [3h]
9245ea91: checks
fc27ffde: checks
*** RIVER *** [6s Qs 6c 3h] [Jh]
9245ea91: checks
fc27ffde: checks
9245ea91: shows [9h Tc] (a pair of Sixes)
fc27ffde: shows [2h As] (a pair of Sixes)
*** SHOWDOWN ***
fc27ffde collected 2,560 from pot
*** SUMMARY ***
Total pot 2,560 | Rake 0 | Jackpot 0 | Bingo 0 | Fortune 0 | Tax 0
Board [6s Qs 6c 3h Jh]
Seat 1: cd5beb82 (button) folded before Flop
Seat 2: 9245ea91 (small blind) showed [9h Tc] and lost with a pair of Sixes
Seat 3: fc27ffde (big blind) showed [2h As] and won (2,560) with a pair of Sixes
Seat 4: 21d4deb4 folded before Flop
Seat 5: 2f267f37 folded before Flop
Seat 6: 6b05864d folded before Flop
Seat 7: 85792e1 folded before Flop
Seat 8: Hero folded before Flop


