Poker Hand #TM5689304131: Tournament #268859714, Bounty Hunters Deepstack Turbo $8.88 Hold'em No Limit - Level16(1,250/2,500(350)) - 2026/03/10 16:25:57
Table '105' 8-max Seat #6 is the button
Seat 1: Hero (11,550 in chips)
Seat 2: d9dee3c6 (144,455 in chips)
Seat 3: a1b0c0a7 (130,466 in chips)
Seat 4: 6051ab00 (114,447 in chips)
Seat 5: 52067157 (28,167 in chips)
Seat 6: f7d7d3a7 (42,050 in chips)
Seat 7: 2b890350 (93,187 in chips)
Seat 8: c0226aaa (61,777 in chips)
52067157: posts the ante 350
a1b0c0a7: posts the ante 350
Hero: posts the ante 350
f7d7d3a7: posts the ante 350
d9dee3c6: posts the ante 350
2b890350: posts the ante 350
6051ab00: posts the ante 350
c0226aaa: posts the ante 350
2b890350: posts small blind 1,250
c0226aaa: posts big blind 2,500
*** HOLE CARDS ***
Dealt to Hero [Qh 9h]
Dealt to d9dee3c6 
Dealt to a1b0c0a7 
Dealt to 6051ab00 
Dealt to 52067157 
Dealt to f7d7d3a7 
Dealt to 2b890350 
Dealt to c0226aaa 
Hero: raises 8,700 to 11,200 and is all-in
d9dee3c6: folds
a1b0c0a7: folds
6051ab00: folds
52067157: raises 16,617 to 27,817 and is all-in
f7d7d3a7: folds
2b890350: folds
c0226aaa: folds
Uncalled bet (16,617) returned to 52067157
52067157: shows [8c 8h]
Hero: shows [Qh 9h]
*** FLOP *** [Jc 2d 2h]
*** TURN *** [Jc 2d 2h] [5c]
*** RIVER *** [Jc 2d 2h 5c] [3d]
*** SHOWDOWN ***
52067157 collected 28,950 from pot
*** SUMMARY ***
Total pot 28,950 | Rake 0 | Jackpot 0 | Bingo 0 | Fortune 0 | Tax 0
Board [Jc 2d 2h 5c 3d]
Seat 1: Hero showed [Qh 9h] and lost with a pair of Twos
Seat 2: d9dee3c6 folded before Flop
Seat 3: a1b0c0a7 folded before Flop
Seat 4: 6051ab00 folded before Flop
Seat 5: 52067157 showed [8c 8h] and won (28,950) with two pair, Eights and Twos
Seat 6: f7d7d3a7 (button) folded before Flop
Seat 7: 2b890350 (small blind) folded before Flop
Seat 8: c0226aaa (big blind) folded before Flop


Poker Hand #TM5689304126: Tournament #268859714, Bounty Hunters Deepstack Turbo $8.88 Hold'em No Limit - Level16(1,250/2,500(350)) - 2026/03/10 16:25:35
Table '105' 8-max Seat #5 is the button
Seat 1: Hero (11,900 in chips)
Seat 2: d9dee3c6 (144,805 in chips)
Seat 3: a1b0c0a7 (130,816 in chips)
Seat 4: 6051ab00 (114,797 in chips)
Seat 5: 52067157 (28,517 in chips)
Seat 6: f7d7d3a7 (37,100 in chips)
Seat 7: 2b890350 (96,037 in chips)
Seat 8: c0226aaa (62,127 in chips)
52067157: posts the ante 350
a1b0c0a7: posts the ante 350
Hero: posts the ante 350
f7d7d3a7: posts the ante 350
d9dee3c6: posts the ante 350
2b890350: posts the ante 350
6051ab00: posts the ante 350
c0226aaa: posts the ante 350
f7d7d3a7: posts small blind 1,250
2b890350: posts big blind 2,500
*** HOLE CARDS ***
Dealt to Hero [Jc Td]
Dealt to d9dee3c6 
Dealt to a1b0c0a7 
Dealt to 6051ab00 
Dealt to 52067157 
Dealt to f7d7d3a7 
Dealt to 2b890350 
Dealt to c0226aaa 
c0226aaa: folds
Hero: folds
d9dee3c6: folds
a1b0c0a7: folds
6051ab00: folds
52067157: folds
f7d7d3a7: raises 34,250 to 36,750 and is all-in
2b890350: folds
Uncalled bet (34,250) returned to f7d7d3a7
*** SHOWDOWN ***
f7d7d3a7 collected 7,800 from pot
*** SUMMARY ***
Total pot 7,800 | Rake 0 | Jackpot 0 | Bingo 0 | Fortune 0 | Tax 0
Seat 1: Hero folded before Flop
Seat 2: d9dee3c6 folded before Flop
Seat 3: a1b0c0a7 folded before Flop
Seat 4: 6051ab00 folded before Flop
Seat 5: 52067157 (button) folded before Flop
Seat 6: f7d7d3a7 (small blind) collected (7,800)
Seat 7: 2b890350 (big blind) folded before Flop
Seat 8: c0226aaa folded before Flop


Poker Hand #TM5689304122: Tournament #268859714, Bounty Hunters Deepstack Turbo $8.88 Hold'em No Limit - Level15(1,000/2,000(300)) - 2026/03/10 16:25:11
Table '105' 8-max Seat #4 is the button
Seat 1: Hero (12,200 in chips)
Seat 2: d9dee3c6 (140,005 in chips)
Seat 3: a1b0c0a7 (131,116 in chips)
Seat 4: 6051ab00 (115,097 in chips)
Seat 5: 52067157 (29,817 in chips)
Seat 6: f7d7d3a7 (39,400 in chips)
Seat 8: c0226aaa (62,427 in chips)
52067157: posts the ante 300
a1b0c0a7: posts the ante 300
Hero: posts the ante 300
f7d7d3a7: posts the ante 300
d9dee3c6: posts the ante 300
6051ab00: posts the ante 300
c0226aaa: posts the ante 300
52067157: posts small blind 1,000
f7d7d3a7: posts big blind 2,000
*** HOLE CARDS ***
Dealt to Hero [9s Td]
Dealt to d9dee3c6 
Dealt to a1b0c0a7 
Dealt to 6051ab00 
Dealt to 52067157 
Dealt to f7d7d3a7 
Dealt to c0226aaa 
c0226aaa: folds
Hero: folds
d9dee3c6: raises 2,000 to 4,000
a1b0c0a7: folds
6051ab00: folds
52067157: folds
f7d7d3a7: folds
Uncalled bet (2,000) returned to d9dee3c6
*** SHOWDOWN ***
d9dee3c6 collected 7,100 from pot
*** SUMMARY ***
Total pot 7,100 | Rake 0 | Jackpot 0 | Bingo 0 | Fortune 0 | Tax 0
Seat 1: Hero folded before Flop
Seat 2: d9dee3c6 collected (7,100)
Seat 3: a1b0c0a7 folded before Flop
Seat 4: 6051ab00 (button) folded before Flop
Seat 5: 52067157 (small blind) folded before Flop
Seat 6: f7d7d3a7 (big blind) folded before Flop
Seat 8: c0226aaa folded before Flop


Poker Hand #TM5689304116: Tournament #268859714, Bounty Hunters Deepstack Turbo $8.88 Hold'em No Limit - Level15(1,000/2,000(300)) - 2026/03/10 16:24:20
Table '105' 8-max Seat #3 is the button
Seat 1: Hero (12,500 in chips)
Seat 2: d9dee3c6 (140,305 in chips)
Seat 3: a1b0c0a7 (81,768 in chips)
Seat 4: 6051ab00 (116,397 in chips)
Seat 5: 52067157 (32,117 in chips)
Seat 6: f7d7d3a7 (39,700 in chips)
Seat 7: 807a1e68 (44,548 in chips)
Seat 8: c0226aaa (62,727 in chips)
52067157: posts the ante 300
a1b0c0a7: posts the ante 300
Hero: posts the ante 300
f7d7d3a7: posts the ante 300
807a1e68: posts the ante 300
d9dee3c6: posts the ante 300
6051ab00: posts the ante 300
c0226aaa: posts the ante 300
6051ab00: posts small blind 1,000
52067157: posts big blind 2,000
*** HOLE CARDS ***
Dealt to Hero [Ad 4h]
Dealt to d9dee3c6 
Dealt to a1b0c0a7 
Dealt to 6051ab00 
Dealt to 52067157 
Dealt to f7d7d3a7 
Dealt to 807a1e68 
Dealt to c0226aaa 
f7d7d3a7: folds
807a1e68: raises 2,000 to 4,000
c0226aaa: folds
Hero: folds
d9dee3c6: folds
a1b0c0a7: raises 8,710 to 12,710
6051ab00: folds
52067157: folds
807a1e68: calls 8,710
*** FLOP *** [6h 9c Qc]
807a1e68: checks
a1b0c0a7: checks
*** TURN *** [6h 9c Qc] [4d]
807a1e68: bets 8,000
a1b0c0a7: calls 8,000
*** RIVER *** [6h 9c Qc 4d] [Ts]
807a1e68: bets 15,451
a1b0c0a7: raises 45,307 to 60,758 and is all-in
807a1e68: calls 8,087 and is all-in
Uncalled bet (37,220) returned to a1b0c0a7
a1b0c0a7: shows [Qh Qd] (three of a kind, Queens)
807a1e68: shows [6c 6s] (three of a kind, Sixes)
*** SHOWDOWN ***
a1b0c0a7 collected 93,896 from pot
*** SUMMARY ***
Total pot 93,896 | Rake 0 | Jackpot 0 | Bingo 0 | Fortune 0 | Tax 0
Board [6h 9c Qc 4d Ts]
Seat 1: Hero folded before Flop
Seat 2: d9dee3c6 folded before Flop
Seat 3: a1b0c0a7 (button) showed [Qh Qd] and won (93,896) with three of a kind, Queens
Seat 4: 6051ab00 (small blind) folded before Flop
Seat 5: 52067157 (big blind) folded before Flop
Seat 6: f7d7d3a7 folded before Flop
Seat 7: 807a1e68 showed [6c 6s] and lost with three of a kind, Sixes
Seat 8: c0226aaa folded before Flop


Poker Hand #TM5689304109: Tournament #268859714, Bounty Hunters Deepstack Turbo $8.88 Hold'em No Limit - Level15(1,000/2,000(300)) - 2026/03/10 16:23:28
Table '105' 8-max Seat #1 is the button
Seat 1: Hero (12,800 in chips)
Seat 3: a1b0c0a7 (83,068 in chips)
Seat 4: 6051ab00 (120,697 in chips)
Seat 5: 52067157 (32,417 in chips)
Seat 6: f7d7d3a7 (40,000 in chips)
Seat 7: 807a1e68 (44,848 in chips)
Seat 8: c0226aaa (55,927 in chips)
52067157: posts the ante 300
a1b0c0a7: posts the ante 300
Hero: posts the ante 300
f7d7d3a7: posts the ante 300
807a1e68: posts the ante 300
6051ab00: posts the ante 300
c0226aaa: posts the ante 300
a1b0c0a7: posts small blind 1,000
6051ab00: posts big blind 2,000
*** HOLE CARDS ***
Dealt to Hero [7s 3h]
Dealt to a1b0c0a7 
Dealt to 6051ab00 
Dealt to 52067157 
Dealt to f7d7d3a7 
Dealt to 807a1e68 
Dealt to c0226aaa 
52067157: folds
f7d7d3a7: folds
807a1e68: folds
c0226aaa: raises 2,000 to 4,000
Hero: folds
a1b0c0a7: folds
6051ab00: calls 2,000
*** FLOP *** [Qs Qh 8d]
6051ab00: checks
c0226aaa: bets 3,330
6051ab00: folds
Uncalled bet (3,330) returned to c0226aaa
*** SHOWDOWN ***
c0226aaa collected 11,100 from pot
*** SUMMARY ***
Total pot 11,100 | Rake 0 | Jackpot 0 | Bingo 0 | Fortune 0 | Tax 0
Board [Qs Qh 8d]
Seat 1: Hero (button) folded before Flop
Seat 3: a1b0c0a7 (small blind) folded before Flop
Seat 4: 6051ab00 (big blind) folded on the Flop
Seat 5: 52067157 folded before Flop
Seat 6: f7d7d3a7 folded before Flop
Seat 7: 807a1e68 folded before Flop
Seat 8: c0226aaa won (11,100)


Poker Hand #TM5689304102: Tournament #268859714, Bounty Hunters Deepstack Turbo $8.88 Hold'em No Limit - Level15(1,000/2,000(300)) - 2026/03/10 16:22:18
Table '105' 8-max Seat #8 is the button
Seat 1: Hero (14,100 in chips)
Seat 2: ff838dfe (34,052 in chips)
Seat 3: a1b0c0a7 (42,016 in chips)
Seat 4: 6051ab00 (120,997 in chips)
Seat 5: 52067157 (32,717 in chips)
Seat 6: f7d7d3a7 (40,300 in chips)
Seat 7: 807a1e68 (49,348 in chips)
Seat 8: c0226aaa (56,227 in chips)
52067157: posts the ante 300
a1b0c0a7: posts the ante 300
ff838dfe: posts the ante 300
Hero: posts the ante 300
f7d7d3a7: posts the ante 300
807a1e68: posts the ante 300
6051ab00: posts the ante 300
c0226aaa: posts the ante 300
Hero: posts small blind 1,000
ff838dfe: posts big blind 2,000
*** HOLE CARDS ***
Dealt to Hero [3h Jd]
Dealt to ff838dfe 
Dealt to a1b0c0a7 
Dealt to 6051ab00 
Dealt to 52067157 
Dealt to f7d7d3a7 
Dealt to 807a1e68 
Dealt to c0226aaa 
a1b0c0a7: raises 2,200 to 4,200
6051ab00: folds
52067157: folds
f7d7d3a7: folds
807a1e68: calls 4,200
c0226aaa: folds
Hero: folds
ff838dfe: calls 2,200
*** FLOP *** [Ad Tc 2d]
ff838dfe: bets 29,552 and is all-in
a1b0c0a7: raises 7,964 to 37,516 and is all-in
807a1e68: folds
Uncalled bet (7,964) returned to a1b0c0a7
a1b0c0a7: shows [Ac Kh] (a pair of Aces)
ff838dfe: shows [9h As] (a pair of Aces)
*** TURN *** [Ad Tc 2d] [4h]
*** RIVER *** [Ad Tc 2d 4h] [6d]
*** SHOWDOWN ***
a1b0c0a7 collected 75,104 from pot
*** SUMMARY ***
Total pot 75,104 | Rake 0 | Jackpot 0 | Bingo 0 | Fortune 0 | Tax 0
Board [Ad Tc 2d 4h 6d]
Seat 1: Hero (small blind) folded before Flop
Seat 2: ff838dfe (big blind) showed [9h As] and lost with a pair of Aces
Seat 3: a1b0c0a7 showed [Ac Kh] and won (75,104) with a pair of Aces
Seat 4: 6051ab00 folded before Flop
Seat 5: 52067157 folded before Flop
Seat 6: f7d7d3a7 folded before Flop
Seat 7: 807a1e68 folded on the Flop
Seat 8: c0226aaa (button) folded before Flop


Poker Hand #TM5689304091: Tournament #268859714, Bounty Hunters Deepstack Turbo $8.88 Hold'em No Limit - Level15(1,000/2,000(300)) - 2026/03/10 16:21:14
Table '105' 8-max Seat #7 is the button
Seat 1: Hero (16,400 in chips)
Seat 2: ff838dfe (34,352 in chips)
Seat 3: a1b0c0a7 (42,316 in chips)
Seat 4: 6051ab00 (121,297 in chips)
Seat 5: 52067157 (45,017 in chips)
Seat 6: f7d7d3a7 (40,600 in chips)
Seat 7: 807a1e68 (49,648 in chips)
Seat 8: c0226aaa (40,127 in chips)
52067157: posts the ante 300
a1b0c0a7: posts the ante 300
ff838dfe: posts the ante 300
Hero: posts the ante 300
f7d7d3a7: posts the ante 300
807a1e68: posts the ante 300
6051ab00: posts the ante 300
c0226aaa: posts the ante 300
c0226aaa: posts small blind 1,000
Hero: posts big blind 2,000
*** HOLE CARDS ***
Dealt to Hero [2h 9d]
Dealt to ff838dfe 
Dealt to a1b0c0a7 
Dealt to 6051ab00 
Dealt to 52067157 
Dealt to f7d7d3a7 
Dealt to 807a1e68 
Dealt to c0226aaa 
ff838dfe: folds
a1b0c0a7: folds
6051ab00: folds
52067157: raises 2,000 to 4,000
f7d7d3a7: folds
807a1e68: folds
c0226aaa: raises 8,000 to 12,000
Hero: folds
52067157: calls 8,000
*** FLOP *** [4h Jh 6s]
c0226aaa: checks
52067157: checks
*** TURN *** [4h Jh 6s] [Kh]
c0226aaa: bets 6,000
52067157: folds
Uncalled bet (6,000) returned to c0226aaa
*** SHOWDOWN ***
c0226aaa collected 28,400 from pot
*** SUMMARY ***
Total pot 28,400 | Rake 0 | Jackpot 0 | Bingo 0 | Fortune 0 | Tax 0
Board [4h Jh 6s Kh]
Seat 1: Hero (big blind) folded before Flop
Seat 2: ff838dfe folded before Flop
Seat 3: a1b0c0a7 folded before Flop
Seat 4: 6051ab00 folded before Flop
Seat 5: 52067157 folded on the Turn
Seat 6: f7d7d3a7 folded before Flop
Seat 7: 807a1e68 (button) folded before Flop
Seat 8: c0226aaa (small blind) won (28,400)


Poker Hand #TM5689304082: Tournament #268859714, Bounty Hunters Deepstack Turbo $8.88 Hold'em No Limit - Level14(750/1,500(200)) - 2026/03/10 16:19:55
Table '105' 8-max Seat #5 is the button
Seat 1: Hero (19,600 in chips)
Seat 2: ff838dfe (34,552 in chips)
Seat 3: a1b0c0a7 (42,516 in chips)
Seat 4: 6051ab00 (111,097 in chips)
Seat 5: 52067157 (45,217 in chips)
Seat 7: 807a1e68 (52,848 in chips)
Seat 8: c0226aaa (43,327 in chips)
52067157: posts the ante 200
a1b0c0a7: posts the ante 200
ff838dfe: posts the ante 200
Hero: posts the ante 200
807a1e68: posts the ante 200
6051ab00: posts the ante 200
c0226aaa: posts the ante 200
807a1e68: posts small blind 750
c0226aaa: posts big blind 1,500
*** HOLE CARDS ***
Dealt to Hero [Qh Ks]
Dealt to ff838dfe 
Dealt to a1b0c0a7 
Dealt to 6051ab00 
Dealt to 52067157 
Dealt to 807a1e68 
Dealt to c0226aaa 
Hero: raises 1,500 to 3,000
ff838dfe: folds
a1b0c0a7: folds
6051ab00: calls 3,000
52067157: folds
807a1e68: calls 2,250
c0226aaa: calls 1,500
*** FLOP *** [Th 8s 8d]
807a1e68: checks
c0226aaa: checks
Hero: checks
6051ab00: checks
*** TURN *** [Th 8s 8d] [Ah]
807a1e68: checks
c0226aaa: checks
Hero: checks
6051ab00: checks
*** RIVER *** [Th 8s 8d Ah] [9h]
807a1e68: checks
c0226aaa: checks
Hero: checks
6051ab00: checks
807a1e68: shows [3d 5d] (a pair of Eights)
c0226aaa: shows [7c 4c] (a pair of Eights)
Hero: shows [Qh Ks] (a pair of Eights)
6051ab00: shows [9d 7d] (two pair, Nines and Eights)
*** SHOWDOWN ***
6051ab00 collected 13,400 from pot
*** SUMMARY ***
Total pot 13,400 | Rake 0 | Jackpot 0 | Bingo 0 | Fortune 0 | Tax 0
Board [Th 8s 8d Ah 9h]
Seat 1: Hero showed [Qh Ks] and lost with a pair of Eights
Seat 2: ff838dfe folded before Flop
Seat 3: a1b0c0a7 folded before Flop
Seat 4: 6051ab00 showed [9d 7d] and won (13,400) with two pair, Nines and Eights
Seat 5: 52067157 (button) folded before Flop
Seat 7: 807a1e68 (small blind) showed [3d 5d] and lost with a pair of Eights
Seat 8: c0226aaa (big blind) showed [7c 4c] and lost with a pair of Eights


Poker Hand #TM5689304077: Tournament #268859714, Bounty Hunters Deepstack Turbo $8.88 Hold'em No Limit - Level14(750/1,500(200)) - 2026/03/10 16:19:20
Table '105' 8-max Seat #4 is the button
Seat 1: Hero (19,800 in chips)
Seat 2: ff838dfe (16,026 in chips)
Seat 3: a1b0c0a7 (42,716 in chips)
Seat 4: 6051ab00 (111,297 in chips)
Seat 5: 52067157 (61,243 in chips)
Seat 7: 807a1e68 (54,548 in chips)
Seat 8: c0226aaa (43,527 in chips)
52067157: posts the ante 200
a1b0c0a7: posts the ante 200
ff838dfe: posts the ante 200
Hero: posts the ante 200
807a1e68: posts the ante 200
6051ab00: posts the ante 200
c0226aaa: posts the ante 200
52067157: posts small blind 750
807a1e68: posts big blind 1,500
*** HOLE CARDS ***
Dealt to Hero [Qh 2h]
Dealt to ff838dfe 
Dealt to a1b0c0a7 
Dealt to 6051ab00 
Dealt to 52067157 
Dealt to 807a1e68 
Dealt to c0226aaa 
c0226aaa: folds
Hero: folds
ff838dfe: raises 14,326 to 15,826 and is all-in
a1b0c0a7: folds
6051ab00: folds
52067157: calls 15,076
807a1e68: folds
ff838dfe: shows [9c Ad]
52067157: shows [7d As]
*** FLOP *** [9d 7c 8d]
*** TURN *** [9d 7c 8d] [4s]
*** RIVER *** [9d 7c 8d 4s] [Qd]
*** SHOWDOWN ***
ff838dfe collected 34,552 from pot
*** SUMMARY ***
Total pot 34,552 | Rake 0 | Jackpot 0 | Bingo 0 | Fortune 0 | Tax 0
Board [9d 7c 8d 4s Qd]
Seat 1: Hero folded before Flop
Seat 2: ff838dfe showed [9c Ad] and won (34,552) with a pair of Nines
Seat 3: a1b0c0a7 folded before Flop
Seat 4: 6051ab00 (button) folded before Flop
Seat 5: 52067157 (small blind) showed [7d As] and lost with a pair of Sevens
Seat 7: 807a1e68 (big blind) folded before Flop
Seat 8: c0226aaa folded before Flop


Poker Hand #TM5689304072: Tournament #268859714, Bounty Hunters Deepstack Turbo $8.88 Hold'em No Limit - Level14(750/1,500(200)) - 2026/03/10 16:18:53
Table '105' 8-max Seat #3 is the button
Seat 1: Hero (20,000 in chips)
Seat 2: ff838dfe (16,226 in chips)
Seat 3: a1b0c0a7 (42,916 in chips)
Seat 4: 6051ab00 (112,247 in chips)
Seat 5: 52067157 (59,093 in chips)
Seat 6: 3772d2cf (24,880 in chips)
Seat 7: 807a1e68 (54,748 in chips)
Seat 8: c0226aaa (43,727 in chips)
52067157: posts the ante 200
a1b0c0a7: posts the ante 200
ff838dfe: posts the ante 200
Hero: posts the ante 200
807a1e68: posts the ante 200
3772d2cf: posts the ante 200
6051ab00: posts the ante 200
c0226aaa: posts the ante 200
6051ab00: posts small blind 750
52067157: posts big blind 1,500
*** HOLE CARDS ***
Dealt to Hero [3s Kh]
Dealt to ff838dfe 
Dealt to a1b0c0a7 
Dealt to 6051ab00 
Dealt to 52067157 
Dealt to 3772d2cf 
Dealt to 807a1e68 
Dealt to c0226aaa 
3772d2cf: folds
807a1e68: folds
c0226aaa: folds
Hero: folds
ff838dfe: folds
a1b0c0a7: folds
6051ab00: folds
Uncalled bet (750) returned to 52067157
*** SHOWDOWN ***
52067157 collected 3,100 from pot
*** SUMMARY ***
Total pot 3,100 | Rake 0 | Jackpot 0 | Bingo 0 | Fortune 0 | Tax 0
Seat 1: Hero folded before Flop
Seat 2: ff838dfe folded before Flop
Seat 3: a1b0c0a7 (button) folded before Flop
Seat 4: 6051ab00 (small blind) folded before Flop
Seat 5: 52067157 (big blind) collected (3,100)
Seat 6: 3772d2cf folded before Flop
Seat 7: 807a1e68 folded before Flop
Seat 8: c0226aaa folded before Flop


