Poker Hand #TM5653284594: Tournament #267046848, Bounty Hunters Deepstack Turbo $8.88 Hold'em No Limit - Level22(3,500/7,000(1,000)) - 2026/03/02 17:09:10
Table '72' 8-max Seat #8 is the button
Seat 1: Hero (106,330 in chips)
Seat 2: ad78b5d (179,157 in chips)
Seat 3: 8d922fa7 (137,117 in chips)
Seat 4: a2fc914a (113,498 in chips)
Seat 5: db6d6c9a (293,332 in chips)
Seat 6: e047bf6a (61,309 in chips)
Seat 7: 6d33c0c1 (104,452 in chips)
Seat 8: a54ced66 (245,976 in chips)
e047bf6a: posts the ante 1,000
a54ced66: posts the ante 1,000
Hero: posts the ante 1,000
db6d6c9a: posts the ante 1,000
8d922fa7: posts the ante 1,000
ad78b5d: posts the ante 1,000
6d33c0c1: posts the ante 1,000
a2fc914a: posts the ante 1,000
Hero: posts small blind 3,500
ad78b5d: posts big blind 7,000
*** HOLE CARDS ***
Dealt to Hero [Th As]
Dealt to ad78b5d 
Dealt to 8d922fa7 
Dealt to a2fc914a 
Dealt to db6d6c9a 
Dealt to e047bf6a 
Dealt to 6d33c0c1 
Dealt to a54ced66 
8d922fa7: folds
a2fc914a: folds
db6d6c9a: calls 7,000
e047bf6a: raises 53,309 to 60,309 and is all-in
6d33c0c1: folds
a54ced66: calls 60,309
Hero: raises 45,021 to 105,330 and is all-in
ad78b5d: folds
db6d6c9a: folds
a54ced66: calls 45,021
Hero: shows [Th As]
e047bf6a: shows [Ac Ah]
a54ced66: shows [Kc Qc]
*** FLOP *** [Ts Kd 6h]
*** TURN *** [Ts Kd 6h] [Ks]
*** RIVER *** [Ts Kd 6h Ks] [7d]
*** SHOWDOWN ***
a54ced66 collected 202,927 from pot
a54ced66 collected 90,042 from pot
*** SUMMARY ***
Total pot 292,969 | Rake 0 | Jackpot 0 | Bingo 0 | Fortune 0 | Tax 0
Board [Ts Kd 6h Ks 7d]
Seat 1: Hero (small blind) showed [Th As] and lost with two pair, Kings and Tens
Seat 2: ad78b5d (big blind) folded before Flop
Seat 3: 8d922fa7 folded before Flop
Seat 4: a2fc914a folded before Flop
Seat 5: db6d6c9a folded before Flop
Seat 6: e047bf6a showed [Ac Ah] and lost with two pair, Aces and Kings
Seat 7: 6d33c0c1 folded before Flop
Seat 8: a54ced66 (button) showed [Kc Qc] and won (292,969) with three of a kind, Kings


Poker Hand #TM5653284586: Tournament #267046848, Bounty Hunters Deepstack Turbo $8.88 Hold'em No Limit - Level22(3,500/7,000(1,000)) - 2026/03/02 17:08:15
Table '72' 8-max Seat #7 is the button
Seat 1: Hero (114,330 in chips)
Seat 2: ad78b5d (180,157 in chips)
Seat 4: a2fc914a (114,498 in chips)
Seat 5: db6d6c9a (294,332 in chips)
Seat 6: e047bf6a (62,309 in chips)
Seat 7: 6d33c0c1 (105,452 in chips)
Seat 8: a54ced66 (232,976 in chips)
e047bf6a: posts the ante 1,000
a54ced66: posts the ante 1,000
Hero: posts the ante 1,000
db6d6c9a: posts the ante 1,000
ad78b5d: posts the ante 1,000
6d33c0c1: posts the ante 1,000
a2fc914a: posts the ante 1,000
a54ced66: posts small blind 3,500
Hero: posts big blind 7,000
*** HOLE CARDS ***
Dealt to Hero [Qs 3d]
Dealt to ad78b5d 
Dealt to a2fc914a 
Dealt to db6d6c9a 
Dealt to e047bf6a 
Dealt to 6d33c0c1 
Dealt to a54ced66 
ad78b5d: folds
a2fc914a: folds
db6d6c9a: folds
e047bf6a: folds
6d33c0c1: folds
a54ced66: calls 3,500
Hero: checks
*** FLOP *** [9d 8c Ts]
a54ced66: checks
Hero: checks
*** TURN *** [9d 8c Ts] [Ad]
a54ced66: checks
Hero: checks
*** RIVER *** [9d 8c Ts Ad] [7c]
a54ced66: bets 10,500
Hero: folds
Uncalled bet (10,500) returned to a54ced66
*** SHOWDOWN ***
a54ced66 collected 21,000 from pot
*** SUMMARY ***
Total pot 21,000 | Rake 0 | Jackpot 0 | Bingo 0 | Fortune 0 | Tax 0
Board [9d 8c Ts Ad 7c]
Seat 1: Hero (big blind) folded on the River
Seat 2: ad78b5d folded before Flop
Seat 4: a2fc914a folded before Flop
Seat 5: db6d6c9a folded before Flop
Seat 6: e047bf6a folded before Flop
Seat 7: 6d33c0c1 (button) folded before Flop
Seat 8: a54ced66 (small blind) won (21,000)


Poker Hand #TM5653284582: Tournament #267046848, Bounty Hunters Deepstack Turbo $8.88 Hold'em No Limit - Level22(3,500/7,000(1,000)) - 2026/03/02 17:07:30
Table '72' 8-max Seat #6 is the button
Seat 1: Hero (115,330 in chips)
Seat 2: ad78b5d (181,157 in chips)
Seat 3: 5f8a2c5d (50,080 in chips)
Seat 4: a2fc914a (115,498 in chips)
Seat 5: db6d6c9a (295,332 in chips)
Seat 6: e047bf6a (63,309 in chips)
Seat 7: 6d33c0c1 (109,952 in chips)
Seat 8: a54ced66 (173,396 in chips)
e047bf6a: posts the ante 1,000
a54ced66: posts the ante 1,000
Hero: posts the ante 1,000
db6d6c9a: posts the ante 1,000
5f8a2c5d: posts the ante 1,000
ad78b5d: posts the ante 1,000
a2fc914a: posts the ante 1,000
6d33c0c1: posts the ante 1,000
6d33c0c1: posts small blind 3,500
a54ced66: posts big blind 7,000
*** HOLE CARDS ***
Dealt to Hero [2d Js]
Dealt to ad78b5d 
Dealt to 5f8a2c5d 
Dealt to a2fc914a 
Dealt to db6d6c9a 
Dealt to e047bf6a 
Dealt to 6d33c0c1 
Dealt to a54ced66 
Hero: folds
ad78b5d: folds
5f8a2c5d: raises 42,080 to 49,080 and is all-in
a2fc914a: folds
db6d6c9a: folds
e047bf6a: folds
6d33c0c1: folds
a54ced66: calls 42,080
5f8a2c5d: shows [Kd Qh]
a54ced66: shows [7s 3s]
*** FLOP *** [3h 9s Qd]
*** TURN *** [3h 9s Qd] [Qs]
*** RIVER *** [3h 9s Qd Qs] [2s]
*** SHOWDOWN ***
a54ced66 collected 109,660 from pot
*** SUMMARY ***
Total pot 109,660 | Rake 0 | Jackpot 0 | Bingo 0 | Fortune 0 | Tax 0
Board [3h 9s Qd Qs 2s]
Seat 1: Hero folded before Flop
Seat 2: ad78b5d folded before Flop
Seat 3: 5f8a2c5d showed [Kd Qh] and lost with three of a kind, Queens
Seat 4: a2fc914a folded before Flop
Seat 5: db6d6c9a folded before Flop
Seat 6: e047bf6a (button) folded before Flop
Seat 7: 6d33c0c1 (small blind) folded before Flop
Seat 8: a54ced66 (big blind) showed [7s 3s] and won (109,660) with a flush Queen high


Poker Hand #TM5653284576: Tournament #267046848, Bounty Hunters Deepstack Turbo $8.88 Hold'em No Limit - Level22(3,500/7,000(1,000)) - 2026/03/02 17:06:43
Table '72' 8-max Seat #5 is the button
Seat 1: Hero (116,330 in chips)
Seat 2: ad78b5d (182,157 in chips)
Seat 3: 5f8a2c5d (51,080 in chips)
Seat 4: a2fc914a (193,946 in chips)
Seat 5: db6d6c9a (296,332 in chips)
Seat 6: e047bf6a (67,809 in chips)
Seat 7: 6d33c0c1 (117,952 in chips)
Seat 8: a54ced66 (78,448 in chips)
e047bf6a: posts the ante 1,000
a54ced66: posts the ante 1,000
Hero: posts the ante 1,000
db6d6c9a: posts the ante 1,000
5f8a2c5d: posts the ante 1,000
ad78b5d: posts the ante 1,000
a2fc914a: posts the ante 1,000
6d33c0c1: posts the ante 1,000
e047bf6a: posts small blind 3,500
6d33c0c1: posts big blind 7,000
*** HOLE CARDS ***
Dealt to Hero [9c 7d]
Dealt to ad78b5d 
Dealt to 5f8a2c5d 
Dealt to a2fc914a 
Dealt to db6d6c9a 
Dealt to e047bf6a 
Dealt to 6d33c0c1 
Dealt to a54ced66 
a54ced66: raises 70,448 to 77,448 and is all-in
Hero: folds
ad78b5d: folds
5f8a2c5d: folds
a2fc914a: raises 115,498 to 192,946 and is all-in
db6d6c9a: folds
e047bf6a: folds
6d33c0c1: folds
Uncalled bet (115,498) returned to a2fc914a
a2fc914a: shows [Ad Qs]
a54ced66: shows [9s 9d]
*** FLOP *** [6h 2h 2d]
*** TURN *** [6h 2h 2d] [3c]
*** RIVER *** [6h 2h 2d 3c] [Kh]
*** SHOWDOWN ***
a54ced66 collected 173,396 from pot
*** SUMMARY ***
Total pot 173,396 | Rake 0 | Jackpot 0 | Bingo 0 | Fortune 0 | Tax 0
Board [6h 2h 2d 3c Kh]
Seat 1: Hero folded before Flop
Seat 2: ad78b5d folded before Flop
Seat 3: 5f8a2c5d folded before Flop
Seat 4: a2fc914a showed [Ad Qs] and lost with a pair of Twos
Seat 5: db6d6c9a (button) folded before Flop
Seat 6: e047bf6a (small blind) folded before Flop
Seat 7: 6d33c0c1 (big blind) folded before Flop
Seat 8: a54ced66 showed [9s 9d] and won (173,396) with two pair, Nines and Twos


Poker Hand #TM5653284561: Tournament #267046848, Bounty Hunters Deepstack Turbo $8.88 Hold'em No Limit - Level22(3,500/7,000(1,000)) - 2026/03/02 17:04:55
Table '72' 8-max Seat #4 is the button
Seat 1: Hero (98,830 in chips)
Seat 2: ad78b5d (183,157 in chips)
Seat 3: 5f8a2c5d (52,080 in chips)
Seat 4: a2fc914a (194,946 in chips)
Seat 5: db6d6c9a (300,832 in chips)
Seat 6: e047bf6a (75,809 in chips)
Seat 7: 6d33c0c1 (118,952 in chips)
Seat 8: a54ced66 (79,448 in chips)
e047bf6a: posts the ante 1,000
a54ced66: posts the ante 1,000
Hero: posts the ante 1,000
db6d6c9a: posts the ante 1,000
5f8a2c5d: posts the ante 1,000
ad78b5d: posts the ante 1,000
a2fc914a: posts the ante 1,000
6d33c0c1: posts the ante 1,000
db6d6c9a: posts small blind 3,500
e047bf6a: posts big blind 7,000
*** HOLE CARDS ***
Dealt to Hero [Ad 7h]
Dealt to ad78b5d 
Dealt to 5f8a2c5d 
Dealt to a2fc914a 
Dealt to db6d6c9a 
Dealt to e047bf6a 
Dealt to 6d33c0c1 
Dealt to a54ced66 
6d33c0c1: folds
a54ced66: folds
Hero: raises 90,830 to 97,830 and is all-in
ad78b5d: folds
5f8a2c5d: folds
a2fc914a: folds
db6d6c9a: folds
e047bf6a: folds
Uncalled bet (90,830) returned to Hero
*** SHOWDOWN ***
Hero collected 25,500 from pot
*** SUMMARY ***
Total pot 25,500 | Rake 0 | Jackpot 0 | Bingo 0 | Fortune 0 | Tax 0
Seat 1: Hero collected (25,500)
Seat 2: ad78b5d folded before Flop
Seat 3: 5f8a2c5d folded before Flop
Seat 4: a2fc914a (button) folded before Flop
Seat 5: db6d6c9a (small blind) folded before Flop
Seat 6: e047bf6a (big blind) folded before Flop
Seat 7: 6d33c0c1 folded before Flop
Seat 8: a54ced66 folded before Flop


Poker Hand #TM5653284536: Tournament #267046848, Bounty Hunters Deepstack Turbo $8.88 Hold'em No Limit - Level21(3,000/6,000(900)) - 2026/03/02 17:01:42
Table '72' 8-max Seat #3 is the button
Seat 1: Hero (99,730 in chips)
Seat 2: ad78b5d (184,057 in chips)
Seat 3: 5f8a2c5d (52,980 in chips)
Seat 4: a2fc914a (198,846 in chips)
Seat 5: db6d6c9a (146,216 in chips)
Seat 6: e047bf6a (76,709 in chips)
Seat 7: 6d33c0c1 (119,852 in chips)
Seat 8: a54ced66 (225,664 in chips)
e047bf6a: posts the ante 900
a54ced66: posts the ante 900
Hero: posts the ante 900
db6d6c9a: posts the ante 900
5f8a2c5d: posts the ante 900
ad78b5d: posts the ante 900
6d33c0c1: posts the ante 900
a2fc914a: posts the ante 900
a2fc914a: posts small blind 3,000
db6d6c9a: posts big blind 6,000
*** HOLE CARDS ***
Dealt to Hero [3s 2d]
Dealt to ad78b5d 
Dealt to 5f8a2c5d 
Dealt to a2fc914a 
Dealt to db6d6c9a 
Dealt to e047bf6a 
Dealt to 6d33c0c1 
Dealt to a54ced66 
e047bf6a: folds
6d33c0c1: folds
a54ced66: raises 6,000 to 12,000
Hero: folds
ad78b5d: folds
5f8a2c5d: folds
a2fc914a: folds
db6d6c9a: raises 133,316 to 145,316 and is all-in
a54ced66: calls 133,316
db6d6c9a: shows [8c 8h]
a54ced66: shows [Qc Jd]
*** FLOP *** [5s Ac Ah]
*** TURN *** [5s Ac Ah] [3h]
*** RIVER *** [5s Ac Ah 3h] [Kc]
*** SHOWDOWN ***
db6d6c9a collected 300,832 from pot
*** SUMMARY ***
Total pot 300,832 | Rake 0 | Jackpot 0 | Bingo 0 | Fortune 0 | Tax 0
Board [5s Ac Ah 3h Kc]
Seat 1: Hero folded before Flop
Seat 2: ad78b5d folded before Flop
Seat 3: 5f8a2c5d (button) folded before Flop
Seat 4: a2fc914a (small blind) folded before Flop
Seat 5: db6d6c9a (big blind) showed [8c 8h] and won (300,832) with two pair, Aces and Eights
Seat 6: e047bf6a folded before Flop
Seat 7: 6d33c0c1 folded before Flop
Seat 8: a54ced66 showed [Qc Jd] and lost with a pair of Aces


Poker Hand #TM5653284522: Tournament #267046848, Bounty Hunters Deepstack Turbo $8.88 Hold'em No Limit - Level21(3,000/6,000(900)) - 2026/03/02 16:54:10
Table '72' 8-max Seat #2 is the button
Seat 1: Hero (100,630 in chips)
Seat 2: ad78b5d (184,957 in chips)
Seat 3: 5f8a2c5d (56,880 in chips)
Seat 4: a2fc914a (211,746 in chips)
Seat 5: db6d6c9a (147,116 in chips)
Seat 6: e047bf6a (77,609 in chips)
Seat 7: 6d33c0c1 (120,752 in chips)
Seat 8: a54ced66 (204,364 in chips)
e047bf6a: posts the ante 900
a54ced66: posts the ante 900
Hero: posts the ante 900
db6d6c9a: posts the ante 900
5f8a2c5d: posts the ante 900
ad78b5d: posts the ante 900
6d33c0c1: posts the ante 900
a2fc914a: posts the ante 900
5f8a2c5d: posts small blind 3,000
a2fc914a: posts big blind 6,000
*** HOLE CARDS ***
Dealt to Hero [7c Jd]
Dealt to ad78b5d 
Dealt to 5f8a2c5d 
Dealt to a2fc914a 
Dealt to db6d6c9a 
Dealt to e047bf6a 
Dealt to 6d33c0c1 
Dealt to a54ced66 
db6d6c9a: folds
e047bf6a: folds
6d33c0c1: folds
a54ced66: raises 6,000 to 12,000
Hero: folds
ad78b5d: folds
5f8a2c5d: folds
a2fc914a: calls 6,000
*** FLOP *** [5d Ah Qc]
a2fc914a: checks
a54ced66: checks
*** TURN *** [5d Ah Qc] [7d]
a2fc914a: checks
a54ced66: bets 11,286
a2fc914a: folds
Uncalled bet (11,286) returned to a54ced66
*** SHOWDOWN ***
a54ced66 collected 34,200 from pot
*** SUMMARY ***
Total pot 34,200 | Rake 0 | Jackpot 0 | Bingo 0 | Fortune 0 | Tax 0
Board [5d Ah Qc 7d]
Seat 1: Hero folded before Flop
Seat 2: ad78b5d (button) folded before Flop
Seat 3: 5f8a2c5d (small blind) folded before Flop
Seat 4: a2fc914a (big blind) folded on the Turn
Seat 5: db6d6c9a folded before Flop
Seat 6: e047bf6a folded before Flop
Seat 7: 6d33c0c1 folded before Flop
Seat 8: a54ced66 won (34,200)


Poker Hand #TM5653284512: Tournament #267046848, Bounty Hunters Deepstack Turbo $8.88 Hold'em No Limit - Level21(3,000/6,000(900)) - 2026/03/02 16:52:33
Table '72' 8-max Seat #1 is the button
Seat 1: Hero (119,530 in chips)
Seat 2: ad78b5d (188,857 in chips)
Seat 3: 5f8a2c5d (63,780 in chips)
Seat 4: a2fc914a (212,646 in chips)
Seat 5: db6d6c9a (148,016 in chips)
Seat 6: e047bf6a (78,509 in chips)
Seat 7: 6d33c0c1 (87,452 in chips)
Seat 8: a54ced66 (205,264 in chips)
e047bf6a: posts the ante 900
a54ced66: posts the ante 900
Hero: posts the ante 900
db6d6c9a: posts the ante 900
5f8a2c5d: posts the ante 900
ad78b5d: posts the ante 900
6d33c0c1: posts the ante 900
a2fc914a: posts the ante 900
ad78b5d: posts small blind 3,000
5f8a2c5d: posts big blind 6,000
*** HOLE CARDS ***
Dealt to Hero [4h 4s]
Dealt to ad78b5d 
Dealt to 5f8a2c5d 
Dealt to a2fc914a 
Dealt to db6d6c9a 
Dealt to e047bf6a 
Dealt to 6d33c0c1 
Dealt to a54ced66 
a2fc914a: folds
db6d6c9a: folds
e047bf6a: folds
6d33c0c1: calls 6,000
a54ced66: folds
Hero: raises 12,000 to 18,000
ad78b5d: folds
5f8a2c5d: folds
6d33c0c1: calls 12,000
*** FLOP *** [Jh 2d 9s]
6d33c0c1: bets 68,552 and is all-in
Hero: folds
Uncalled bet (68,552) returned to 6d33c0c1
*** SHOWDOWN ***
6d33c0c1 collected 52,200 from pot
*** SUMMARY ***
Total pot 52,200 | Rake 0 | Jackpot 0 | Bingo 0 | Fortune 0 | Tax 0
Board [Jh 2d 9s]
Seat 1: Hero (button) folded on the Flop
Seat 2: ad78b5d (small blind) folded before Flop
Seat 3: 5f8a2c5d (big blind) folded before Flop
Seat 4: a2fc914a folded before Flop
Seat 5: db6d6c9a folded before Flop
Seat 6: e047bf6a folded before Flop
Seat 7: 6d33c0c1 won (52,200)
Seat 8: a54ced66 folded before Flop


Poker Hand #TM5653284503: Tournament #267046848, Bounty Hunters Deepstack Turbo $8.88 Hold'em No Limit - Level20(2,500/5,000(750)) - 2026/03/02 16:51:22
Table '72' 8-max Seat #8 is the button
Seat 1: Hero (122,780 in chips)
Seat 2: ad78b5d (204,607 in chips)
Seat 3: 5f8a2c5d (64,530 in chips)
Seat 4: a2fc914a (213,396 in chips)
Seat 5: db6d6c9a (148,766 in chips)
Seat 6: e047bf6a (79,259 in chips)
Seat 8: a54ced66 (183,264 in chips)
e047bf6a: posts the ante 750
a54ced66: posts the ante 750
Hero: posts the ante 750
db6d6c9a: posts the ante 750
5f8a2c5d: posts the ante 750
ad78b5d: posts the ante 750
a2fc914a: posts the ante 750
Hero: posts small blind 2,500
ad78b5d: posts big blind 5,000
*** HOLE CARDS ***
Dealt to Hero [2s 8d]
Dealt to ad78b5d 
Dealt to 5f8a2c5d 
Dealt to a2fc914a 
Dealt to db6d6c9a 
Dealt to e047bf6a 
Dealt to a54ced66 
5f8a2c5d: folds
a2fc914a: folds
db6d6c9a: folds
e047bf6a: folds
a54ced66: raises 10,000 to 15,000
Hero: folds
ad78b5d: calls 10,000
*** FLOP *** [Jd 5c Ad]
ad78b5d: checks
a54ced66: checks
*** TURN *** [Jd 5c Ad] [7s]
ad78b5d: checks
a54ced66: bets 18,875
ad78b5d: folds
Uncalled bet (18,875) returned to a54ced66
*** SHOWDOWN ***
a54ced66 collected 37,750 from pot
*** SUMMARY ***
Total pot 37,750 | Rake 0 | Jackpot 0 | Bingo 0 | Fortune 0 | Tax 0
Board [Jd 5c Ad 7s]
Seat 1: Hero (small blind) folded before Flop
Seat 2: ad78b5d (big blind) folded on the Turn
Seat 3: 5f8a2c5d folded before Flop
Seat 4: a2fc914a folded before Flop
Seat 5: db6d6c9a folded before Flop
Seat 6: e047bf6a folded before Flop
Seat 8: a54ced66 (button) won (37,750)


Poker Hand #TM5653284497: Tournament #267046848, Bounty Hunters Deepstack Turbo $8.88 Hold'em No Limit - Level20(2,500/5,000(750)) - 2026/03/02 16:50:38
Table '72' 8-max Seat #6 is the button
Seat 1: Hero (128,530 in chips)
Seat 2: ad78b5d (205,357 in chips)
Seat 3: 5f8a2c5d (60,155 in chips)
Seat 4: a2fc914a (214,146 in chips)
Seat 5: db6d6c9a (149,516 in chips)
Seat 6: e047bf6a (80,009 in chips)
Seat 8: a54ced66 (178,889 in chips)
e047bf6a: posts the ante 750
a54ced66: posts the ante 750
Hero: posts the ante 750
db6d6c9a: posts the ante 750
5f8a2c5d: posts the ante 750
ad78b5d: posts the ante 750
a2fc914a: posts the ante 750
a54ced66: posts small blind 2,500
Hero: posts big blind 5,000
*** HOLE CARDS ***
Dealt to Hero [Jc 9c]
Dealt to ad78b5d 
Dealt to 5f8a2c5d 
Dealt to a2fc914a 
Dealt to db6d6c9a 
Dealt to e047bf6a 
Dealt to a54ced66 
ad78b5d: folds
5f8a2c5d: raises 54,405 to 59,405 and is all-in
a2fc914a: folds
db6d6c9a: folds
e047bf6a: folds
a54ced66: calls 56,905
Hero: folds
5f8a2c5d: shows [Kd Ah]
a54ced66: shows [Ac Ks]
*** FLOP *** [Qd 5h 8c]
*** TURN *** [Qd 5h 8c] [Qh]
*** RIVER *** [Qd 5h 8c Qh] [6c]
ad78b5d: shows [Qs] (three of a kind, Queens)
*** SHOWDOWN ***
a54ced66 collected 64,530 from pot
5f8a2c5d collected 64,530 from pot
*** SUMMARY ***
Total pot 129,060 | Rake 0 | Jackpot 0 | Bingo 0 | Fortune 0 | Tax 0
Board [Qd 5h 8c Qh 6c]
Seat 1: Hero (big blind) folded before Flop
Seat 2: ad78b5d folded before Flop
Seat 3: 5f8a2c5d showed [Kd Ah] and won (64,530) with a pair of Queens
Seat 4: a2fc914a folded before Flop
Seat 5: db6d6c9a folded before Flop
Seat 6: e047bf6a (button) folded before Flop
Seat 8: a54ced66 (small blind) showed [Ac Ks] and won (64,530) with a pair of Queens


Poker Hand #TM5653284485: Tournament #267046848, Bounty Hunters Deepstack Turbo $8.88 Hold'em No Limit - Level20(2,500/5,000(750)) - 2026/03/02 16:49:13
Table '72' 8-max Seat #5 is the button
Seat 1: Hero (129,280 in chips)
Seat 2: ad78b5d (160,580 in chips)
Seat 3: 5f8a2c5d (60,905 in chips)
Seat 4: a2fc914a (214,896 in chips)
Seat 5: db6d6c9a (150,266 in chips)
Seat 6: e047bf6a (85,759 in chips)
Seat 7: a1e7a187 (35,277 in chips)
Seat 8: a54ced66 (179,639 in chips)
e047bf6a: posts the ante 750
a1e7a187: posts the ante 750
a54ced66: posts the ante 750
Hero: posts the ante 750
db6d6c9a: posts the ante 750
5f8a2c5d: posts the ante 750
ad78b5d: posts the ante 750
a2fc914a: posts the ante 750
e047bf6a: posts small blind 2,500
a1e7a187: posts big blind 5,000
*** HOLE CARDS ***
Dealt to Hero [Jd 5s]
Dealt to ad78b5d 
Dealt to 5f8a2c5d 
Dealt to a2fc914a 
Dealt to db6d6c9a 
Dealt to e047bf6a 
Dealt to a1e7a187 
Dealt to a54ced66 
a54ced66: folds
Hero: folds
ad78b5d: calls 5,000
5f8a2c5d: folds
a2fc914a: folds
db6d6c9a: folds
e047bf6a: calls 2,500
a1e7a187: raises 29,527 to 34,527 and is all-in
ad78b5d: raises 29,527 to 64,054
e047bf6a: folds
Uncalled bet (29,527) returned to ad78b5d
ad78b5d: shows [9h 9s]
a1e7a187: shows [As Td]
*** FLOP *** [2s 2c Jh]
*** TURN *** [2s 2c Jh] [8c]
*** RIVER *** [2s 2c Jh 8c] [5d]
*** SHOWDOWN ***
ad78b5d collected 80,054 from pot
*** SUMMARY ***
Total pot 80,054 | Rake 0 | Jackpot 0 | Bingo 0 | Fortune 0 | Tax 0
Board [2s 2c Jh 8c 5d]
Seat 1: Hero folded before Flop
Seat 2: ad78b5d showed [9h 9s] and won (80,054) with two pair, Nines and Twos
Seat 3: 5f8a2c5d folded before Flop
Seat 4: a2fc914a folded before Flop
Seat 5: db6d6c9a (button) folded before Flop
Seat 6: e047bf6a (small blind) folded before Flop
Seat 7: a1e7a187 (big blind) showed [As Td] and lost with a pair of Twos
Seat 8: a54ced66 folded before Flop


Poker Hand #TM5653284474: Tournament #267046848, Bounty Hunters Deepstack Turbo $8.88 Hold'em No Limit - Level20(2,500/5,000(750)) - 2026/03/02 16:47:59
Table '72' 8-max Seat #4 is the button
Seat 1: Hero (130,030 in chips)
Seat 2: ad78b5d (74,290 in chips)
Seat 3: 5f8a2c5d (61,655 in chips)
Seat 4: a2fc914a (215,646 in chips)
Seat 5: db6d6c9a (153,516 in chips)
Seat 6: e047bf6a (91,509 in chips)
Seat 7: a1e7a187 (36,027 in chips)
Seat 8: a54ced66 (253,929 in chips)
e047bf6a: posts the ante 750
a1e7a187: posts the ante 750
a54ced66: posts the ante 750
Hero: posts the ante 750
db6d6c9a: posts the ante 750
5f8a2c5d: posts the ante 750
ad78b5d: posts the ante 750
a2fc914a: posts the ante 750
db6d6c9a: posts small blind 2,500
e047bf6a: posts big blind 5,000
*** HOLE CARDS ***
Dealt to Hero [8h Kc]
Dealt to ad78b5d 
Dealt to 5f8a2c5d 
Dealt to a2fc914a 
Dealt to db6d6c9a 
Dealt to e047bf6a 
Dealt to a1e7a187 
Dealt to a54ced66 
a1e7a187: folds
a54ced66: calls 5,000
Hero: folds
ad78b5d: raises 11,750 to 16,750
5f8a2c5d: folds
a2fc914a: folds
db6d6c9a: folds
e047bf6a: folds
a54ced66: calls 11,750
*** FLOP *** [3d Ks Jc]
a54ced66: checks
ad78b5d: bets 20,000
a54ced66: raises 28,710 to 48,710
ad78b5d: raises 8,080 to 56,790 and is all-in
a54ced66: calls 8,080
ad78b5d: shows [Ac As] (a pair of Aces)
a54ced66: shows [9s Kh] (a pair of Kings)
*** TURN *** [3d Ks Jc] [Tc]
*** RIVER *** [3d Ks Jc Tc] [6c]
*** SHOWDOWN ***
ad78b5d collected 160,580 from pot
*** SUMMARY ***
Total pot 160,580 | Rake 0 | Jackpot 0 | Bingo 0 | Fortune 0 | Tax 0
Board [3d Ks Jc Tc 6c]
Seat 1: Hero folded before Flop
Seat 2: ad78b5d showed [Ac As] and won (160,580) with a pair of Aces
Seat 3: 5f8a2c5d folded before Flop
Seat 4: a2fc914a (button) folded before Flop
Seat 5: db6d6c9a (small blind) folded before Flop
Seat 6: e047bf6a (big blind) folded before Flop
Seat 7: a1e7a187 folded before Flop
Seat 8: a54ced66 showed [9s Kh] and lost with a pair of Kings


Poker Hand #TM5653284468: Tournament #267046848, Bounty Hunters Deepstack Turbo $8.88 Hold'em No Limit - Level20(2,500/5,000(750)) - 2026/03/02 16:47:13
Table '72' 8-max Seat #3 is the button
Seat 1: Hero (130,780 in chips)
Seat 2: ad78b5d (75,040 in chips)
Seat 3: 5f8a2c5d (62,405 in chips)
Seat 4: a2fc914a (218,896 in chips)
Seat 5: db6d6c9a (159,266 in chips)
Seat 6: e047bf6a (102,259 in chips)
Seat 7: a1e7a187 (36,777 in chips)
Seat 8: a54ced66 (231,179 in chips)
e047bf6a: posts the ante 750
a1e7a187: posts the ante 750
a54ced66: posts the ante 750
Hero: posts the ante 750
db6d6c9a: posts the ante 750
5f8a2c5d: posts the ante 750
ad78b5d: posts the ante 750
a2fc914a: posts the ante 750
a2fc914a: posts small blind 2,500
db6d6c9a: posts big blind 5,000
*** HOLE CARDS ***
Dealt to Hero [Qc 9c]
Dealt to ad78b5d 
Dealt to 5f8a2c5d 
Dealt to a2fc914a 
Dealt to db6d6c9a 
Dealt to e047bf6a 
Dealt to a1e7a187 
Dealt to a54ced66 
e047bf6a: raises 5,000 to 10,000
a1e7a187: folds
a54ced66: raises 25,125 to 35,125
Hero: folds
ad78b5d: folds
5f8a2c5d: folds
a2fc914a: folds
db6d6c9a: folds
e047bf6a: folds
Uncalled bet (25,125) returned to a54ced66
*** SHOWDOWN ***
a54ced66 collected 33,500 from pot
*** SUMMARY ***
Total pot 33,500 | Rake 0 | Jackpot 0 | Bingo 0 | Fortune 0 | Tax 0
Seat 1: Hero folded before Flop
Seat 2: ad78b5d folded before Flop
Seat 3: 5f8a2c5d (button) folded before Flop
Seat 4: a2fc914a (small blind) folded before Flop
Seat 5: db6d6c9a (big blind) folded before Flop
Seat 6: e047bf6a folded before Flop
Seat 7: a1e7a187 folded before Flop
Seat 8: a54ced66 collected (33,500)


Poker Hand #TM5653284461: Tournament #267046848, Bounty Hunters Deepstack Turbo $8.88 Hold'em No Limit - Level19(2,000/4,000(600)) - 2026/03/02 16:46:08
Table '72' 8-max Seat #2 is the button
Seat 1: Hero (131,380 in chips)
Seat 2: ad78b5d (75,640 in chips)
Seat 3: 5f8a2c5d (46,205 in chips)
Seat 4: a2fc914a (223,496 in chips)
Seat 5: db6d6c9a (159,866 in chips)
Seat 6: e047bf6a (110,859 in chips)
Seat 7: a1e7a187 (37,377 in chips)
Seat 8: a54ced66 (231,779 in chips)
e047bf6a: posts the ante 600
a1e7a187: posts the ante 600
a54ced66: posts the ante 600
Hero: posts the ante 600
db6d6c9a: posts the ante 600
5f8a2c5d: posts the ante 600
ad78b5d: posts the ante 600
a2fc914a: posts the ante 600
5f8a2c5d: posts small blind 2,000
a2fc914a: posts big blind 4,000
*** HOLE CARDS ***
Dealt to Hero [6s 5d]
Dealt to ad78b5d 
Dealt to 5f8a2c5d 
Dealt to a2fc914a 
Dealt to db6d6c9a 
Dealt to e047bf6a 
Dealt to a1e7a187 
Dealt to a54ced66 
db6d6c9a: folds
e047bf6a: raises 4,000 to 8,000
a1e7a187: folds
a54ced66: folds
Hero: folds
ad78b5d: folds
5f8a2c5d: raises 37,605 to 45,605 and is all-in
a2fc914a: folds
e047bf6a: folds
Uncalled bet (37,605) returned to 5f8a2c5d
*** SHOWDOWN ***
5f8a2c5d collected 24,800 from pot
*** SUMMARY ***
Total pot 24,800 | Rake 0 | Jackpot 0 | Bingo 0 | Fortune 0 | Tax 0
Seat 1: Hero folded before Flop
Seat 2: ad78b5d (button) folded before Flop
Seat 3: 5f8a2c5d (small blind) collected (24,800)
Seat 4: a2fc914a (big blind) folded before Flop
Seat 5: db6d6c9a folded before Flop
Seat 6: e047bf6a folded before Flop
Seat 7: a1e7a187 folded before Flop
Seat 8: a54ced66 folded before Flop


Poker Hand #TM5653284451: Tournament #267046848, Bounty Hunters Deepstack Turbo $8.88 Hold'em No Limit - Level19(2,000/4,000(600)) - 2026/03/02 16:44:38
Table '72' 8-max Seat #1 is the button
Seat 1: Hero (131,980 in chips)
Seat 2: ad78b5d (78,240 in chips)
Seat 3: 5f8a2c5d (50,805 in chips)
Seat 4: a2fc914a (224,096 in chips)
Seat 5: db6d6c9a (160,466 in chips)
Seat 6: e047bf6a (141,459 in chips)
Seat 7: a1e7a187 (37,977 in chips)
Seat 8: a54ced66 (191,579 in chips)
e047bf6a: posts the ante 600
a1e7a187: posts the ante 600
a54ced66: posts the ante 600
Hero: posts the ante 600
db6d6c9a: posts the ante 600
5f8a2c5d: posts the ante 600
ad78b5d: posts the ante 600
a2fc914a: posts the ante 600
ad78b5d: posts small blind 2,000
5f8a2c5d: posts big blind 4,000
*** HOLE CARDS ***
Dealt to Hero [5h Qd]
Dealt to ad78b5d 
Dealt to 5f8a2c5d 
Dealt to a2fc914a 
Dealt to db6d6c9a 
Dealt to e047bf6a 
Dealt to a1e7a187 
Dealt to a54ced66 
a2fc914a: folds
db6d6c9a: folds
e047bf6a: raises 4,000 to 8,000
a1e7a187: folds
a54ced66: calls 8,000
Hero: folds
ad78b5d: folds
5f8a2c5d: folds
*** FLOP *** [9d 7h Tc]
e047bf6a: bets 10,000
a54ced66: calls 10,000
*** TURN *** [9d 7h Tc] [5d]
e047bf6a: bets 12,000
a54ced66: raises 35,400 to 47,400
e047bf6a: folds
Uncalled bet (35,400) returned to a54ced66
*** SHOWDOWN ***
a54ced66 collected 70,800 from pot
*** SUMMARY ***
Total pot 70,800 | Rake 0 | Jackpot 0 | Bingo 0 | Fortune 0 | Tax 0
Board [9d 7h Tc 5d]
Seat 1: Hero (button) folded before Flop
Seat 2: ad78b5d (small blind) folded before Flop
Seat 3: 5f8a2c5d (big blind) folded before Flop
Seat 4: a2fc914a folded before Flop
Seat 5: db6d6c9a folded before Flop
Seat 6: e047bf6a folded on the Turn
Seat 7: a1e7a187 folded before Flop
Seat 8: a54ced66 won (70,800)


Poker Hand #TM5653284443: Tournament #267046848, Bounty Hunters Deepstack Turbo $8.88 Hold'em No Limit - Level19(2,000/4,000(600)) - 2026/03/02 16:43:41
Table '72' 8-max Seat #8 is the button
Seat 1: Hero (134,580 in chips)
Seat 2: ad78b5d (82,840 in chips)
Seat 3: 5f8a2c5d (51,405 in chips)
Seat 4: a2fc914a (228,696 in chips)
Seat 5: db6d6c9a (161,066 in chips)
Seat 6: e047bf6a (142,059 in chips)
Seat 8: a54ced66 (177,979 in chips)
e047bf6a: posts the ante 600
a54ced66: posts the ante 600
Hero: posts the ante 600
db6d6c9a: posts the ante 600
5f8a2c5d: posts the ante 600
ad78b5d: posts the ante 600
a2fc914a: posts the ante 600
Hero: posts small blind 2,000
ad78b5d: posts big blind 4,000
*** HOLE CARDS ***
Dealt to Hero [2c 7h]
Dealt to ad78b5d 
Dealt to 5f8a2c5d 
Dealt to a2fc914a 
Dealt to db6d6c9a 
Dealt to e047bf6a 
Dealt to a54ced66 
5f8a2c5d: folds
a2fc914a: calls 4,000
db6d6c9a: folds
e047bf6a: folds
a54ced66: calls 4,000
Hero: folds
ad78b5d: checks
*** FLOP *** [Ts 2h 3h]
ad78b5d: checks
a2fc914a: checks
a54ced66: bets 6,006
ad78b5d: folds
a2fc914a: folds
Uncalled bet (6,006) returned to a54ced66
*** SHOWDOWN ***
a54ced66 collected 18,200 from pot
*** SUMMARY ***
Total pot 18,200 | Rake 0 | Jackpot 0 | Bingo 0 | Fortune 0 | Tax 0
Board [Ts 2h 3h]
Seat 1: Hero (small blind) folded before Flop
Seat 2: ad78b5d (big blind) folded on the Flop
Seat 3: 5f8a2c5d folded before Flop
Seat 4: a2fc914a folded on the Flop
Seat 5: db6d6c9a folded before Flop
Seat 6: e047bf6a folded before Flop
Seat 8: a54ced66 (button) won (18,200)


Poker Hand #TM5653284436: Tournament #267046848, Bounty Hunters Deepstack Turbo $8.88 Hold'em No Limit - Level19(2,000/4,000(600)) - 2026/03/02 16:42:33
Table '72' 8-max Seat #6 is the button
Seat 1: Hero (135,180 in chips)
Seat 2: ad78b5d (83,440 in chips)
Seat 3: 5f8a2c5d (52,005 in chips)
Seat 4: a2fc914a (229,296 in chips)
Seat 5: db6d6c9a (110,291 in chips)
Seat 6: e047bf6a (142,659 in chips)
Seat 7: 2d8056d8 (43,175 in chips)
Seat 8: a54ced66 (182,579 in chips)
e047bf6a: posts the ante 600
a54ced66: posts the ante 600
Hero: posts the ante 600
db6d6c9a: posts the ante 600
2d8056d8: posts the ante 600
5f8a2c5d: posts the ante 600
ad78b5d: posts the ante 600
a2fc914a: posts the ante 600
2d8056d8: posts small blind 2,000
a54ced66: posts big blind 4,000
*** HOLE CARDS ***
Dealt to Hero [Kh 7h]
Dealt to ad78b5d 
Dealt to 5f8a2c5d 
Dealt to a2fc914a 
Dealt to db6d6c9a 
Dealt to e047bf6a 
Dealt to 2d8056d8 
Dealt to a54ced66 
Hero: folds
ad78b5d: folds
5f8a2c5d: folds
a2fc914a: folds
db6d6c9a: raises 8,000 to 12,000
e047bf6a: folds
2d8056d8: raises 30,575 to 42,575 and is all-in
a54ced66: folds
db6d6c9a: calls 30,575
2d8056d8: shows [5s As]
db6d6c9a: shows [Qd Qh]
*** FLOP *** [8h Th 4c]
*** TURN *** [8h Th 4c] [Td]
*** RIVER *** [8h Th 4c Td] [4s]
*** SHOWDOWN ***
db6d6c9a collected 93,950 from pot
*** SUMMARY ***
Total pot 93,950 | Rake 0 | Jackpot 0 | Bingo 0 | Fortune 0 | Tax 0
Board [8h Th 4c Td 4s]
Seat 1: Hero folded before Flop
Seat 2: ad78b5d folded before Flop
Seat 3: 5f8a2c5d folded before Flop
Seat 4: a2fc914a folded before Flop
Seat 5: db6d6c9a showed [Qd Qh] and won (93,950) with two pair, Queens and Tens
Seat 6: e047bf6a (button) folded before Flop
Seat 7: 2d8056d8 (small blind) showed [5s As] and lost with two pair, Tens and Fours
Seat 8: a54ced66 (big blind) folded before Flop


Poker Hand #TM5653284428: Tournament #267046848, Bounty Hunters Deepstack Turbo $8.88 Hold'em No Limit - Level19(2,000/4,000(600)) - 2026/03/02 16:41:42
Table '72' 8-max Seat #5 is the button
Seat 1: Hero (135,780 in chips)
Seat 2: ad78b5d (84,040 in chips)
Seat 3: 5f8a2c5d (52,605 in chips)
Seat 4: a2fc914a (219,096 in chips)
Seat 5: db6d6c9a (110,891 in chips)
Seat 6: e047bf6a (145,259 in chips)
Seat 7: 2d8056d8 (47,775 in chips)
Seat 8: a54ced66 (183,179 in chips)
e047bf6a: posts the ante 600
a54ced66: posts the ante 600
Hero: posts the ante 600
db6d6c9a: posts the ante 600
2d8056d8: posts the ante 600
5f8a2c5d: posts the ante 600
ad78b5d: posts the ante 600
a2fc914a: posts the ante 600
e047bf6a: posts small blind 2,000
2d8056d8: posts big blind 4,000
*** HOLE CARDS ***
Dealt to Hero [3h 5d]
Dealt to ad78b5d 
Dealt to 5f8a2c5d 
Dealt to a2fc914a 
Dealt to db6d6c9a 
Dealt to e047bf6a 
Dealt to 2d8056d8 
Dealt to a54ced66 
a54ced66: folds
Hero: folds
ad78b5d: folds
5f8a2c5d: folds
a2fc914a: raises 12,000 to 16,000
db6d6c9a: folds
e047bf6a: folds
2d8056d8: folds
Uncalled bet (12,000) returned to a2fc914a
*** SHOWDOWN ***
a2fc914a collected 14,800 from pot
*** SUMMARY ***
Total pot 14,800 | Rake 0 | Jackpot 0 | Bingo 0 | Fortune 0 | Tax 0
Seat 1: Hero folded before Flop
Seat 2: ad78b5d folded before Flop
Seat 3: 5f8a2c5d folded before Flop
Seat 4: a2fc914a collected (14,800)
Seat 5: db6d6c9a (button) folded before Flop
Seat 6: e047bf6a (small blind) folded before Flop
Seat 7: 2d8056d8 (big blind) folded before Flop
Seat 8: a54ced66 folded before Flop


Poker Hand #TM5653284424: Tournament #267046848, Bounty Hunters Deepstack Turbo $8.88 Hold'em No Limit - Level18(1,750/3,500(500)) - 2026/03/02 16:41:07
Table '72' 8-max Seat #4 is the button
Seat 1: Hero (136,280 in chips)
Seat 2: ad78b5d (84,540 in chips)
Seat 3: 5f8a2c5d (53,105 in chips)
Seat 4: a2fc914a (219,596 in chips)
Seat 5: db6d6c9a (88,641 in chips)
Seat 6: e047bf6a (164,509 in chips)
Seat 7: 2d8056d8 (48,275 in chips)
Seat 8: a54ced66 (183,679 in chips)
e047bf6a: posts the ante 500
a54ced66: posts the ante 500
Hero: posts the ante 500
2d8056d8: posts the ante 500
db6d6c9a: posts the ante 500
5f8a2c5d: posts the ante 500
ad78b5d: posts the ante 500
a2fc914a: posts the ante 500
db6d6c9a: posts small blind 1,750
e047bf6a: posts big blind 3,500
*** HOLE CARDS ***
Dealt to Hero [Td 7h]
Dealt to ad78b5d 
Dealt to 5f8a2c5d 
Dealt to a2fc914a 
Dealt to db6d6c9a 
Dealt to e047bf6a 
Dealt to 2d8056d8 
Dealt to a54ced66 
2d8056d8: folds
a54ced66: folds
Hero: folds
ad78b5d: folds
5f8a2c5d: folds
a2fc914a: folds
db6d6c9a: raises 7,000 to 10,500
e047bf6a: calls 7,000
*** FLOP *** [5d 8s 5h]
db6d6c9a: bets 8,250
e047bf6a: calls 8,250
*** TURN *** [5d 8s 5h] [4h]
db6d6c9a: bets 69,391 and is all-in
e047bf6a: folds
Uncalled bet (69,391) returned to db6d6c9a
*** SHOWDOWN ***
db6d6c9a collected 41,500 from pot
*** SUMMARY ***
Total pot 41,500 | Rake 0 | Jackpot 0 | Bingo 0 | Fortune 0 | Tax 0
Board [5d 8s 5h 4h]
Seat 1: Hero folded before Flop
Seat 2: ad78b5d folded before Flop
Seat 3: 5f8a2c5d folded before Flop
Seat 4: a2fc914a (button) folded before Flop
Seat 5: db6d6c9a (small blind) won (41,500)
Seat 6: e047bf6a (big blind) folded on the Turn
Seat 7: 2d8056d8 folded before Flop
Seat 8: a54ced66 folded before Flop


Poker Hand #TM5653284418: Tournament #267046848, Bounty Hunters Deepstack Turbo $8.88 Hold'em No Limit - Level18(1,750/3,500(500)) - 2026/03/02 16:39:59
Table '72' 8-max Seat #3 is the button
Seat 1: Hero (146,251 in chips)
Seat 2: ad78b5d (85,040 in chips)
Seat 3: 5f8a2c5d (9,971 in chips)
Seat 4: a2fc914a (221,846 in chips)
Seat 5: db6d6c9a (98,612 in chips)
Seat 6: e047bf6a (165,009 in chips)
Seat 7: 2d8056d8 (58,246 in chips)
Seat 8: a54ced66 (193,650 in chips)
e047bf6a: posts the ante 500
a54ced66: posts the ante 500
Hero: posts the ante 500
2d8056d8: posts the ante 500
db6d6c9a: posts the ante 500
5f8a2c5d: posts the ante 500
ad78b5d: posts the ante 500
a2fc914a: posts the ante 500
a2fc914a: posts small blind 1,750
db6d6c9a: posts big blind 3,500
*** HOLE CARDS ***
Dealt to Hero [6s 6h]
Dealt to ad78b5d 
Dealt to 5f8a2c5d 
Dealt to a2fc914a 
Dealt to db6d6c9a 
Dealt to e047bf6a 
Dealt to 2d8056d8 
Dealt to a54ced66 
e047bf6a: folds
2d8056d8: raises 3,500 to 7,000
a54ced66: calls 7,000
Hero: calls 7,000
ad78b5d: folds
5f8a2c5d: raises 2,471 to 9,471 and is all-in
a2fc914a: folds
db6d6c9a: calls 5,971
2d8056d8: calls 2,471
a54ced66: calls 2,471
Hero: calls 2,471
*** FLOP *** [2c 3d Th]
db6d6c9a: checks
2d8056d8: checks
a54ced66: checks
Hero: checks
*** TURN *** [2c 3d Th] [7s]
db6d6c9a: checks
2d8056d8: checks
a54ced66: checks
Hero: checks
*** RIVER *** [2c 3d Th 7s] [3c]
db6d6c9a: checks
2d8056d8: checks
a54ced66: checks
Hero: checks
db6d6c9a: shows [Jc 5d] (a pair of Threes)
2d8056d8: shows [Qd Kd] (a pair of Threes)
a54ced66: shows [Js 9h] (a pair of Threes)
Hero: shows [6s 6h] (two pair, Sixes and Threes)
5f8a2c5d: shows [Ks 3s] (three of a kind, Threes)
*** SHOWDOWN ***
5f8a2c5d collected 53,105 from pot
*** SUMMARY ***
Total pot 53,105 | Rake 0 | Jackpot 0 | Bingo 0 | Fortune 0 | Tax 0
Board [2c 3d Th 7s 3c]
Seat 1: Hero showed [6s 6h] and lost with two pair, Sixes and Threes
Seat 2: ad78b5d folded before Flop
Seat 3: 5f8a2c5d (button) showed [Ks 3s] and won (53,105) with three of a kind, Threes
Seat 4: a2fc914a (small blind) folded before Flop
Seat 5: db6d6c9a (big blind) showed [Jc 5d] and lost with a pair of Threes
Seat 6: e047bf6a folded before Flop
Seat 7: 2d8056d8 showed [Qd Kd] and lost with a pair of Threes
Seat 8: a54ced66 showed [Js 9h] and lost with a pair of Threes


Poker Hand #TM5653284406: Tournament #267046848, Bounty Hunters Deepstack Turbo $8.88 Hold'em No Limit - Level18(1,750/3,500(500)) - 2026/03/02 16:38:54
Table '72' 8-max Seat #2 is the button
Seat 1: Hero (146,751 in chips)
Seat 2: ad78b5d (85,540 in chips)
Seat 3: 5f8a2c5d (103,546 in chips)
Seat 4: a2fc914a (225,846 in chips)
Seat 5: db6d6c9a (99,112 in chips)
Seat 6: e047bf6a (165,509 in chips)
Seat 7: 2d8056d8 (58,746 in chips)
Seat 8: a54ced66 (93,575 in chips)
e047bf6a: posts the ante 500
a54ced66: posts the ante 500
Hero: posts the ante 500
2d8056d8: posts the ante 500
db6d6c9a: posts the ante 500
5f8a2c5d: posts the ante 500
ad78b5d: posts the ante 500
a2fc914a: posts the ante 500
5f8a2c5d: posts small blind 1,750
a2fc914a: posts big blind 3,500
*** HOLE CARDS ***
Dealt to Hero [2s 7s]
Dealt to ad78b5d 
Dealt to 5f8a2c5d 
Dealt to a2fc914a 
Dealt to db6d6c9a 
Dealt to e047bf6a 
Dealt to 2d8056d8 
Dealt to a54ced66 
db6d6c9a: folds
e047bf6a: folds
2d8056d8: folds
a54ced66: raises 3,500 to 7,000
Hero: folds
ad78b5d: folds
5f8a2c5d: raises 21,000 to 28,000
a2fc914a: folds
a54ced66: raises 65,075 to 93,075 and is all-in
5f8a2c5d: calls 65,075
a54ced66: shows [7d Ah]
5f8a2c5d: shows [Js Jd]
*** FLOP *** [9d Kh As]
*** TURN *** [9d Kh As] [9h]
*** RIVER *** [9d Kh As 9h] [Kd]
*** SHOWDOWN ***
a54ced66 collected 193,650 from pot
*** SUMMARY ***
Total pot 193,650 | Rake 0 | Jackpot 0 | Bingo 0 | Fortune 0 | Tax 0
Board [9d Kh As 9h Kd]
Seat 1: Hero folded before Flop
Seat 2: ad78b5d (button) folded before Flop
Seat 3: 5f8a2c5d (small blind) showed [Js Jd] and lost with two pair, Kings and Jacks
Seat 4: a2fc914a (big blind) folded before Flop
Seat 5: db6d6c9a folded before Flop
Seat 6: e047bf6a folded before Flop
Seat 7: 2d8056d8 folded before Flop
Seat 8: a54ced66 showed [7d Ah] and won (193,650) with two pair, Aces and Kings


Poker Hand #TM5653284395: Tournament #267046848, Bounty Hunters Deepstack Turbo $8.88 Hold'em No Limit - Level18(1,750/3,500(500)) - 2026/03/02 16:37:37
Table '72' 8-max Seat #1 is the button
Seat 1: Hero (147,251 in chips)
Seat 2: ad78b5d (69,440 in chips)
Seat 3: 5f8a2c5d (116,646 in chips)
Seat 4: a2fc914a (226,346 in chips)
Seat 5: db6d6c9a (99,612 in chips)
Seat 6: e047bf6a (166,009 in chips)
Seat 7: 2d8056d8 (59,246 in chips)
Seat 8: a54ced66 (94,075 in chips)
e047bf6a: posts the ante 500
a54ced66: posts the ante 500
Hero: posts the ante 500
2d8056d8: posts the ante 500
db6d6c9a: posts the ante 500
5f8a2c5d: posts the ante 500
ad78b5d: posts the ante 500
a2fc914a: posts the ante 500
ad78b5d: posts small blind 1,750
5f8a2c5d: posts big blind 3,500
*** HOLE CARDS ***
Dealt to Hero [9c 2s]
Dealt to ad78b5d 
Dealt to 5f8a2c5d 
Dealt to a2fc914a 
Dealt to db6d6c9a 
Dealt to e047bf6a 
Dealt to 2d8056d8 
Dealt to a54ced66 
a2fc914a: folds
db6d6c9a: folds
e047bf6a: folds
2d8056d8: folds
a54ced66: folds
Hero: folds
ad78b5d: calls 1,750
5f8a2c5d: raises 4,200 to 7,700
ad78b5d: calls 4,200
*** FLOP *** [5d Kc Ks]
ad78b5d: checks
5f8a2c5d: bets 4,900
ad78b5d: raises 14,600 to 19,500
5f8a2c5d: folds
Uncalled bet (14,600) returned to ad78b5d
*** SHOWDOWN ***
ad78b5d collected 29,200 from pot
*** SUMMARY ***
Total pot 29,200 | Rake 0 | Jackpot 0 | Bingo 0 | Fortune 0 | Tax 0
Board [5d Kc Ks]
Seat 1: Hero (button) folded before Flop
Seat 2: ad78b5d (small blind) won (29,200)
Seat 3: 5f8a2c5d (big blind) folded on the Flop
Seat 4: a2fc914a folded before Flop
Seat 5: db6d6c9a folded before Flop
Seat 6: e047bf6a folded before Flop
Seat 7: 2d8056d8 folded before Flop
Seat 8: a54ced66 folded before Flop


Poker Hand #TM5653284389: Tournament #267046848, Bounty Hunters Deepstack Turbo $8.88 Hold'em No Limit - Level18(1,750/3,500(500)) - 2026/03/02 16:37:02
Table '72' 8-max Seat #8 is the button
Seat 1: Hero (149,501 in chips)
Seat 2: ad78b5d (76,940 in chips)
Seat 3: 5f8a2c5d (117,146 in chips)
Seat 4: a2fc914a (226,846 in chips)
Seat 5: db6d6c9a (87,362 in chips)
Seat 6: e047bf6a (166,509 in chips)
Seat 7: 2d8056d8 (59,746 in chips)
Seat 8: a54ced66 (94,575 in chips)
e047bf6a: posts the ante 500
a54ced66: posts the ante 500
Hero: posts the ante 500
2d8056d8: posts the ante 500
db6d6c9a: posts the ante 500
5f8a2c5d: posts the ante 500
ad78b5d: posts the ante 500
a2fc914a: posts the ante 500
Hero: posts small blind 1,750
ad78b5d: posts big blind 3,500
*** HOLE CARDS ***
Dealt to Hero [Js 2s]
Dealt to ad78b5d 
Dealt to 5f8a2c5d 
Dealt to a2fc914a 
Dealt to db6d6c9a 
Dealt to e047bf6a 
Dealt to 2d8056d8 
Dealt to a54ced66 
5f8a2c5d: folds
a2fc914a: folds
db6d6c9a: raises 3,500 to 7,000
e047bf6a: folds
2d8056d8: folds
a54ced66: folds
Hero: folds
ad78b5d: calls 3,500
*** FLOP *** [Tc 8d Kc]
ad78b5d: checks
db6d6c9a: bets 9,875
ad78b5d: folds
Uncalled bet (9,875) returned to db6d6c9a
*** SHOWDOWN ***
db6d6c9a collected 19,750 from pot
*** SUMMARY ***
Total pot 19,750 | Rake 0 | Jackpot 0 | Bingo 0 | Fortune 0 | Tax 0
Board [Tc 8d Kc]
Seat 1: Hero (small blind) folded before Flop
Seat 2: ad78b5d (big blind) folded on the Flop
Seat 3: 5f8a2c5d folded before Flop
Seat 4: a2fc914a folded before Flop
Seat 5: db6d6c9a won (19,750)
Seat 6: e047bf6a folded before Flop
Seat 7: 2d8056d8 folded before Flop
Seat 8: a54ced66 (button) folded before Flop


Poker Hand #TM5653284381: Tournament #267046848, Bounty Hunters Deepstack Turbo $8.88 Hold'em No Limit - Level17(1,500/3,000(450)) - 2026/03/02 16:35:54
Table '72' 8-max Seat #7 is the button
Seat 1: Hero (126,551 in chips)
Seat 2: ad78b5d (77,390 in chips)
Seat 3: 5f8a2c5d (117,596 in chips)
Seat 4: a2fc914a (227,296 in chips)
Seat 5: db6d6c9a (87,812 in chips)
Seat 6: e047bf6a (166,959 in chips)
Seat 7: 2d8056d8 (60,196 in chips)
Seat 8: a54ced66 (114,825 in chips)
e047bf6a: posts the ante 450
a54ced66: posts the ante 450
Hero: posts the ante 450
2d8056d8: posts the ante 450
db6d6c9a: posts the ante 450
5f8a2c5d: posts the ante 450
ad78b5d: posts the ante 450
a2fc914a: posts the ante 450
a54ced66: posts small blind 1,500
Hero: posts big blind 3,000
*** HOLE CARDS ***
Dealt to Hero [Td 8d]
Dealt to ad78b5d 
Dealt to 5f8a2c5d 
Dealt to a2fc914a 
Dealt to db6d6c9a 
Dealt to e047bf6a 
Dealt to 2d8056d8 
Dealt to a54ced66 
ad78b5d: folds
5f8a2c5d: folds
a2fc914a: folds
db6d6c9a: folds
e047bf6a: folds
2d8056d8: folds
a54ced66: raises 6,000 to 9,000
Hero: calls 6,000
*** FLOP *** [5c 8s 3d]
a54ced66: bets 10,800
Hero: raises 106,301 to 117,101 and is all-in
a54ced66: folds
Uncalled bet (106,301) returned to Hero
*** SHOWDOWN ***
Hero collected 43,200 from pot
*** SUMMARY ***
Total pot 43,200 | Rake 0 | Jackpot 0 | Bingo 0 | Fortune 0 | Tax 0
Board [5c 8s 3d]
Seat 1: Hero (big blind) won (43,200)
Seat 2: ad78b5d folded before Flop
Seat 3: 5f8a2c5d folded before Flop
Seat 4: a2fc914a folded before Flop
Seat 5: db6d6c9a folded before Flop
Seat 6: e047bf6a folded before Flop
Seat 7: 2d8056d8 (button) folded before Flop
Seat 8: a54ced66 (small blind) folded on the Flop


Poker Hand #TM5653284374: Tournament #267046848, Bounty Hunters Deepstack Turbo $8.88 Hold'em No Limit - Level17(1,500/3,000(450)) - 2026/03/02 16:35:10
Table '72' 8-max Seat #6 is the button
Seat 1: Hero (115,901 in chips)
Seat 2: ad78b5d (77,840 in chips)
Seat 3: 5f8a2c5d (118,046 in chips)
Seat 4: a2fc914a (227,746 in chips)
Seat 5: db6d6c9a (88,262 in chips)
Seat 6: e047bf6a (167,409 in chips)
Seat 7: 2d8056d8 (62,146 in chips)
Seat 8: a54ced66 (121,275 in chips)
e047bf6a: posts the ante 450
a54ced66: posts the ante 450
Hero: posts the ante 450
db6d6c9a: posts the ante 450
2d8056d8: posts the ante 450
5f8a2c5d: posts the ante 450
ad78b5d: posts the ante 450
a2fc914a: posts the ante 450
2d8056d8: posts small blind 1,500
a54ced66: posts big blind 3,000
*** HOLE CARDS ***
Dealt to Hero [Kd Td]
Dealt to ad78b5d 
Dealt to 5f8a2c5d 
Dealt to a2fc914a 
Dealt to db6d6c9a 
Dealt to e047bf6a 
Dealt to 2d8056d8 
Dealt to a54ced66 
Hero: raises 3,000 to 6,000
ad78b5d: folds
5f8a2c5d: folds
a2fc914a: folds
db6d6c9a: folds
e047bf6a: folds
2d8056d8: folds
a54ced66: calls 3,000
*** FLOP *** [2c 2h Ts]
a54ced66: checks
Hero: bets 8,550
a54ced66: folds
Uncalled bet (8,550) returned to Hero
*** SHOWDOWN ***
Hero collected 17,100 from pot
*** SUMMARY ***
Total pot 17,100 | Rake 0 | Jackpot 0 | Bingo 0 | Fortune 0 | Tax 0
Board [2c 2h Ts]
Seat 1: Hero won (17,100)
Seat 2: ad78b5d folded before Flop
Seat 3: 5f8a2c5d folded before Flop
Seat 4: a2fc914a folded before Flop
Seat 5: db6d6c9a folded before Flop
Seat 6: e047bf6a (button) folded before Flop
Seat 7: 2d8056d8 (small blind) folded before Flop
Seat 8: a54ced66 (big blind) folded on the Flop


Poker Hand #TM5653284364: Tournament #267046848, Bounty Hunters Deepstack Turbo $8.88 Hold'em No Limit - Level17(1,500/3,000(450)) - 2026/03/02 16:33:59
Table '72' 8-max Seat #5 is the button
Seat 1: Hero (110,051 in chips)
Seat 2: ad78b5d (78,290 in chips)
Seat 3: 5f8a2c5d (118,496 in chips)
Seat 4: a2fc914a (234,196 in chips)
Seat 5: db6d6c9a (88,712 in chips)
Seat 6: e047bf6a (161,559 in chips)
Seat 7: 2d8056d8 (65,596 in chips)
Seat 8: a54ced66 (121,725 in chips)
e047bf6a: posts the ante 450
a54ced66: posts the ante 450
Hero: posts the ante 450
db6d6c9a: posts the ante 450
2d8056d8: posts the ante 450
5f8a2c5d: posts the ante 450
ad78b5d: posts the ante 450
a2fc914a: posts the ante 450
e047bf6a: posts small blind 1,500
2d8056d8: posts big blind 3,000
*** HOLE CARDS ***
Dealt to Hero [Qc Qd]
Dealt to ad78b5d 
Dealt to 5f8a2c5d 
Dealt to a2fc914a 
Dealt to db6d6c9a 
Dealt to e047bf6a 
Dealt to 2d8056d8 
Dealt to a54ced66 
a54ced66: folds
Hero: raises 3,000 to 6,000
ad78b5d: folds
5f8a2c5d: folds
a2fc914a: calls 6,000
db6d6c9a: folds
e047bf6a: raises 24,000 to 30,000
2d8056d8: folds
Hero: raises 79,601 to 109,601 and is all-in
a2fc914a: folds
e047bf6a: calls 79,601
Hero: shows [Qc Qd]
e047bf6a: shows [Qh Qs]
*** FLOP *** [Kc 5d Ad]
*** TURN *** [Kc 5d Ad] [3d]
*** RIVER *** [Kc 5d Ad 3d] [Kh]
*** SHOWDOWN ***
e047bf6a collected 115,901 from pot
Hero collected 115,901 from pot
*** SUMMARY ***
Total pot 231,802 | Rake 0 | Jackpot 0 | Bingo 0 | Fortune 0 | Tax 0
Board [Kc 5d Ad 3d Kh]
Seat 1: Hero showed [Qc Qd] and won (115,901) with two pair, Kings and Queens
Seat 2: ad78b5d folded before Flop
Seat 3: 5f8a2c5d folded before Flop
Seat 4: a2fc914a folded before Flop
Seat 5: db6d6c9a (button) folded before Flop
Seat 6: e047bf6a (small blind) showed [Qh Qs] and won (115,901) with two pair, Kings and Queens
Seat 7: 2d8056d8 (big blind) folded before Flop
Seat 8: a54ced66 folded before Flop


Poker Hand #TM5653284350: Tournament #267046848, Bounty Hunters Deepstack Turbo $8.88 Hold'em No Limit - Level17(1,500/3,000(450)) - 2026/03/02 16:32:08
Table '72' 8-max Seat #4 is the button
Seat 1: Hero (110,501 in chips)
Seat 2: ad78b5d (115,190 in chips)
Seat 3: 5f8a2c5d (118,946 in chips)
Seat 4: a2fc914a (234,646 in chips)
Seat 5: db6d6c9a (90,662 in chips)
Seat 6: e047bf6a (120,459 in chips)
Seat 7: 2d8056d8 (66,046 in chips)
Seat 8: a54ced66 (122,175 in chips)
e047bf6a: posts the ante 450
a54ced66: posts the ante 450
Hero: posts the ante 450
2d8056d8: posts the ante 450
db6d6c9a: posts the ante 450
5f8a2c5d: posts the ante 450
ad78b5d: posts the ante 450
a2fc914a: posts the ante 450
db6d6c9a: posts small blind 1,500
e047bf6a: posts big blind 3,000
*** HOLE CARDS ***
Dealt to Hero [7h Jc]
Dealt to ad78b5d 
Dealt to 5f8a2c5d 
Dealt to a2fc914a 
Dealt to db6d6c9a 
Dealt to e047bf6a 
Dealt to 2d8056d8 
Dealt to a54ced66 
2d8056d8: folds
a54ced66: folds
Hero: folds
ad78b5d: raises 4,200 to 7,200
5f8a2c5d: folds
a2fc914a: folds
db6d6c9a: folds
e047bf6a: calls 4,200
*** FLOP *** [Kh 5d Qd]
e047bf6a: checks
ad78b5d: bets 9,750
e047bf6a: calls 9,750
*** TURN *** [Kh 5d Qd] [Ac]
e047bf6a: checks
ad78b5d: bets 19,500
e047bf6a: calls 19,500
*** RIVER *** [Kh 5d Qd Ac] [5c]
e047bf6a: checks
ad78b5d: checks
e047bf6a: shows [Kd Th] (two pair, Kings and Fives)
ad78b5d: shows [4s 4d] (two pair, Fives and Fours)
*** SHOWDOWN ***
e047bf6a collected 78,000 from pot
*** SUMMARY ***
Total pot 78,000 | Rake 0 | Jackpot 0 | Bingo 0 | Fortune 0 | Tax 0
Board [Kh 5d Qd Ac 5c]
Seat 1: Hero folded before Flop
Seat 2: ad78b5d showed [4s 4d] and lost with two pair, Fives and Fours
Seat 3: 5f8a2c5d folded before Flop
Seat 4: a2fc914a (button) folded before Flop
Seat 5: db6d6c9a (small blind) folded before Flop
Seat 6: e047bf6a (big blind) showed [Kd Th] and won (78,000) with two pair, Kings and Fives
Seat 7: 2d8056d8 folded before Flop
Seat 8: a54ced66 folded before Flop


Poker Hand #TM5653284343: Tournament #267046848, Bounty Hunters Deepstack Turbo $8.88 Hold'em No Limit - Level17(1,500/3,000(450)) - 2026/03/02 16:31:29
Table '72' 8-max Seat #3 is the button
Seat 1: Hero (110,951 in chips)
Seat 2: ad78b5d (115,640 in chips)
Seat 3: 5f8a2c5d (111,296 in chips)
Seat 4: a2fc914a (236,596 in chips)
Seat 5: db6d6c9a (94,112 in chips)
Seat 6: e047bf6a (120,909 in chips)
Seat 7: 2d8056d8 (66,496 in chips)
Seat 8: a54ced66 (122,625 in chips)
e047bf6a: posts the ante 450
a54ced66: posts the ante 450
Hero: posts the ante 450
2d8056d8: posts the ante 450
db6d6c9a: posts the ante 450
5f8a2c5d: posts the ante 450
ad78b5d: posts the ante 450
a2fc914a: posts the ante 450
a2fc914a: posts small blind 1,500
db6d6c9a: posts big blind 3,000
*** HOLE CARDS ***
Dealt to Hero [Jd 2c]
Dealt to ad78b5d 
Dealt to 5f8a2c5d 
Dealt to a2fc914a 
Dealt to db6d6c9a 
Dealt to e047bf6a 
Dealt to 2d8056d8 
Dealt to a54ced66 
e047bf6a: folds
2d8056d8: folds
a54ced66: folds
Hero: folds
ad78b5d: folds
5f8a2c5d: raises 3,000 to 6,000
a2fc914a: folds
db6d6c9a: folds
Uncalled bet (3,000) returned to 5f8a2c5d
*** SHOWDOWN ***
5f8a2c5d collected 11,100 from pot
*** SUMMARY ***
Total pot 11,100 | Rake 0 | Jackpot 0 | Bingo 0 | Fortune 0 | Tax 0
Seat 1: Hero folded before Flop
Seat 2: ad78b5d folded before Flop
Seat 3: 5f8a2c5d (button) collected (11,100)
Seat 4: a2fc914a (small blind) folded before Flop
Seat 5: db6d6c9a (big blind) folded before Flop
Seat 6: e047bf6a folded before Flop
Seat 7: 2d8056d8 folded before Flop
Seat 8: a54ced66 folded before Flop


Poker Hand #TM5653284333: Tournament #267046848, Bounty Hunters Deepstack Turbo $8.88 Hold'em No Limit - Level16(1,250/2,500(350)) - 2026/03/02 16:30:21
Table '72' 8-max Seat #2 is the button
Seat 1: Hero (111,301 in chips)
Seat 2: ad78b5d (115,990 in chips)
Seat 3: 5f8a2c5d (112,896 in chips)
Seat 4: a2fc914a (239,446 in chips)
Seat 5: db6d6c9a (101,962 in chips)
Seat 6: e047bf6a (147,509 in chips)
Seat 7: 2d8056d8 (66,846 in chips)
Seat 8: a54ced66 (82,675 in chips)
e047bf6a: posts the ante 350
a54ced66: posts the ante 350
Hero: posts the ante 350
2d8056d8: posts the ante 350
db6d6c9a: posts the ante 350
5f8a2c5d: posts the ante 350
ad78b5d: posts the ante 350
a2fc914a: posts the ante 350
5f8a2c5d: posts small blind 1,250
a2fc914a: posts big blind 2,500
*** HOLE CARDS ***
Dealt to Hero [7d 2s]
Dealt to ad78b5d 
Dealt to 5f8a2c5d 
Dealt to a2fc914a 
Dealt to db6d6c9a 
Dealt to e047bf6a 
Dealt to 2d8056d8 
Dealt to a54ced66 
db6d6c9a: calls 2,500
e047bf6a: raises 5,000 to 7,500
2d8056d8: folds
a54ced66: calls 7,500
Hero: folds
ad78b5d: folds
5f8a2c5d: folds
a2fc914a: folds
db6d6c9a: calls 5,000
*** FLOP *** [Th Ah 8s]
db6d6c9a: checks
e047bf6a: bets 7,500
a54ced66: calls 7,500
db6d6c9a: folds
*** TURN *** [Th Ah 8s] [Kd]
e047bf6a: checks
a54ced66: checks
*** RIVER *** [Th Ah 8s Kd] [Ts]
e047bf6a: bets 11,250
a54ced66: raises 21,962 to 33,212
e047bf6a: folds
Uncalled bet (21,962) returned to a54ced66
*** SHOWDOWN ***
a54ced66 collected 66,550 from pot
*** SUMMARY ***
Total pot 66,550 | Rake 0 | Jackpot 0 | Bingo 0 | Fortune 0 | Tax 0
Board [Th Ah 8s Kd Ts]
Seat 1: Hero folded before Flop
Seat 2: ad78b5d (button) folded before Flop
Seat 3: 5f8a2c5d (small blind) folded before Flop
Seat 4: a2fc914a (big blind) folded before Flop
Seat 5: db6d6c9a folded on the Flop
Seat 6: e047bf6a folded on the River
Seat 7: 2d8056d8 folded before Flop
Seat 8: a54ced66 won (66,550)


Poker Hand #TM5653175606: Tournament #267046848, Bounty Hunters Deepstack Turbo $8.88 Hold'em No Limit - Level16(1,250/2,500(350)) - 2026/03/02 16:28:40
Table '23' 8-max Seat #2 is the button
Seat 1: 702a032c (980 in chips)
Seat 2: Hero (111,651 in chips)
Seat 3: 918b4d17 (75,504 in chips)
Seat 4: 3bf5c0f0 (288,496 in chips)
Seat 5: ffcf11d (55,930 in chips)
Seat 6: 4ed022fa (30,720 in chips)
Seat 7: b46627 (63,322 in chips)
Seat 8: 56eec1a1 (197,541 in chips)
918b4d17: posts the ante 350
56eec1a1: posts the ante 350
Hero: posts the ante 350
ffcf11d: posts the ante 350
b46627: posts the ante 350
3bf5c0f0: posts the ante 350
4ed022fa: posts the ante 350
702a032c: posts the ante 350
918b4d17: posts small blind 1,250
3bf5c0f0: posts big blind 2,500
*** HOLE CARDS ***
Dealt to 702a032c 
Dealt to Hero [3c 9h]
Dealt to 918b4d17 
Dealt to 3bf5c0f0 
Dealt to ffcf11d 
Dealt to 4ed022fa 
Dealt to b46627 
Dealt to 56eec1a1 
ffcf11d: raises 2,750 to 5,250
4ed022fa: raises 25,120 to 30,370 and is all-in
b46627: folds
56eec1a1: folds
702a032c: folds
Hero: folds
918b4d17: folds
3bf5c0f0: raises 25,120 to 55,490
ffcf11d: raises 90 to 55,580 and is all-in
3bf5c0f0: calls 90
ffcf11d: shows [Th Ac]
4ed022fa: shows [8c 8d]
3bf5c0f0: shows [Ts Qs]
*** FLOP *** [Qd 6s 5h]
*** TURN *** [Qd 6s 5h] [Jc]
*** RIVER *** [Qd 6s 5h Jc] [2h]
*** SHOWDOWN ***
3bf5c0f0 collected 95,160 from pot
3bf5c0f0 collected 50,420 from pot
*** SUMMARY ***
Total pot 145,580 | Rake 0 | Jackpot 0 | Bingo 0 | Fortune 0 | Tax 0
Board [Qd 6s 5h Jc 2h]
Seat 1: 702a032c folded before Flop
Seat 2: Hero (button) folded before Flop
Seat 3: 918b4d17 (small blind) folded before Flop
Seat 4: 3bf5c0f0 (big blind) showed [Ts Qs] and won (145,580) with a pair of Queens
Seat 5: ffcf11d showed [Th Ac] and lost with Ace high
Seat 6: 4ed022fa showed [8c 8d] and lost with a pair of Eights
Seat 7: b46627 folded before Flop
Seat 8: 56eec1a1 folded before Flop


Poker Hand #TM5653175602: Tournament #267046848, Bounty Hunters Deepstack Turbo $8.88 Hold'em No Limit - Level16(1,250/2,500(350)) - 2026/03/02 16:28:18
Table '23' 8-max Seat #1 is the button
Seat 1: 702a032c (1,330 in chips)
Seat 2: Hero (113,251 in chips)
Seat 3: 918b4d17 (78,354 in chips)
Seat 4: 3bf5c0f0 (282,296 in chips)
Seat 5: ffcf11d (56,280 in chips)
Seat 6: 4ed022fa (31,070 in chips)
Seat 7: b46627 (63,672 in chips)
Seat 8: 56eec1a1 (197,891 in chips)
918b4d17: posts the ante 350
56eec1a1: posts the ante 350
ffcf11d: posts the ante 350
Hero: posts the ante 350
b46627: posts the ante 350
3bf5c0f0: posts the ante 350
4ed022fa: posts the ante 350
702a032c: posts the ante 350
Hero: posts small blind 1,250
918b4d17: posts big blind 2,500
*** HOLE CARDS ***
Dealt to 702a032c 
Dealt to Hero [2d 5d]
Dealt to 918b4d17 
Dealt to 3bf5c0f0 
Dealt to ffcf11d 
Dealt to 4ed022fa 
Dealt to b46627 
Dealt to 56eec1a1 
3bf5c0f0: raises 5,000 to 7,500
ffcf11d: folds
4ed022fa: folds
b46627: folds
56eec1a1: folds
702a032c: folds
Hero: folds
918b4d17: folds
Uncalled bet (5,000) returned to 3bf5c0f0
*** SHOWDOWN ***
3bf5c0f0 collected 9,050 from pot
*** SUMMARY ***
Total pot 9,050 | Rake 0 | Jackpot 0 | Bingo 0 | Fortune 0 | Tax 0
Seat 1: 702a032c (button) folded before Flop
Seat 2: Hero (small blind) folded before Flop
Seat 3: 918b4d17 (big blind) folded before Flop
Seat 4: 3bf5c0f0 showed [8s 8h] and collected (9,050)
Seat 5: ffcf11d folded before Flop
Seat 6: 4ed022fa folded before Flop
Seat 7: b46627 folded before Flop
Seat 8: 56eec1a1 folded before Flop


Poker Hand #TM5653175590: Tournament #267046848, Bounty Hunters Deepstack Turbo $8.88 Hold'em No Limit - Level16(1,250/2,500(350)) - 2026/03/02 16:27:04
Table '23' 8-max Seat #8 is the button
Seat 1: 702a032c (2,930 in chips)
Seat 2: Hero (137,400 in chips)
Seat 3: 918b4d17 (78,704 in chips)
Seat 4: 3bf5c0f0 (254,797 in chips)
Seat 5: ffcf11d (56,630 in chips)
Seat 6: 4ed022fa (31,420 in chips)
Seat 7: b46627 (64,022 in chips)
Seat 8: 56eec1a1 (198,241 in chips)
918b4d17: posts the ante 350
56eec1a1: posts the ante 350
ffcf11d: posts the ante 350
Hero: posts the ante 350
b46627: posts the ante 350
3bf5c0f0: posts the ante 350
4ed022fa: posts the ante 350
702a032c: posts the ante 350
702a032c: posts small blind 1,250
Hero: posts big blind 2,500
*** HOLE CARDS ***
Dealt to 702a032c 
Dealt to Hero [Kc 2d]
Dealt to 918b4d17 
Dealt to 3bf5c0f0 
Dealt to ffcf11d 
Dealt to 4ed022fa 
Dealt to b46627 
Dealt to 56eec1a1 
918b4d17: folds
3bf5c0f0: raises 2,500 to 5,000
ffcf11d: folds
4ed022fa: folds
b46627: folds
56eec1a1: folds
702a032c: folds
Hero: calls 2,500
*** FLOP *** [Kh 5h 5s]
Hero: checks
3bf5c0f0: checks
*** TURN *** [Kh 5h 5s] [8d]
Hero: bets 4,637
3bf5c0f0: calls 4,637
*** RIVER *** [Kh 5h 5s 8d] [8h]
Hero: bets 14,162
3bf5c0f0: calls 14,162
Hero: shows [Kc 2d] (two pair, Kings and Eights)
3bf5c0f0: shows [Ks Qd] (two pair, Kings and Eights)
*** SHOWDOWN ***
3bf5c0f0 collected 51,648 from pot
*** SUMMARY ***
Total pot 51,648 | Rake 0 | Jackpot 0 | Bingo 0 | Fortune 0 | Tax 0
Board [Kh 5h 5s 8d 8h]
Seat 1: 702a032c (small blind) folded before Flop
Seat 2: Hero (big blind) showed [Kc 2d] and lost with two pair, Kings and Eights
Seat 3: 918b4d17 folded before Flop
Seat 4: 3bf5c0f0 showed [Ks Qd] and won (51,648) with two pair, Kings and Eights
Seat 5: ffcf11d folded before Flop
Seat 6: 4ed022fa folded before Flop
Seat 7: b46627 folded before Flop
Seat 8: 56eec1a1 (button) folded before Flop


Poker Hand #TM5653175584: Tournament #267046848, Bounty Hunters Deepstack Turbo $8.88 Hold'em No Limit - Level16(1,250/2,500(350)) - 2026/03/02 16:26:36
Table '23' 8-max Seat #7 is the button
Seat 1: 702a032c (5,780 in chips)
Seat 2: Hero (137,750 in chips)
Seat 3: 918b4d17 (79,054 in chips)
Seat 5: ffcf11d (56,980 in chips)
Seat 6: 4ed022fa (31,770 in chips)
Seat 7: b46627 (58,172 in chips)
Seat 8: 56eec1a1 (199,841 in chips)
918b4d17: posts the ante 350
56eec1a1: posts the ante 350
ffcf11d: posts the ante 350
Hero: posts the ante 350
b46627: posts the ante 350
4ed022fa: posts the ante 350
702a032c: posts the ante 350
56eec1a1: posts small blind 1,250
702a032c: posts big blind 2,500
*** HOLE CARDS ***
Dealt to 702a032c 
Dealt to Hero [4c 3c]
Dealt to 918b4d17 
Dealt to ffcf11d 
Dealt to 4ed022fa 
Dealt to b46627 
Dealt to 56eec1a1 
Hero: folds
918b4d17: folds
ffcf11d: folds
4ed022fa: folds
b46627: raises 2,500 to 5,000
56eec1a1: folds
702a032c: folds
Uncalled bet (2,500) returned to b46627
*** SHOWDOWN ***
b46627 collected 8,700 from pot
*** SUMMARY ***
Total pot 8,700 | Rake 0 | Jackpot 0 | Bingo 0 | Fortune 0 | Tax 0
Seat 1: 702a032c (big blind) folded before Flop
Seat 2: Hero folded before Flop
Seat 3: 918b4d17 folded before Flop
Seat 5: ffcf11d folded before Flop
Seat 6: 4ed022fa folded before Flop
Seat 7: b46627 (button) collected (8,700)
Seat 8: 56eec1a1 (small blind) folded before Flop


Poker Hand #TM5653175575: Tournament #267046848, Bounty Hunters Deepstack Turbo $8.88 Hold'em No Limit - Level15(1,000/2,000(300)) - 2026/03/02 16:25:39
Table '23' 8-max Seat #6 is the button
Seat 1: 702a032c (6,080 in chips)
Seat 2: Hero (138,050 in chips)
Seat 3: 918b4d17 (79,354 in chips)
Seat 4: 36fbe993 (87,008 in chips)
Seat 5: ffcf11d (18,160 in chips)
Seat 6: 4ed022fa (32,070 in chips)
Seat 7: b46627 (59,472 in chips)
Seat 8: 56eec1a1 (149,153 in chips)
918b4d17: posts the ante 300
56eec1a1: posts the ante 300
ffcf11d: posts the ante 300
36fbe993: posts the ante 300
Hero: posts the ante 300
b46627: posts the ante 300
4ed022fa: posts the ante 300
702a032c: posts the ante 300
b46627: posts small blind 1,000
56eec1a1: posts big blind 2,000
*** HOLE CARDS ***
Dealt to 702a032c 
Dealt to Hero [7d Qd]
Dealt to 918b4d17 
Dealt to 36fbe993 
Dealt to ffcf11d 
Dealt to 4ed022fa 
Dealt to b46627 
Dealt to 56eec1a1 
702a032c: folds
Hero: folds
918b4d17: folds
36fbe993: raises 4,000 to 6,000
ffcf11d: raises 11,860 to 17,860 and is all-in
4ed022fa: folds
b46627: folds
56eec1a1: raises 130,993 to 148,853 and is all-in
36fbe993: calls 80,708 and is all-in
Uncalled bet (62,145) returned to 56eec1a1
56eec1a1: shows [Qs Qh]
36fbe993: shows [9h 9c]
ffcf11d: shows [Kc Ks]
*** FLOP *** [Jd Tc 5h]
*** TURN *** [Jd Tc 5h] [Th]
*** RIVER *** [Jd Tc 5h Th] [8h]
*** SHOWDOWN ***
ffcf11d collected 56,980 from pot
56eec1a1 collected 137,696 from pot
*** SUMMARY ***
Total pot 194,676 | Rake 0 | Jackpot 0 | Bingo 0 | Fortune 0 | Tax 0
Board [Jd Tc 5h Th 8h]
Seat 1: 702a032c folded before Flop
Seat 2: Hero folded before Flop
Seat 3: 918b4d17 folded before Flop
Seat 4: 36fbe993 showed [9h 9c] and lost with two pair, Tens and Nines
Seat 5: ffcf11d showed [Kc Ks] and won (56,980) with two pair, Kings and Tens
Seat 6: 4ed022fa (button) folded before Flop
Seat 7: b46627 (small blind) folded before Flop
Seat 8: 56eec1a1 (big blind) showed [Qs Qh] and won (137,696) with two pair, Queens and Tens


Poker Hand #TM5653175562: Tournament #267046848, Bounty Hunters Deepstack Turbo $8.88 Hold'em No Limit - Level15(1,000/2,000(300)) - 2026/03/02 16:24:22
Table '23' 8-max Seat #5 is the button
Seat 1: 702a032c (6,380 in chips)
Seat 2: Hero (117,726 in chips)
Seat 3: 918b4d17 (79,654 in chips)
Seat 4: 36fbe993 (87,308 in chips)
Seat 5: ffcf11d (18,460 in chips)
Seat 6: 4ed022fa (33,370 in chips)
Seat 7: b46627 (76,996 in chips)
Seat 8: 56eec1a1 (149,453 in chips)
918b4d17: posts the ante 300
56eec1a1: posts the ante 300
ffcf11d: posts the ante 300
36fbe993: posts the ante 300
Hero: posts the ante 300
b46627: posts the ante 300
4ed022fa: posts the ante 300
702a032c: posts the ante 300
4ed022fa: posts small blind 1,000
b46627: posts big blind 2,000
*** HOLE CARDS ***
Dealt to 702a032c 
Dealt to Hero [Ac Ks]
Dealt to 918b4d17 
Dealt to 36fbe993 
Dealt to ffcf11d 
Dealt to 4ed022fa 
Dealt to b46627 
Dealt to 56eec1a1 
56eec1a1: folds
702a032c: folds
Hero: raises 2,000 to 4,000
918b4d17: folds
36fbe993: folds
ffcf11d: folds
4ed022fa: folds
b46627: calls 2,000
*** FLOP *** [Kc Ad 4c]
b46627: checks
Hero: bets 3,762
b46627: calls 3,762
*** TURN *** [Kc Ad 4c] [8d]
b46627: checks
Hero: bets 9,462
b46627: calls 9,462
*** RIVER *** [Kc Ad 4c 8d] [Jc]
b46627: checks
Hero: checks
b46627: shows [9d Kd] (a pair of Kings)
Hero: shows [Ac Ks] (two pair, Aces and Kings)
ffcf11d: shows [Tc 3c] (a flush King high)
b46627: shows [9d Kd] (a pair of Kings)
Hero: shows [Ac Ks] (two pair, Aces and Kings)
*** SHOWDOWN ***
Hero collected 37,848 from pot
*** SUMMARY ***
Total pot 37,848 | Rake 0 | Jackpot 0 | Bingo 0 | Fortune 0 | Tax 0
Board [Kc Ad 4c 8d Jc]
Seat 1: 702a032c folded before Flop
Seat 2: Hero showed [Ac Ks] and won (37,848) with two pair, Aces and Kings
Seat 3: 918b4d17 folded before Flop
Seat 4: 36fbe993 folded before Flop
Seat 5: ffcf11d (button) folded before Flop
Seat 6: 4ed022fa (small blind) folded before Flop
Seat 7: b46627 (big blind) showed [9d Kd] and lost with a pair of Kings
Seat 8: 56eec1a1 folded before Flop


Poker Hand #TM5653175556: Tournament #267046848, Bounty Hunters Deepstack Turbo $8.88 Hold'em No Limit - Level15(1,000/2,000(300)) - 2026/03/02 16:23:45
Table '23' 8-max Seat #4 is the button
Seat 1: 702a032c (6,680 in chips)
Seat 2: Hero (118,026 in chips)
Seat 3: 918b4d17 (79,954 in chips)
Seat 4: 36fbe993 (80,208 in chips)
Seat 5: ffcf11d (19,760 in chips)
Seat 6: 4ed022fa (37,670 in chips)
Seat 7: b46627 (77,296 in chips)
Seat 8: 56eec1a1 (149,753 in chips)
918b4d17: posts the ante 300
56eec1a1: posts the ante 300
36fbe993: posts the ante 300
Hero: posts the ante 300
ffcf11d: posts the ante 300
b46627: posts the ante 300
4ed022fa: posts the ante 300
702a032c: posts the ante 300
ffcf11d: posts small blind 1,000
4ed022fa: posts big blind 2,000
*** HOLE CARDS ***
Dealt to 702a032c 
Dealt to Hero [3d 4h]
Dealt to 918b4d17 
Dealt to 36fbe993 
Dealt to ffcf11d 
Dealt to 4ed022fa 
Dealt to b46627 
Dealt to 56eec1a1 
b46627: folds
56eec1a1: folds
702a032c: folds
Hero: folds
918b4d17: folds
36fbe993: raises 2,000 to 4,000
ffcf11d: folds
4ed022fa: calls 2,000
*** FLOP *** [Th Ks Ts]
4ed022fa: checks
36fbe993: bets 8,550
4ed022fa: folds
Uncalled bet (8,550) returned to 36fbe993
*** SHOWDOWN ***
36fbe993 collected 11,400 from pot
*** SUMMARY ***
Total pot 11,400 | Rake 0 | Jackpot 0 | Bingo 0 | Fortune 0 | Tax 0
Board [Th Ks Ts]
Seat 1: 702a032c folded before Flop
Seat 2: Hero folded before Flop
Seat 3: 918b4d17 folded before Flop
Seat 4: 36fbe993 (button) won (11,400)
Seat 5: ffcf11d (small blind) folded before Flop
Seat 6: 4ed022fa (big blind) folded on the Flop
Seat 7: b46627 folded before Flop
Seat 8: 56eec1a1 folded before Flop


Poker Hand #TM5653175548: Tournament #267046848, Bounty Hunters Deepstack Turbo $8.88 Hold'em No Limit - Level15(1,000/2,000(300)) - 2026/03/02 16:22:59
Table '23' 8-max Seat #3 is the button
Seat 1: 702a032c (6,980 in chips)
Seat 2: Hero (118,326 in chips)
Seat 3: 918b4d17 (80,254 in chips)
Seat 4: 36fbe993 (81,508 in chips)
Seat 5: ffcf11d (8,480 in chips)
Seat 6: 4ed022fa (37,970 in chips)
Seat 7: b46627 (85,776 in chips)
Seat 8: 56eec1a1 (150,053 in chips)
918b4d17: posts the ante 300
56eec1a1: posts the ante 300
Hero: posts the ante 300
ffcf11d: posts the ante 300
36fbe993: posts the ante 300
b46627: posts the ante 300
4ed022fa: posts the ante 300
702a032c: posts the ante 300
36fbe993: posts small blind 1,000
ffcf11d: posts big blind 2,000
*** HOLE CARDS ***
Dealt to 702a032c 
Dealt to Hero [5c Qh]
Dealt to 918b4d17 
Dealt to 36fbe993 
Dealt to ffcf11d 
Dealt to 4ed022fa 
Dealt to b46627 
Dealt to 56eec1a1 
4ed022fa: folds
b46627: raises 2,000 to 4,000
56eec1a1: folds
702a032c: folds
Hero: folds
918b4d17: folds
36fbe993: folds
ffcf11d: raises 4,180 to 8,180 and is all-in
b46627: calls 4,180
ffcf11d: shows [As Td]
b46627: shows [5d Ah]
*** FLOP *** [Ks 8c 8d]
*** TURN *** [Ks 8c 8d] [9h]
*** RIVER *** [Ks 8c 8d 9h] [3c]
*** SHOWDOWN ***
ffcf11d collected 19,760 from pot
*** SUMMARY ***
Total pot 19,760 | Rake 0 | Jackpot 0 | Bingo 0 | Fortune 0 | Tax 0
Board [Ks 8c 8d 9h 3c]
Seat 1: 702a032c folded before Flop
Seat 2: Hero folded before Flop
Seat 3: 918b4d17 (button) folded before Flop
Seat 4: 36fbe993 (small blind) folded before Flop
Seat 5: ffcf11d (big blind) showed [As Td] and won (19,760) with a pair of Eights
Seat 6: 4ed022fa folded before Flop
Seat 7: b46627 showed [5d Ah] and lost with a pair of Eights
Seat 8: 56eec1a1 folded before Flop


Poker Hand #TM5653175541: Tournament #267046848, Bounty Hunters Deepstack Turbo $8.88 Hold'em No Limit - Level15(1,000/2,000(300)) - 2026/03/02 16:22:23
Table '23' 8-max Seat #2 is the button
Seat 1: 702a032c (7,280 in chips)
Seat 2: Hero (118,626 in chips)
Seat 3: 918b4d17 (68,154 in chips)
Seat 4: 36fbe993 (83,808 in chips)
Seat 5: ffcf11d (8,780 in chips)
Seat 6: 4ed022fa (42,270 in chips)
Seat 7: b46627 (86,076 in chips)
Seat 8: 56eec1a1 (154,353 in chips)
918b4d17: posts the ante 300
56eec1a1: posts the ante 300
Hero: posts the ante 300
ffcf11d: posts the ante 300
36fbe993: posts the ante 300
b46627: posts the ante 300
4ed022fa: posts the ante 300
702a032c: posts the ante 300
918b4d17: posts small blind 1,000
36fbe993: posts big blind 2,000
*** HOLE CARDS ***
Dealt to 702a032c 
Dealt to Hero [9d 4s]
Dealt to 918b4d17 
Dealt to 36fbe993 
Dealt to ffcf11d 
Dealt to 4ed022fa 
Dealt to b46627 
Dealt to 56eec1a1 
ffcf11d: folds
4ed022fa: raises 2,000 to 4,000
b46627: folds
56eec1a1: calls 4,000
702a032c: folds
Hero: folds
918b4d17: raises 63,854 to 67,854 and is all-in
36fbe993: folds
4ed022fa: folds
56eec1a1: folds
Uncalled bet (63,854) returned to 918b4d17
*** SHOWDOWN ***
918b4d17 collected 16,400 from pot
*** SUMMARY ***
Total pot 16,400 | Rake 0 | Jackpot 0 | Bingo 0 | Fortune 0 | Tax 0
Seat 1: 702a032c folded before Flop
Seat 2: Hero (button) folded before Flop
Seat 3: 918b4d17 (small blind) collected (16,400)
Seat 4: 36fbe993 (big blind) folded before Flop
Seat 5: ffcf11d folded before Flop
Seat 6: 4ed022fa folded before Flop
Seat 7: b46627 folded before Flop
Seat 8: 56eec1a1 folded before Flop


Poker Hand #TM5653175534: Tournament #267046848, Bounty Hunters Deepstack Turbo $8.88 Hold'em No Limit - Level15(1,000/2,000(300)) - 2026/03/02 16:21:26
Table '23' 8-max Seat #1 is the button
Seat 1: 702a032c (7,580 in chips)
Seat 2: Hero (119,926 in chips)
Seat 3: 918b4d17 (48,208 in chips)
Seat 4: 36fbe993 (84,108 in chips)
Seat 5: ffcf11d (9,080 in chips)
Seat 6: 4ed022fa (42,570 in chips)
Seat 7: b46627 (86,376 in chips)
Seat 8: 56eec1a1 (171,499 in chips)
918b4d17: posts the ante 300
56eec1a1: posts the ante 300
ffcf11d: posts the ante 300
36fbe993: posts the ante 300
Hero: posts the ante 300
b46627: posts the ante 300
4ed022fa: posts the ante 300
702a032c: posts the ante 300
Hero: posts small blind 1,000
918b4d17: posts big blind 2,000
*** HOLE CARDS ***
Dealt to 702a032c 
Dealt to Hero [4h 8s]
Dealt to 918b4d17 
Dealt to 36fbe993 
Dealt to ffcf11d 
Dealt to 4ed022fa 
Dealt to b46627 
Dealt to 56eec1a1 
36fbe993: folds
ffcf11d: folds
4ed022fa: folds
b46627: folds
56eec1a1: raises 2,000 to 4,000
702a032c: folds
Hero: folds
918b4d17: calls 2,000
*** FLOP *** [7s 4s Ac]
918b4d17: checks
56eec1a1: bets 3,762
918b4d17: calls 3,762
*** TURN *** [7s 4s Ac] [7h]
918b4d17: checks
56eec1a1: checks
*** RIVER *** [7s 4s Ac 7h] [5d]
918b4d17: bets 9,084
56eec1a1: calls 9,084
918b4d17: shows [9c Ad] (two pair, Aces and Sevens)
56eec1a1: shows [6c Ah] (two pair, Aces and Sevens)
*** SHOWDOWN ***
918b4d17 collected 37,092 from pot
*** SUMMARY ***
Total pot 37,092 | Rake 0 | Jackpot 0 | Bingo 0 | Fortune 0 | Tax 0
Board [7s 4s Ac 7h 5d]
Seat 1: 702a032c (button) folded before Flop
Seat 2: Hero (small blind) folded before Flop
Seat 3: 918b4d17 (big blind) showed [9c Ad] and won (37,092) with two pair, Aces and Sevens
Seat 4: 36fbe993 folded before Flop
Seat 5: ffcf11d folded before Flop
Seat 6: 4ed022fa folded before Flop
Seat 7: b46627 folded before Flop
Seat 8: 56eec1a1 showed [6c Ah] and lost with two pair, Aces and Sevens


Poker Hand #TM5653175529: Tournament #267046848, Bounty Hunters Deepstack Turbo $8.88 Hold'em No Limit - Level14(750/1,500(200)) - 2026/03/02 16:20:56
Table '23' 8-max Seat #8 is the button
Seat 1: 702a032c (8,530 in chips)
Seat 2: Hero (123,126 in chips)
Seat 3: 918b4d17 (48,408 in chips)
Seat 4: 36fbe993 (84,308 in chips)
Seat 5: ffcf11d (9,280 in chips)
Seat 6: 4ed022fa (42,770 in chips)
Seat 7: b46627 (81,226 in chips)
Seat 8: 56eec1a1 (171,699 in chips)
918b4d17: posts the ante 200
56eec1a1: posts the ante 200
ffcf11d: posts the ante 200
36fbe993: posts the ante 200
Hero: posts the ante 200
b46627: posts the ante 200
4ed022fa: posts the ante 200
702a032c: posts the ante 200
702a032c: posts small blind 750
Hero: posts big blind 1,500
*** HOLE CARDS ***
Dealt to 702a032c 
Dealt to Hero [8h 9s]
Dealt to 918b4d17 
Dealt to 36fbe993 
Dealt to ffcf11d 
Dealt to 4ed022fa 
Dealt to b46627 
Dealt to 56eec1a1 
918b4d17: folds
36fbe993: folds
ffcf11d: folds
4ed022fa: folds
b46627: raises 1,500 to 3,000
56eec1a1: folds
702a032c: folds
Hero: calls 1,500
*** FLOP *** [As Jc Js]
Hero: checks
b46627: bets 2,250
Hero: folds
Uncalled bet (2,250) returned to b46627
*** SHOWDOWN ***
b46627 collected 8,350 from pot
*** SUMMARY ***
Total pot 8,350 | Rake 0 | Jackpot 0 | Bingo 0 | Fortune 0 | Tax 0
Board [As Jc Js]
Seat 1: 702a032c (small blind) folded before Flop
Seat 2: Hero (big blind) folded on the Flop
Seat 3: 918b4d17 folded before Flop
Seat 4: 36fbe993 folded before Flop
Seat 5: ffcf11d folded before Flop
Seat 6: 4ed022fa folded before Flop
Seat 7: b46627 won (8,350)
Seat 8: 56eec1a1 (button) folded before Flop


Poker Hand #TM5653175522: Tournament #267046848, Bounty Hunters Deepstack Turbo $8.88 Hold'em No Limit - Level14(750/1,500(200)) - 2026/03/02 16:20:29
Table '23' 8-max Seat #7 is the button
Seat 1: 702a032c (10,230 in chips)
Seat 2: Hero (123,326 in chips)
Seat 3: 918b4d17 (48,608 in chips)
Seat 4: 36fbe993 (87,508 in chips)
Seat 6: 4ed022fa (42,970 in chips)
Seat 7: b46627 (74,776 in chips)
Seat 8: 56eec1a1 (172,649 in chips)
918b4d17: posts the ante 200
56eec1a1: posts the ante 200
36fbe993: posts the ante 200
Hero: posts the ante 200
b46627: posts the ante 200
4ed022fa: posts the ante 200
702a032c: posts the ante 200
56eec1a1: posts small blind 750
702a032c: posts big blind 1,500
*** HOLE CARDS ***
Dealt to 702a032c 
Dealt to Hero [5h Ac]
Dealt to 918b4d17 
Dealt to 36fbe993 
Dealt to 4ed022fa 
Dealt to b46627 
Dealt to 56eec1a1 
Hero: folds
918b4d17: folds
36fbe993: raises 1,500 to 3,000
4ed022fa: folds
b46627: raises 15,000 to 18,000
56eec1a1: folds
702a032c: folds
36fbe993: folds
Uncalled bet (15,000) returned to b46627
*** SHOWDOWN ***
b46627 collected 9,650 from pot
*** SUMMARY ***
Total pot 9,650 | Rake 0 | Jackpot 0 | Bingo 0 | Fortune 0 | Tax 0
Seat 1: 702a032c (big blind) folded before Flop
Seat 2: Hero folded before Flop
Seat 3: 918b4d17 folded before Flop
Seat 4: 36fbe993 folded before Flop
Seat 6: 4ed022fa folded before Flop
Seat 7: b46627 (button) collected (9,650)
Seat 8: 56eec1a1 (small blind) folded before Flop


Poker Hand #TM5653175511: Tournament #267046848, Bounty Hunters Deepstack Turbo $8.88 Hold'em No Limit - Level14(750/1,500(200)) - 2026/03/02 16:19:40
Table '23' 8-max Seat #6 is the button
Seat 1: 702a032c (10,430 in chips)
Seat 2: Hero (123,526 in chips)
Seat 3: 918b4d17 (48,808 in chips)
Seat 4: 36fbe993 (87,708 in chips)
Seat 5: c1202862 (16,950 in chips)
Seat 6: 4ed022fa (43,170 in chips)
Seat 7: b46627 (75,726 in chips)
Seat 8: 56eec1a1 (153,749 in chips)
918b4d17: posts the ante 200
56eec1a1: posts the ante 200
36fbe993: posts the ante 200
Hero: posts the ante 200
b46627: posts the ante 200
4ed022fa: posts the ante 200
c1202862: posts the ante 200
702a032c: posts the ante 200
b46627: posts small blind 750
56eec1a1: posts big blind 1,500
*** HOLE CARDS ***
Dealt to 702a032c 
Dealt to Hero [7d 4c]
Dealt to 918b4d17 
Dealt to 36fbe993 
Dealt to c1202862 
Dealt to 4ed022fa 
Dealt to b46627 
Dealt to 56eec1a1 
702a032c: folds
Hero: folds
918b4d17: folds
36fbe993: folds
c1202862: raises 15,250 to 16,750 and is all-in
4ed022fa: folds
b46627: folds
56eec1a1: calls 15,250
c1202862: shows [Qh Jc]
56eec1a1: shows [Kh 6h]
*** FLOP *** [9h 4d 9s]
*** TURN *** [9h 4d 9s] [9c]
*** RIVER *** [9h 4d 9s 9c] [As]
*** SHOWDOWN ***
56eec1a1 collected 35,850 from pot
*** SUMMARY ***
Total pot 35,850 | Rake 0 | Jackpot 0 | Bingo 0 | Fortune 0 | Tax 0
Board [9h 4d 9s 9c As]
Seat 1: 702a032c folded before Flop
Seat 2: Hero folded before Flop
Seat 3: 918b4d17 folded before Flop
Seat 4: 36fbe993 folded before Flop
Seat 5: c1202862 showed [Qh Jc] and lost with three of a kind, Nines
Seat 6: 4ed022fa (button) folded before Flop
Seat 7: b46627 (small blind) folded before Flop
Seat 8: 56eec1a1 (big blind) showed [Kh 6h] and won (35,850) with three of a kind, Nines


Poker Hand #TM5653175502: Tournament #267046848, Bounty Hunters Deepstack Turbo $8.88 Hold'em No Limit - Level14(750/1,500(200)) - 2026/03/02 16:18:59
Table '23' 8-max Seat #5 is the button
Seat 1: 702a032c (10,630 in chips)
Seat 2: Hero (123,726 in chips)
Seat 3: 918b4d17 (49,008 in chips)
Seat 4: 36fbe993 (78,808 in chips)
Seat 5: c1202862 (17,150 in chips)
Seat 6: 4ed022fa (49,370 in chips)
Seat 7: b46627 (77,426 in chips)
Seat 8: 56eec1a1 (153,949 in chips)
918b4d17: posts the ante 200
56eec1a1: posts the ante 200
36fbe993: posts the ante 200
Hero: posts the ante 200
b46627: posts the ante 200
c1202862: posts the ante 200
4ed022fa: posts the ante 200
702a032c: posts the ante 200
4ed022fa: posts small blind 750
b46627: posts big blind 1,500
*** HOLE CARDS ***
Dealt to 702a032c 
Dealt to Hero [Jh 3s]
Dealt to 918b4d17 
Dealt to 36fbe993 
Dealt to c1202862 
Dealt to 4ed022fa 
Dealt to b46627 
Dealt to 56eec1a1 
56eec1a1: folds
702a032c: folds
Hero: folds
918b4d17: folds
36fbe993: raises 4,500 to 6,000
c1202862: folds
4ed022fa: calls 5,250
b46627: folds
*** FLOP *** [Th Qc 2s]
4ed022fa: checks
36fbe993: checks
*** TURN *** [Th Qc 2s] [9c]
4ed022fa: checks
36fbe993: bets 15,100
4ed022fa: folds
Uncalled bet (15,100) returned to 36fbe993
*** SHOWDOWN ***
36fbe993 collected 15,100 from pot
*** SUMMARY ***
Total pot 15,100 | Rake 0 | Jackpot 0 | Bingo 0 | Fortune 0 | Tax 0
Board [Th Qc 2s 9c]
Seat 1: 702a032c folded before Flop
Seat 2: Hero folded before Flop
Seat 3: 918b4d17 folded before Flop
Seat 4: 36fbe993 won (15,100)
Seat 5: c1202862 (button) folded before Flop
Seat 6: 4ed022fa (small blind) folded on the Turn
Seat 7: b46627 (big blind) folded before Flop
Seat 8: 56eec1a1 folded before Flop


Poker Hand #TM5653175492: Tournament #267046848, Bounty Hunters Deepstack Turbo $8.88 Hold'em No Limit - Level14(750/1,500(200)) - 2026/03/02 16:18:10
Table '23' 8-max Seat #4 is the button
Seat 1: 702a032c (10,830 in chips)
Seat 2: Hero (123,926 in chips)
Seat 3: 918b4d17 (49,208 in chips)
Seat 4: 36fbe993 (85,259 in chips)
Seat 5: c1202862 (18,100 in chips)
Seat 6: 4ed022fa (51,070 in chips)
Seat 7: b46627 (77,626 in chips)
Seat 8: 56eec1a1 (144,048 in chips)
918b4d17: posts the ante 200
56eec1a1: posts the ante 200
36fbe993: posts the ante 200
Hero: posts the ante 200
b46627: posts the ante 200
4ed022fa: posts the ante 200
c1202862: posts the ante 200
702a032c: posts the ante 200
c1202862: posts small blind 750
4ed022fa: posts big blind 1,500
*** HOLE CARDS ***
Dealt to 702a032c 
Dealt to Hero [Td 6c]
Dealt to 918b4d17 
Dealt to 36fbe993 
Dealt to c1202862 
Dealt to 4ed022fa 
Dealt to b46627 
Dealt to 56eec1a1 
b46627: folds
56eec1a1: raises 1,500 to 3,000
702a032c: folds
Hero: folds
918b4d17: folds
36fbe993: calls 3,000
c1202862: folds
4ed022fa: folds
*** FLOP *** [9s 8s 9d]
56eec1a1: bets 3,251
36fbe993: calls 3,251
*** TURN *** [9s 8s 9d] [Tc]
56eec1a1: bets 10,500
36fbe993: folds
Uncalled bet (10,500) returned to 56eec1a1
*** SHOWDOWN ***
56eec1a1 collected 16,352 from pot
*** SUMMARY ***
Total pot 16,352 | Rake 0 | Jackpot 0 | Bingo 0 | Fortune 0 | Tax 0
Board [9s 8s 9d Tc]
Seat 1: 702a032c folded before Flop
Seat 2: Hero folded before Flop
Seat 3: 918b4d17 folded before Flop
Seat 4: 36fbe993 (button) folded on the Turn
Seat 5: c1202862 (small blind) folded before Flop
Seat 6: 4ed022fa (big blind) folded before Flop
Seat 7: b46627 folded before Flop
Seat 8: 56eec1a1 won (16,352)


Poker Hand #TM5653175483: Tournament #267046848, Bounty Hunters Deepstack Turbo $8.88 Hold'em No Limit - Level14(750/1,500(200)) - 2026/03/02 16:17:35
Table '23' 8-max Seat #3 is the button
Seat 1: 702a032c (11,030 in chips)
Seat 2: Hero (118,776 in chips)
Seat 3: 918b4d17 (49,408 in chips)
Seat 4: 36fbe993 (86,209 in chips)
Seat 5: c1202862 (19,800 in chips)
Seat 6: 4ed022fa (52,770 in chips)
Seat 7: b46627 (77,826 in chips)
Seat 8: 56eec1a1 (144,248 in chips)
918b4d17: posts the ante 200
56eec1a1: posts the ante 200
Hero: posts the ante 200
36fbe993: posts the ante 200
b46627: posts the ante 200
4ed022fa: posts the ante 200
c1202862: posts the ante 200
702a032c: posts the ante 200
36fbe993: posts small blind 750
c1202862: posts big blind 1,500
*** HOLE CARDS ***
Dealt to 702a032c 
Dealt to Hero [Ah 7s]
Dealt to 918b4d17 
Dealt to 36fbe993 
Dealt to c1202862 
Dealt to 4ed022fa 
Dealt to b46627 
Dealt to 56eec1a1 
4ed022fa: calls 1,500
b46627: folds
56eec1a1: folds
702a032c: folds
Hero: raises 3,000 to 4,500
918b4d17: folds
36fbe993: folds
c1202862: folds
4ed022fa: folds
Uncalled bet (3,000) returned to Hero
*** SHOWDOWN ***
Hero collected 6,850 from pot
*** SUMMARY ***
Total pot 6,850 | Rake 0 | Jackpot 0 | Bingo 0 | Fortune 0 | Tax 0
Seat 1: 702a032c folded before Flop
Seat 2: Hero collected (6,850)
Seat 3: 918b4d17 (button) folded before Flop
Seat 4: 36fbe993 (small blind) folded before Flop
Seat 5: c1202862 (big blind) folded before Flop
Seat 6: 4ed022fa folded before Flop
Seat 7: b46627 folded before Flop
Seat 8: 56eec1a1 folded before Flop


Poker Hand #TM5653175469: Tournament #267046848, Bounty Hunters Deepstack Turbo $8.88 Hold'em No Limit - Level14(750/1,500(200)) - 2026/03/02 16:16:26
Table '23' 8-max Seat #2 is the button
Seat 1: 702a032c (11,230 in chips)
Seat 2: Hero (128,401 in chips)
Seat 3: 918b4d17 (50,358 in chips)
Seat 4: 36fbe993 (71,634 in chips)
Seat 5: c1202862 (20,000 in chips)
Seat 6: 4ed022fa (52,970 in chips)
Seat 7: b46627 (78,026 in chips)
Seat 8: 56eec1a1 (147,448 in chips)
918b4d17: posts the ante 200
56eec1a1: posts the ante 200
Hero: posts the ante 200
36fbe993: posts the ante 200
b46627: posts the ante 200
4ed022fa: posts the ante 200
c1202862: posts the ante 200
702a032c: posts the ante 200
918b4d17: posts small blind 750
36fbe993: posts big blind 1,500
*** HOLE CARDS ***
Dealt to 702a032c 
Dealt to Hero [Qs Kc]
Dealt to 918b4d17 
Dealt to 36fbe993 
Dealt to c1202862 
Dealt to 4ed022fa 
Dealt to b46627 
Dealt to 56eec1a1 
c1202862: folds
4ed022fa: folds
b46627: folds
56eec1a1: raises 1,500 to 3,000
702a032c: folds
Hero: raises 6,425 to 9,425
918b4d17: folds
36fbe993: calls 7,925
56eec1a1: folds
*** FLOP *** [6d 8d 8s]
36fbe993: checks
Hero: checks
*** TURN *** [6d 8d 8s] [3h]
36fbe993: bets 7,986
Hero: folds
Uncalled bet (7,986) returned to 36fbe993
*** SHOWDOWN ***
36fbe993 collected 24,200 from pot
*** SUMMARY ***
Total pot 24,200 | Rake 0 | Jackpot 0 | Bingo 0 | Fortune 0 | Tax 0
Board [6d 8d 8s 3h]
Seat 1: 702a032c folded before Flop
Seat 2: Hero (button) folded on the Turn
Seat 3: 918b4d17 (small blind) folded before Flop
Seat 4: 36fbe993 (big blind) won (24,200)
Seat 5: c1202862 folded before Flop
Seat 6: 4ed022fa folded before Flop
Seat 7: b46627 folded before Flop
Seat 8: 56eec1a1 folded before Flop


Poker Hand #TM5653175460: Tournament #267046848, Bounty Hunters Deepstack Turbo $8.88 Hold'em No Limit - Level14(750/1,500(200)) - 2026/03/02 16:15:16
Table '23' 8-max Seat #1 is the button
Seat 1: 702a032c (11,430 in chips)
Seat 2: Hero (129,351 in chips)
Seat 3: 918b4d17 (53,558 in chips)
Seat 4: 36fbe993 (71,834 in chips)
Seat 6: 4ed022fa (53,170 in chips)
Seat 7: b46627 (73,076 in chips)
Seat 8: 56eec1a1 (147,648 in chips)
918b4d17: posts the ante 200
56eec1a1: posts the ante 200
36fbe993: posts the ante 200
Hero: posts the ante 200
b46627: posts the ante 200
4ed022fa: posts the ante 200
702a032c: posts the ante 200
Hero: posts small blind 750
918b4d17: posts big blind 1,500
*** HOLE CARDS ***
Dealt to 702a032c 
Dealt to Hero [3h Kd]
Dealt to 918b4d17 
Dealt to 36fbe993 
Dealt to 4ed022fa 
Dealt to b46627 
Dealt to 56eec1a1 
36fbe993: folds
4ed022fa: folds
b46627: raises 1,500 to 3,000
56eec1a1: folds
702a032c: folds
Hero: folds
918b4d17: calls 1,500
*** FLOP *** [9h 4c 6s]
918b4d17: checks
b46627: checks
*** TURN *** [9h 4c 6s] [Qh]
918b4d17: checks
b46627: bets 2,690
918b4d17: folds
Uncalled bet (2,690) returned to b46627
*** SHOWDOWN ***
b46627 collected 8,150 from pot
*** SUMMARY ***
Total pot 8,150 | Rake 0 | Jackpot 0 | Bingo 0 | Fortune 0 | Tax 0
Board [9h 4c 6s Qh]
Seat 1: 702a032c (button) folded before Flop
Seat 2: Hero (small blind) folded before Flop
Seat 3: 918b4d17 (big blind) folded on the Turn
Seat 4: 36fbe993 folded before Flop
Seat 6: 4ed022fa folded before Flop
Seat 7: b46627 won (8,150)
Seat 8: 56eec1a1 folded before Flop


Poker Hand #TM5653175450: Tournament #267046848, Bounty Hunters Deepstack Turbo $8.88 Hold'em No Limit - Level14(750/1,500(200)) - 2026/03/02 16:14:25
Table '23' 8-max Seat #8 is the button
Seat 1: 702a032c (12,380 in chips)
Seat 2: Hero (131,051 in chips)
Seat 3: 918b4d17 (53,758 in chips)
Seat 4: 36fbe993 (75,034 in chips)
Seat 5: 3fe110f7 (46,737 in chips)
Seat 6: 4ed022fa (53,370 in chips)
Seat 7: b46627 (73,276 in chips)
Seat 8: 56eec1a1 (94,461 in chips)
3fe110f7: posts the ante 200
918b4d17: posts the ante 200
56eec1a1: posts the ante 200
36fbe993: posts the ante 200
Hero: posts the ante 200
b46627: posts the ante 200
4ed022fa: posts the ante 200
702a032c: posts the ante 200
702a032c: posts small blind 750
Hero: posts big blind 1,500
*** HOLE CARDS ***
Dealt to 702a032c 
Dealt to Hero [5d Jd]
Dealt to 918b4d17 
Dealt to 36fbe993 
Dealt to 3fe110f7 
Dealt to 4ed022fa 
Dealt to b46627 
Dealt to 56eec1a1 
918b4d17: folds
36fbe993: raises 1,500 to 3,000
3fe110f7: raises 9,000 to 12,000
4ed022fa: folds
b46627: folds
56eec1a1: raises 82,261 to 94,261 and is all-in
702a032c: folds
Hero: folds
36fbe993: folds
3fe110f7: calls 34,537 and is all-in
Uncalled bet (47,724) returned to 56eec1a1
56eec1a1: shows [As Ks]
3fe110f7: shows [Ac Kc]
*** FLOP *** [7s 2s 6s]
*** TURN *** [7s 2s 6s] [3s]
*** RIVER *** [7s 2s 6s 3s] [Qd]
*** SHOWDOWN ***
56eec1a1 collected 99,924 from pot
*** SUMMARY ***
Total pot 99,924 | Rake 0 | Jackpot 0 | Bingo 0 | Fortune 0 | Tax 0
Board [7s 2s 6s 3s Qd]
Seat 1: 702a032c (small blind) folded before Flop
Seat 2: Hero (big blind) folded before Flop
Seat 3: 918b4d17 folded before Flop
Seat 4: 36fbe993 folded before Flop
Seat 5: 3fe110f7 showed [Ac Kc] and lost with Ace high
Seat 6: 4ed022fa folded before Flop
Seat 7: b46627 folded before Flop
Seat 8: 56eec1a1 (button) showed [As Ks] and won (99,924) with a flush Ace high


Poker Hand #TM5653175443: Tournament #267046848, Bounty Hunters Deepstack Turbo $8.88 Hold'em No Limit - Level14(750/1,500(200)) - 2026/03/02 16:13:45
Table '23' 8-max Seat #7 is the button
Seat 1: 702a032c (14,080 in chips)
Seat 2: Hero (119,476 in chips)
Seat 3: 918b4d17 (53,958 in chips)
Seat 4: 36fbe993 (75,234 in chips)
Seat 5: 3fe110f7 (54,862 in chips)
Seat 6: 4ed022fa (53,570 in chips)
Seat 7: b46627 (73,476 in chips)
Seat 8: 56eec1a1 (95,411 in chips)
3fe110f7: posts the ante 200
918b4d17: posts the ante 200
56eec1a1: posts the ante 200
36fbe993: posts the ante 200
Hero: posts the ante 200
b46627: posts the ante 200
4ed022fa: posts the ante 200
702a032c: posts the ante 200
56eec1a1: posts small blind 750
702a032c: posts big blind 1,500
*** HOLE CARDS ***
Dealt to 702a032c 
Dealt to Hero [9s 7s]
Dealt to 918b4d17 
Dealt to 36fbe993 
Dealt to 3fe110f7 
Dealt to 4ed022fa 
Dealt to b46627 
Dealt to 56eec1a1 
Hero: raises 1,500 to 3,000
918b4d17: folds
36fbe993: folds
3fe110f7: calls 3,000
4ed022fa: folds
b46627: folds
56eec1a1: folds
702a032c: folds
*** FLOP *** [7c 4c 6s]
Hero: bets 4,925
3fe110f7: calls 4,925
*** TURN *** [7c 4c 6s] [3s]
Hero: bets 14,775
3fe110f7: folds
Uncalled bet (14,775) returned to Hero
*** SHOWDOWN ***
Hero collected 19,700 from pot
*** SUMMARY ***
Total pot 19,700 | Rake 0 | Jackpot 0 | Bingo 0 | Fortune 0 | Tax 0
Board [7c 4c 6s 3s]
Seat 1: 702a032c (big blind) folded before Flop
Seat 2: Hero won (19,700)
Seat 3: 918b4d17 folded before Flop
Seat 4: 36fbe993 folded before Flop
Seat 5: 3fe110f7 folded on the Turn
Seat 6: 4ed022fa folded before Flop
Seat 7: b46627 (button) folded before Flop
Seat 8: 56eec1a1 (small blind) folded before Flop


Poker Hand #TM5653175436: Tournament #267046848, Bounty Hunters Deepstack Turbo $8.88 Hold'em No Limit - Level13(600/1,200(180)) - 2026/03/02 16:13:03
Table '23' 8-max Seat #6 is the button
Seat 1: 702a032c (14,260 in chips)
Seat 2: Hero (119,656 in chips)
Seat 3: 918b4d17 (54,138 in chips)
Seat 4: 36fbe993 (75,414 in chips)
Seat 5: 3fe110f7 (51,802 in chips)
Seat 6: 4ed022fa (53,750 in chips)
Seat 7: b46627 (74,256 in chips)
Seat 8: 56eec1a1 (96,791 in chips)
3fe110f7: posts the ante 180
918b4d17: posts the ante 180
56eec1a1: posts the ante 180
36fbe993: posts the ante 180
Hero: posts the ante 180
b46627: posts the ante 180
4ed022fa: posts the ante 180
702a032c: posts the ante 180
b46627: posts small blind 600
56eec1a1: posts big blind 1,200
*** HOLE CARDS ***
Dealt to 702a032c 
Dealt to Hero [4d Kc]
Dealt to 918b4d17 
Dealt to 36fbe993 
Dealt to 3fe110f7 
Dealt to 4ed022fa 
Dealt to b46627 
Dealt to 56eec1a1 
702a032c: folds
Hero: folds
918b4d17: folds
36fbe993: folds
3fe110f7: raises 1,200 to 2,400
4ed022fa: folds
b46627: folds
56eec1a1: folds
Uncalled bet (1,200) returned to 3fe110f7
*** SHOWDOWN ***
3fe110f7 collected 4,440 from pot
*** SUMMARY ***
Total pot 4,440 | Rake 0 | Jackpot 0 | Bingo 0 | Fortune 0 | Tax 0
Seat 1: 702a032c folded before Flop
Seat 2: Hero folded before Flop
Seat 3: 918b4d17 folded before Flop
Seat 4: 36fbe993 folded before Flop
Seat 5: 3fe110f7 collected (4,440)
Seat 6: 4ed022fa (button) folded before Flop
Seat 7: b46627 (small blind) folded before Flop
Seat 8: 56eec1a1 (big blind) folded before Flop


Poker Hand #TM5653175431: Tournament #267046848, Bounty Hunters Deepstack Turbo $8.88 Hold'em No Limit - Level13(600/1,200(180)) - 2026/03/02 16:12:27
Table '23' 8-max Seat #5 is the button
Seat 1: 702a032c (14,440 in chips)
Seat 2: Hero (119,836 in chips)
Seat 3: 918b4d17 (54,318 in chips)
Seat 4: 36fbe993 (75,594 in chips)
Seat 5: 3fe110f7 (51,982 in chips)
Seat 6: 4ed022fa (50,090 in chips)
Seat 7: b46627 (76,836 in chips)
Seat 8: 56eec1a1 (96,971 in chips)
3fe110f7: posts the ante 180
918b4d17: posts the ante 180
56eec1a1: posts the ante 180
36fbe993: posts the ante 180
Hero: posts the ante 180
b46627: posts the ante 180
4ed022fa: posts the ante 180
702a032c: posts the ante 180
4ed022fa: posts small blind 600
b46627: posts big blind 1,200
*** HOLE CARDS ***
Dealt to 702a032c 
Dealt to Hero [3s 5h]
Dealt to 918b4d17 
Dealt to 36fbe993 
Dealt to 3fe110f7 
Dealt to 4ed022fa 
Dealt to b46627 
Dealt to 56eec1a1 
56eec1a1: folds
702a032c: folds
Hero: folds
918b4d17: folds
36fbe993: folds
3fe110f7: folds
4ed022fa: raises 1,200 to 2,400
b46627: calls 1,200
*** FLOP *** [5s As Qh]
4ed022fa: bets 3,120
b46627: folds
Uncalled bet (3,120) returned to 4ed022fa
*** SHOWDOWN ***
4ed022fa collected 6,240 from pot
*** SUMMARY ***
Total pot 6,240 | Rake 0 | Jackpot 0 | Bingo 0 | Fortune 0 | Tax 0
Board [5s As Qh]
Seat 1: 702a032c folded before Flop
Seat 2: Hero folded before Flop
Seat 3: 918b4d17 folded before Flop
Seat 4: 36fbe993 folded before Flop
Seat 5: 3fe110f7 (button) folded before Flop
Seat 6: 4ed022fa (small blind) showed [Ad] and won (6,240)
Seat 7: b46627 (big blind) folded on the Flop
Seat 8: 56eec1a1 folded before Flop


Poker Hand #TM5653175425: Tournament #267046848, Bounty Hunters Deepstack Turbo $8.88 Hold'em No Limit - Level13(600/1,200(180)) - 2026/03/02 16:11:45
Table '23' 8-max Seat #4 is the button
Seat 1: 702a032c (14,620 in chips)
Seat 2: Hero (120,016 in chips)
Seat 3: 918b4d17 (54,498 in chips)
Seat 4: 36fbe993 (69,534 in chips)
Seat 5: 3fe110f7 (55,762 in chips)
Seat 6: 4ed022fa (51,470 in chips)
Seat 7: b46627 (77,016 in chips)
Seat 8: 56eec1a1 (97,151 in chips)
3fe110f7: posts the ante 180
918b4d17: posts the ante 180
56eec1a1: posts the ante 180
36fbe993: posts the ante 180
Hero: posts the ante 180
b46627: posts the ante 180
4ed022fa: posts the ante 180
702a032c: posts the ante 180
3fe110f7: posts small blind 600
4ed022fa: posts big blind 1,200
*** HOLE CARDS ***
Dealt to 702a032c 
Dealt to Hero [Th 7s]
Dealt to 918b4d17 
Dealt to 36fbe993 
Dealt to 3fe110f7 
Dealt to 4ed022fa 
Dealt to b46627 
Dealt to 56eec1a1 
b46627: folds
56eec1a1: folds
702a032c: folds
Hero: folds
918b4d17: folds
36fbe993: raises 2,400 to 3,600
3fe110f7: calls 3,000
4ed022fa: folds
*** FLOP *** [7h Td Tc]
3fe110f7: checks
36fbe993: bets 7,380
3fe110f7: folds
Uncalled bet (7,380) returned to 36fbe993
*** SHOWDOWN ***
36fbe993 collected 9,840 from pot
*** SUMMARY ***
Total pot 9,840 | Rake 0 | Jackpot 0 | Bingo 0 | Fortune 0 | Tax 0
Board [7h Td Tc]
Seat 1: 702a032c folded before Flop
Seat 2: Hero folded before Flop
Seat 3: 918b4d17 folded before Flop
Seat 4: 36fbe993 (button) won (9,840)
Seat 5: 3fe110f7 (small blind) folded on the Flop
Seat 6: 4ed022fa (big blind) folded before Flop
Seat 7: b46627 folded before Flop
Seat 8: 56eec1a1 folded before Flop


Poker Hand #TM5653175416: Tournament #267046848, Bounty Hunters Deepstack Turbo $8.88 Hold'em No Limit - Level13(600/1,200(180)) - 2026/03/02 16:11:08
Table '23' 8-max Seat #3 is the button
Seat 1: 702a032c (14,800 in chips)
Seat 2: Hero (120,196 in chips)
Seat 3: 918b4d17 (54,678 in chips)
Seat 4: 36fbe993 (70,914 in chips)
Seat 5: 3fe110f7 (53,302 in chips)
Seat 6: 4ed022fa (51,650 in chips)
Seat 7: b46627 (77,196 in chips)
Seat 8: 56eec1a1 (97,331 in chips)
3fe110f7: posts the ante 180
918b4d17: posts the ante 180
56eec1a1: posts the ante 180
Hero: posts the ante 180
36fbe993: posts the ante 180
b46627: posts the ante 180
4ed022fa: posts the ante 180
702a032c: posts the ante 180
36fbe993: posts small blind 600
3fe110f7: posts big blind 1,200
*** HOLE CARDS ***
Dealt to 702a032c 
Dealt to Hero [Ts 6s]
Dealt to 918b4d17 
Dealt to 36fbe993 
Dealt to 3fe110f7 
Dealt to 4ed022fa 
Dealt to b46627 
Dealt to 56eec1a1 
4ed022fa: folds
b46627: folds
56eec1a1: folds
702a032c: folds
Hero: folds
918b4d17: folds
36fbe993: calls 600
3fe110f7: checks
*** FLOP *** [5d 2c Ks]
36fbe993: checks
3fe110f7: bets 1,920
36fbe993: folds
Uncalled bet (1,920) returned to 3fe110f7
*** SHOWDOWN ***
3fe110f7 collected 3,840 from pot
*** SUMMARY ***
Total pot 3,840 | Rake 0 | Jackpot 0 | Bingo 0 | Fortune 0 | Tax 0
Board [5d 2c Ks]
Seat 1: 702a032c folded before Flop
Seat 2: Hero folded before Flop
Seat 3: 918b4d17 (button) folded before Flop
Seat 4: 36fbe993 (small blind) folded on the Flop
Seat 5: 3fe110f7 (big blind) won (3,840)
Seat 6: 4ed022fa folded before Flop
Seat 7: b46627 folded before Flop
Seat 8: 56eec1a1 folded before Flop


Poker Hand #TM5653175412: Tournament #267046848, Bounty Hunters Deepstack Turbo $8.88 Hold'em No Limit - Level13(600/1,200(180)) - 2026/03/02 16:10:49
Table '23' 8-max Seat #2 is the button
Seat 1: 702a032c (14,980 in chips)
Seat 2: Hero (120,376 in chips)
Seat 3: 918b4d17 (55,458 in chips)
Seat 4: 36fbe993 (69,054 in chips)
Seat 5: 3fe110f7 (53,482 in chips)
Seat 6: 4ed022fa (51,830 in chips)
Seat 7: b46627 (77,376 in chips)
Seat 8: 56eec1a1 (97,511 in chips)
3fe110f7: posts the ante 180
918b4d17: posts the ante 180
56eec1a1: posts the ante 180
Hero: posts the ante 180
36fbe993: posts the ante 180
b46627: posts the ante 180
4ed022fa: posts the ante 180
702a032c: posts the ante 180
918b4d17: posts small blind 600
36fbe993: posts big blind 1,200
*** HOLE CARDS ***
Dealt to 702a032c 
Dealt to Hero [Th 2h]
Dealt to 918b4d17 
Dealt to 36fbe993 
Dealt to 3fe110f7 
Dealt to 4ed022fa 
Dealt to b46627 
Dealt to 56eec1a1 
3fe110f7: folds
4ed022fa: folds
b46627: folds
56eec1a1: folds
702a032c: folds
Hero: folds
918b4d17: folds
Uncalled bet (600) returned to 36fbe993
*** SHOWDOWN ***
36fbe993 collected 2,640 from pot
*** SUMMARY ***
Total pot 2,640 | Rake 0 | Jackpot 0 | Bingo 0 | Fortune 0 | Tax 0
Seat 1: 702a032c folded before Flop
Seat 2: Hero (button) folded before Flop
Seat 3: 918b4d17 (small blind) folded before Flop
Seat 4: 36fbe993 (big blind) collected (2,640)
Seat 5: 3fe110f7 folded before Flop
Seat 6: 4ed022fa folded before Flop
Seat 7: b46627 folded before Flop
Seat 8: 56eec1a1 folded before Flop


Poker Hand #TM5653175397: Tournament #267046848, Bounty Hunters Deepstack Turbo $8.88 Hold'em No Limit - Level13(600/1,200(180)) - 2026/03/02 16:08:51
Table '23' 8-max Seat #1 is the button
Seat 1: 702a032c (15,160 in chips)
Seat 2: Hero (121,156 in chips)
Seat 3: 918b4d17 (56,838 in chips)
Seat 4: 36fbe993 (33,087 in chips)
Seat 5: 3fe110f7 (86,569 in chips)
Seat 6: 4ed022fa (52,010 in chips)
Seat 7: b46627 (77,556 in chips)
Seat 8: 56eec1a1 (97,691 in chips)
3fe110f7: posts the ante 180
918b4d17: posts the ante 180
56eec1a1: posts the ante 180
36fbe993: posts the ante 180
Hero: posts the ante 180
b46627: posts the ante 180
4ed022fa: posts the ante 180
702a032c: posts the ante 180
Hero: posts small blind 600
918b4d17: posts big blind 1,200
*** HOLE CARDS ***
Dealt to 702a032c 
Dealt to Hero [2s Qd]
Dealt to 918b4d17 
Dealt to 36fbe993 
Dealt to 3fe110f7 
Dealt to 4ed022fa 
Dealt to b46627 
Dealt to 56eec1a1 
36fbe993: raises 2,400 to 3,600
3fe110f7: raises 6,000 to 9,600
4ed022fa: folds
b46627: folds
56eec1a1: folds
702a032c: folds
Hero: folds
918b4d17: folds
36fbe993: calls 6,000
*** FLOP *** [Ac 4c Qh]
36fbe993: checks
3fe110f7: bets 7,406
36fbe993: raises 15,901 to 23,307 and is all-in
3fe110f7: calls 15,901
36fbe993: shows [Ah 4h] (two pair, Aces and Fours)
3fe110f7: shows [Kh Kc] (a pair of Kings)
*** TURN *** [Ac 4c Qh] [9d]
*** RIVER *** [Ac 4c Qh 9d] [4d]
*** SHOWDOWN ***
36fbe993 collected 69,054 from pot
*** SUMMARY ***
Total pot 69,054 | Rake 0 | Jackpot 0 | Bingo 0 | Fortune 0 | Tax 0
Board [Ac 4c Qh 9d 4d]
Seat 1: 702a032c (button) folded before Flop
Seat 2: Hero (small blind) folded before Flop
Seat 3: 918b4d17 (big blind) folded before Flop
Seat 4: 36fbe993 showed [Ah 4h] and won (69,054) with a full house, Fours full of Aces
Seat 5: 3fe110f7 showed [Kh Kc] and lost with two pair, Kings and Fours
Seat 6: 4ed022fa folded before Flop
Seat 7: b46627 folded before Flop
Seat 8: 56eec1a1 folded before Flop


Poker Hand #TM5653175388: Tournament #267046848, Bounty Hunters Deepstack Turbo $8.88 Hold'em No Limit - Level13(600/1,200(180)) - 2026/03/02 16:07:44
Table '23' 8-max Seat #8 is the button
Seat 1: 702a032c (15,940 in chips)
Seat 2: Hero (122,536 in chips)
Seat 3: 918b4d17 (57,018 in chips)
Seat 4: 36fbe993 (69,225 in chips)
Seat 5: 3fe110f7 (86,749 in chips)
Seat 6: 4ed022fa (54,590 in chips)
Seat 7: b46627 (36,138 in chips)
Seat 8: 56eec1a1 (97,871 in chips)
3fe110f7: posts the ante 180
918b4d17: posts the ante 180
56eec1a1: posts the ante 180
36fbe993: posts the ante 180
Hero: posts the ante 180
b46627: posts the ante 180
4ed022fa: posts the ante 180
702a032c: posts the ante 180
702a032c: posts small blind 600
Hero: posts big blind 1,200
*** HOLE CARDS ***
Dealt to 702a032c 
Dealt to Hero [6d 9h]
Dealt to 918b4d17 
Dealt to 36fbe993 
Dealt to 3fe110f7 
Dealt to 4ed022fa 
Dealt to b46627 
Dealt to 56eec1a1 
918b4d17: folds
36fbe993: raises 1,200 to 2,400
3fe110f7: folds
4ed022fa: calls 2,400
b46627: raises 7,830 to 10,230
56eec1a1: folds
702a032c: folds
Hero: folds
36fbe993: calls 7,830
4ed022fa: folds
*** FLOP *** [3h 2s 5c]
36fbe993: checks
b46627: bets 13,050
36fbe993: calls 13,050
*** TURN *** [3h 2s 5c] [2d]
36fbe993: checks
b46627: bets 12,678 and is all-in
36fbe993: calls 12,678
b46627: shows [Kd Kc] (two pair, Kings and Twos)
36fbe993: shows [As 8s] (a pair of Twos)
*** RIVER *** [3h 2s 5c 2d] [Ks]
*** SHOWDOWN ***
b46627 collected 77,556 from pot
*** SUMMARY ***
Total pot 77,556 | Rake 0 | Jackpot 0 | Bingo 0 | Fortune 0 | Tax 0
Board [3h 2s 5c 2d Ks]
Seat 1: 702a032c (small blind) folded before Flop
Seat 2: Hero (big blind) folded before Flop
Seat 3: 918b4d17 folded before Flop
Seat 4: 36fbe993 showed [As 8s] and lost with a pair of Twos
Seat 5: 3fe110f7 folded before Flop
Seat 6: 4ed022fa folded before Flop
Seat 7: b46627 showed [Kd Kc] and won (77,556) with a full house, Kings full of Twos
Seat 8: 56eec1a1 (button) folded before Flop


Poker Hand #TM5653175384: Tournament #267046848, Bounty Hunters Deepstack Turbo $8.88 Hold'em No Limit - Level13(600/1,200(180)) - 2026/03/02 16:07:13
Table '23' 8-max Seat #7 is the button
Seat 1: 702a032c (17,320 in chips)
Seat 2: Hero (122,716 in chips)
Seat 3: 918b4d17 (57,198 in chips)
Seat 4: 36fbe993 (69,405 in chips)
Seat 6: 4ed022fa (54,770 in chips)
Seat 7: b46627 (31,458 in chips)
Seat 8: 56eec1a1 (100,451 in chips)
918b4d17: posts the ante 180
56eec1a1: posts the ante 180
36fbe993: posts the ante 180
Hero: posts the ante 180
b46627: posts the ante 180
4ed022fa: posts the ante 180
702a032c: posts the ante 180
56eec1a1: posts small blind 600
702a032c: posts big blind 1,200
*** HOLE CARDS ***
Dealt to 702a032c 
Dealt to Hero [8d Kd]
Dealt to 918b4d17 
Dealt to 36fbe993 
Dealt to 4ed022fa 
Dealt to b46627 
Dealt to 56eec1a1 
Hero: folds
918b4d17: folds
36fbe993: folds
4ed022fa: folds
b46627: raises 1,200 to 2,400
56eec1a1: calls 1,800
702a032c: folds
*** FLOP *** [Jc Tc Kh]
56eec1a1: checks
b46627: bets 2,396
56eec1a1: folds
Uncalled bet (2,396) returned to b46627
*** SHOWDOWN ***
b46627 collected 7,260 from pot
*** SUMMARY ***
Total pot 7,260 | Rake 0 | Jackpot 0 | Bingo 0 | Fortune 0 | Tax 0
Board [Jc Tc Kh]
Seat 1: 702a032c (big blind) folded before Flop
Seat 2: Hero folded before Flop
Seat 3: 918b4d17 folded before Flop
Seat 4: 36fbe993 folded before Flop
Seat 6: 4ed022fa folded before Flop
Seat 7: b46627 (button) won (7,260)
Seat 8: 56eec1a1 (small blind) folded on the Flop


Poker Hand #TM5653175375: Tournament #267046848, Bounty Hunters Deepstack Turbo $8.88 Hold'em No Limit - Level13(600/1,200(180)) - 2026/03/02 16:06:35
Table '23' 8-max Seat #6 is the button
Seat 1: 702a032c (17,500 in chips)
Seat 2: Hero (122,896 in chips)
Seat 3: 918b4d17 (57,378 in chips)
Seat 4: 36fbe993 (62,925 in chips)
Seat 6: 4ed022fa (54,950 in chips)
Seat 7: b46627 (32,238 in chips)
Seat 8: 56eec1a1 (105,431 in chips)
918b4d17: posts the ante 180
56eec1a1: posts the ante 180
36fbe993: posts the ante 180
Hero: posts the ante 180
b46627: posts the ante 180
4ed022fa: posts the ante 180
702a032c: posts the ante 180
b46627: posts small blind 600
56eec1a1: posts big blind 1,200
*** HOLE CARDS ***
Dealt to 702a032c 
Dealt to Hero [7s Qs]
Dealt to 918b4d17 
Dealt to 36fbe993 
Dealt to 4ed022fa 
Dealt to b46627 
Dealt to 56eec1a1 
702a032c: folds
Hero: folds
918b4d17: folds
36fbe993: raises 3,600 to 4,800
4ed022fa: folds
b46627: folds
56eec1a1: calls 3,600
*** FLOP *** [3h 7h 3s]
56eec1a1: checks
36fbe993: bets 11,460
56eec1a1: folds
Uncalled bet (11,460) returned to 36fbe993
*** SHOWDOWN ***
36fbe993 collected 11,460 from pot
*** SUMMARY ***
Total pot 11,460 | Rake 0 | Jackpot 0 | Bingo 0 | Fortune 0 | Tax 0
Board [3h 7h 3s]
Seat 1: 702a032c folded before Flop
Seat 2: Hero folded before Flop
Seat 3: 918b4d17 folded before Flop
Seat 4: 36fbe993 won (11,460)
Seat 6: 4ed022fa (button) folded before Flop
Seat 7: b46627 (small blind) folded before Flop
Seat 8: 56eec1a1 (big blind) folded on the Flop


Poker Hand #TM5653175370: Tournament #267046848, Bounty Hunters Deepstack Turbo $8.88 Hold'em No Limit - Level13(600/1,200(180)) - 2026/03/02 16:06:06
Table '23' 8-max Seat #5 is the button
Seat 1: 702a032c (17,680 in chips)
Seat 2: Hero (123,076 in chips)
Seat 3: 918b4d17 (57,558 in chips)
Seat 4: 36fbe993 (59,265 in chips)
Seat 5: 694f26f5 (40,655 in chips)
Seat 6: 4ed022fa (56,330 in chips)
Seat 7: b46627 (33,618 in chips)
Seat 8: 56eec1a1 (105,611 in chips)
694f26f5: posts the ante 180
918b4d17: posts the ante 180
56eec1a1: posts the ante 180
36fbe993: posts the ante 180
Hero: posts the ante 180
b46627: posts the ante 180
4ed022fa: posts the ante 180
702a032c: posts the ante 180
4ed022fa: posts small blind 600
b46627: posts big blind 1,200
*** HOLE CARDS ***
Dealt to 702a032c 
Dealt to Hero [2c Jh]
Dealt to 918b4d17 
Dealt to 36fbe993 
Dealt to 694f26f5 
Dealt to 4ed022fa 
Dealt to b46627 
Dealt to 56eec1a1 
56eec1a1: folds
702a032c: folds
Hero: folds
918b4d17: folds
36fbe993: calls 1,200
694f26f5: folds
4ed022fa: calls 600
b46627: checks
*** FLOP *** [7s Qs Ts]
4ed022fa: checks
b46627: checks
36fbe993: bets 5,040
4ed022fa: folds
b46627: folds
Uncalled bet (5,040) returned to 36fbe993
*** SHOWDOWN ***
36fbe993 collected 5,040 from pot
*** SUMMARY ***
Total pot 5,040 | Rake 0 | Jackpot 0 | Bingo 0 | Fortune 0 | Tax 0
Board [7s Qs Ts]
Seat 1: 702a032c folded before Flop
Seat 2: Hero folded before Flop
Seat 3: 918b4d17 folded before Flop
Seat 4: 36fbe993 won (5,040)
Seat 5: 694f26f5 (button) folded before Flop
Seat 6: 4ed022fa (small blind) folded on the Flop
Seat 7: b46627 (big blind) folded on the Flop
Seat 8: 56eec1a1 folded before Flop


Poker Hand #TM5653175367: Tournament #267046848, Bounty Hunters Deepstack Turbo $8.88 Hold'em No Limit - Level12(500/1,000(150)) - 2026/03/02 16:05:21
Table '23' 8-max Seat #4 is the button
Seat 1: 702a032c (17,830 in chips)
Seat 2: Hero (123,226 in chips)
Seat 3: 918b4d17 (61,919 in chips)
Seat 4: 36fbe993 (52,504 in chips)
Seat 5: 694f26f5 (41,305 in chips)
Seat 6: 4ed022fa (57,480 in chips)
Seat 7: b46627 (33,768 in chips)
Seat 8: 56eec1a1 (105,761 in chips)
694f26f5: posts the ante 150
918b4d17: posts the ante 150
56eec1a1: posts the ante 150
36fbe993: posts the ante 150
Hero: posts the ante 150
b46627: posts the ante 150
4ed022fa: posts the ante 150
702a032c: posts the ante 150
694f26f5: posts small blind 500
4ed022fa: posts big blind 1,000
*** HOLE CARDS ***
Dealt to 702a032c 
Dealt to Hero [2d 5c]
Dealt to 918b4d17 
Dealt to 36fbe993 
Dealt to 694f26f5 
Dealt to 4ed022fa 
Dealt to b46627 
Dealt to 56eec1a1 
b46627: folds
56eec1a1: folds
702a032c: folds
Hero: folds
918b4d17: raises 1,000 to 2,000
36fbe993: calls 2,000
694f26f5: folds
4ed022fa: folds
*** FLOP *** [7d 3d 5d]
918b4d17: bets 2,211
36fbe993: raises 5,561 to 7,772
918b4d17: folds
Uncalled bet (5,561) returned to 36fbe993
*** SHOWDOWN ***
36fbe993 collected 11,122 from pot
*** SUMMARY ***
Total pot 11,122 | Rake 0 | Jackpot 0 | Bingo 0 | Fortune 0 | Tax 0
Board [7d 3d 5d]
Seat 1: 702a032c folded before Flop
Seat 2: Hero folded before Flop
Seat 3: 918b4d17 folded on the Flop
Seat 4: 36fbe993 (button) won (11,122)
Seat 5: 694f26f5 (small blind) folded before Flop
Seat 6: 4ed022fa (big blind) folded before Flop
Seat 7: b46627 folded before Flop
Seat 8: 56eec1a1 folded before Flop


Poker Hand #TM5653175355: Tournament #267046848, Bounty Hunters Deepstack Turbo $8.88 Hold'em No Limit - Level12(500/1,000(150)) - 2026/03/02 16:04:21
Table '23' 8-max Seat #3 is the button
Seat 1: 702a032c (17,980 in chips)
Seat 2: Hero (123,376 in chips)
Seat 3: 918b4d17 (46,246 in chips)
Seat 4: 36fbe993 (65,277 in chips)
Seat 5: 694f26f5 (43,455 in chips)
Seat 6: 4ed022fa (57,630 in chips)
Seat 7: b46627 (33,918 in chips)
Seat 8: 56eec1a1 (105,911 in chips)
694f26f5: posts the ante 150
918b4d17: posts the ante 150
56eec1a1: posts the ante 150
Hero: posts the ante 150
36fbe993: posts the ante 150
b46627: posts the ante 150
4ed022fa: posts the ante 150
702a032c: posts the ante 150
36fbe993: posts small blind 500
694f26f5: posts big blind 1,000
*** HOLE CARDS ***
Dealt to 702a032c 
Dealt to Hero [Tc 6h]
Dealt to 918b4d17 
Dealt to 36fbe993 
Dealt to 694f26f5 
Dealt to 4ed022fa 
Dealt to b46627 
Dealt to 56eec1a1 
4ed022fa: folds
b46627: folds
56eec1a1: folds
702a032c: folds
Hero: folds
918b4d17: raises 1,000 to 2,000
36fbe993: calls 1,500
694f26f5: calls 1,000
*** FLOP *** [6d 7d Qs]
36fbe993: checks
694f26f5: checks
918b4d17: bets 2,376
36fbe993: calls 2,376
694f26f5: folds
*** TURN *** [6d 7d Qs] [As]
36fbe993: checks
918b4d17: bets 8,247
36fbe993: calls 8,247
*** RIVER *** [6d 7d Qs As] [Jc]
36fbe993: checks
918b4d17: checks
36fbe993: shows [9c 8h] (Ace high)
918b4d17: shows [Kc Qd] (a pair of Queens)
*** SHOWDOWN ***
918b4d17 collected 28,446 from pot
*** SUMMARY ***
Total pot 28,446 | Rake 0 | Jackpot 0 | Bingo 0 | Fortune 0 | Tax 0
Board [6d 7d Qs As Jc]
Seat 1: 702a032c folded before Flop
Seat 2: Hero folded before Flop
Seat 3: 918b4d17 (button) showed [Kc Qd] and won (28,446) with a pair of Queens
Seat 4: 36fbe993 (small blind) showed [9c 8h] and lost with Ace high
Seat 5: 694f26f5 (big blind) folded on the Flop
Seat 6: 4ed022fa folded before Flop
Seat 7: b46627 folded before Flop
Seat 8: 56eec1a1 folded before Flop


Poker Hand #TM5653175350: Tournament #267046848, Bounty Hunters Deepstack Turbo $8.88 Hold'em No Limit - Level12(500/1,000(150)) - 2026/03/02 16:03:46
Table '23' 8-max Seat #2 is the button
Seat 1: 702a032c (18,130 in chips)
Seat 2: Hero (125,526 in chips)
Seat 3: 918b4d17 (46,896 in chips)
Seat 4: 36fbe993 (61,727 in chips)
Seat 5: 694f26f5 (43,605 in chips)
Seat 6: 4ed022fa (57,780 in chips)
Seat 7: b46627 (34,068 in chips)
Seat 8: 56eec1a1 (106,061 in chips)
694f26f5: posts the ante 150
918b4d17: posts the ante 150
56eec1a1: posts the ante 150
Hero: posts the ante 150
36fbe993: posts the ante 150
b46627: posts the ante 150
4ed022fa: posts the ante 150
702a032c: posts the ante 150
918b4d17: posts small blind 500
36fbe993: posts big blind 1,000
*** HOLE CARDS ***
Dealt to 702a032c 
Dealt to Hero [As 4d]
Dealt to 918b4d17 
Dealt to 36fbe993 
Dealt to 694f26f5 
Dealt to 4ed022fa 
Dealt to b46627 
Dealt to 56eec1a1 
694f26f5: folds
4ed022fa: folds
b46627: folds
56eec1a1: folds
702a032c: folds
Hero: raises 1,000 to 2,000
918b4d17: folds
36fbe993: raises 59,500 to 61,500
Hero: folds
Uncalled bet (59,500) returned to 36fbe993
*** SHOWDOWN ***
36fbe993 collected 5,700 from pot
*** SUMMARY ***
Total pot 5,700 | Rake 0 | Jackpot 0 | Bingo 0 | Fortune 0 | Tax 0
Seat 1: 702a032c folded before Flop
Seat 2: Hero (button) folded before Flop
Seat 3: 918b4d17 (small blind) folded before Flop
Seat 4: 36fbe993 (big blind) collected (5,700)
Seat 5: 694f26f5 folded before Flop
Seat 6: 4ed022fa folded before Flop
Seat 7: b46627 folded before Flop
Seat 8: 56eec1a1 folded before Flop


Poker Hand #TM5653175339: Tournament #267046848, Bounty Hunters Deepstack Turbo $8.88 Hold'em No Limit - Level12(500/1,000(150)) - 2026/03/02 16:02:36
Table '23' 8-max Seat #1 is the button
Seat 1: 702a032c (18,280 in chips)
Seat 2: Hero (126,176 in chips)
Seat 3: 918b4d17 (48,046 in chips)
Seat 4: 36fbe993 (47,827 in chips)
Seat 5: 694f26f5 (45,755 in chips)
Seat 6: 4ed022fa (59,930 in chips)
Seat 7: b46627 (41,568 in chips)
Seat 8: 56eec1a1 (106,211 in chips)
694f26f5: posts the ante 150
918b4d17: posts the ante 150
56eec1a1: posts the ante 150
36fbe993: posts the ante 150
Hero: posts the ante 150
b46627: posts the ante 150
4ed022fa: posts the ante 150
702a032c: posts the ante 150
Hero: posts small blind 500
918b4d17: posts big blind 1,000
*** HOLE CARDS ***
Dealt to 702a032c 
Dealt to Hero [6h Jc]
Dealt to 918b4d17 
Dealt to 36fbe993 
Dealt to 694f26f5 
Dealt to 4ed022fa 
Dealt to b46627 
Dealt to 56eec1a1 
36fbe993: raises 1,000 to 2,000
694f26f5: calls 2,000
4ed022fa: calls 2,000
b46627: calls 2,000
56eec1a1: folds
702a032c: folds
Hero: folds
918b4d17: folds
*** FLOP *** [5c Qc Td]
36fbe993: bets 5,350
694f26f5: folds
4ed022fa: folds
b46627: calls 5,350
*** TURN *** [5c Qc Td] [6c]
36fbe993: checks
b46627: checks
*** RIVER *** [5c Qc Td 6c] [8d]
36fbe993: bets 16,050
b46627: folds
Uncalled bet (16,050) returned to 36fbe993
*** SHOWDOWN ***
36fbe993 collected 21,400 from pot
*** SUMMARY ***
Total pot 21,400 | Rake 0 | Jackpot 0 | Bingo 0 | Fortune 0 | Tax 0
Board [5c Qc Td 6c 8d]
Seat 1: 702a032c (button) folded before Flop
Seat 2: Hero (small blind) folded before Flop
Seat 3: 918b4d17 (big blind) folded before Flop
Seat 4: 36fbe993 won (21,400)
Seat 5: 694f26f5 folded on the Flop
Seat 6: 4ed022fa folded on the Flop
Seat 7: b46627 folded on the River
Seat 8: 56eec1a1 folded before Flop


Poker Hand #TM5653175331: Tournament #267046848, Bounty Hunters Deepstack Turbo $8.88 Hold'em No Limit - Level12(500/1,000(150)) - 2026/03/02 16:01:50
Table '23' 8-max Seat #8 is the button
Seat 1: 702a032c (18,930 in chips)
Seat 2: Hero (127,326 in chips)
Seat 3: 918b4d17 (48,196 in chips)
Seat 4: 36fbe993 (47,977 in chips)
Seat 5: 694f26f5 (45,905 in chips)
Seat 6: 4ed022fa (60,080 in chips)
Seat 7: b46627 (39,018 in chips)
Seat 8: 56eec1a1 (106,361 in chips)
694f26f5: posts the ante 150
918b4d17: posts the ante 150
56eec1a1: posts the ante 150
36fbe993: posts the ante 150
Hero: posts the ante 150
b46627: posts the ante 150
4ed022fa: posts the ante 150
702a032c: posts the ante 150
702a032c: posts small blind 500
Hero: posts big blind 1,000
*** HOLE CARDS ***
Dealt to 702a032c 
Dealt to Hero [2s 7h]
Dealt to 918b4d17 
Dealt to 36fbe993 
Dealt to 694f26f5 
Dealt to 4ed022fa 
Dealt to b46627 
Dealt to 56eec1a1 
918b4d17: folds
36fbe993: folds
694f26f5: folds
4ed022fa: folds
b46627: raises 1,000 to 2,000
56eec1a1: folds
702a032c: folds
Hero: folds
Uncalled bet (1,000) returned to b46627
*** SHOWDOWN ***
b46627 collected 3,700 from pot
*** SUMMARY ***
Total pot 3,700 | Rake 0 | Jackpot 0 | Bingo 0 | Fortune 0 | Tax 0
Seat 1: 702a032c (small blind) folded before Flop
Seat 2: Hero (big blind) folded before Flop
Seat 3: 918b4d17 folded before Flop
Seat 4: 36fbe993 folded before Flop
Seat 5: 694f26f5 folded before Flop
Seat 6: 4ed022fa folded before Flop
Seat 7: b46627 collected (3,700)
Seat 8: 56eec1a1 (button) folded before Flop


Poker Hand #TM5653175327: Tournament #267046848, Bounty Hunters Deepstack Turbo $8.88 Hold'em No Limit - Level12(500/1,000(150)) - 2026/03/02 15:54:58
Table '23' 8-max Seat #7 is the button
Seat 1: 702a032c (81,893 in chips)
Seat 2: Hero (62,963 in chips)
Seat 3: 918b4d17 (48,346 in chips)
Seat 4: 36fbe993 (48,127 in chips)
Seat 5: 694f26f5 (46,055 in chips)
Seat 6: 4ed022fa (60,230 in chips)
Seat 7: b46627 (39,168 in chips)
Seat 8: 56eec1a1 (107,011 in chips)
694f26f5: posts the ante 150
918b4d17: posts the ante 150
56eec1a1: posts the ante 150
36fbe993: posts the ante 150
Hero: posts the ante 150
b46627: posts the ante 150
4ed022fa: posts the ante 150
702a032c: posts the ante 150
56eec1a1: posts small blind 500
702a032c: posts big blind 1,000
*** HOLE CARDS ***
Dealt to 702a032c 
Dealt to Hero [Ad Kc]
Dealt to 918b4d17 
Dealt to 36fbe993 
Dealt to 694f26f5 
Dealt to 4ed022fa 
Dealt to b46627 
Dealt to 56eec1a1 
Hero: raises 1,000 to 2,000
918b4d17: folds
36fbe993: folds
694f26f5: folds
4ed022fa: folds
b46627: folds
56eec1a1: folds
702a032c: calls 1,000
*** FLOP *** [6c 3s Kh]
702a032c: bets 1,881
Hero: raises 4,731 to 6,612
702a032c: calls 4,731
*** TURN *** [6c 3s Kh] [5h]
702a032c: bets 73,131 and is all-in
Hero: calls 54,201 and is all-in
Uncalled bet (18,930) returned to 702a032c
702a032c: shows [3h 4h] (a pair of Threes)
Hero: shows [Ad Kc] (a pair of Kings)
*** RIVER *** [6c 3s Kh 5h] [9s]
*** SHOWDOWN ***
Hero collected 127,326 from pot
*** SUMMARY ***
Total pot 127,326 | Rake 0 | Jackpot 0 | Bingo 0 | Fortune 0 | Tax 0
Board [6c 3s Kh 5h 9s]
Seat 1: 702a032c (big blind) showed [3h 4h] and lost with a pair of Threes
Seat 2: Hero showed [Ad Kc] and won (127,326) with a pair of Kings
Seat 3: 918b4d17 folded before Flop
Seat 4: 36fbe993 folded before Flop
Seat 5: 694f26f5 folded before Flop
Seat 6: 4ed022fa folded before Flop
Seat 7: b46627 (button) folded before Flop
Seat 8: 56eec1a1 (small blind) folded before Flop


Poker Hand #TM5653175323: Tournament #267046848, Bounty Hunters Deepstack Turbo $8.88 Hold'em No Limit - Level12(500/1,000(150)) - 2026/03/02 15:54:29
Table '23' 8-max Seat #6 is the button
Seat 1: 702a032c (82,043 in chips)
Seat 2: Hero (63,113 in chips)
Seat 3: 918b4d17 (48,496 in chips)
Seat 4: 36fbe993 (48,277 in chips)
Seat 5: 694f26f5 (46,205 in chips)
Seat 6: 4ed022fa (60,380 in chips)
Seat 7: b46627 (44,694 in chips)
Seat 8: 56eec1a1 (100,585 in chips)
694f26f5: posts the ante 150
918b4d17: posts the ante 150
56eec1a1: posts the ante 150
36fbe993: posts the ante 150
Hero: posts the ante 150
b46627: posts the ante 150
4ed022fa: posts the ante 150
702a032c: posts the ante 150
b46627: posts small blind 500
56eec1a1: posts big blind 1,000
*** HOLE CARDS ***
Dealt to 702a032c 
Dealt to Hero [Ks 7d]
Dealt to 918b4d17 
Dealt to 36fbe993 
Dealt to 694f26f5 
Dealt to 4ed022fa 
Dealt to b46627 
Dealt to 56eec1a1 
702a032c: folds
Hero: folds
918b4d17: folds
36fbe993: folds
694f26f5: folds
4ed022fa: folds
b46627: raises 2,000 to 3,000
56eec1a1: calls 2,000
*** FLOP *** [6h 6s Jh]
b46627: bets 2,376
56eec1a1: raises 3,945 to 6,321
b46627: folds
Uncalled bet (3,945) returned to 56eec1a1
*** SHOWDOWN ***
56eec1a1 collected 11,952 from pot
*** SUMMARY ***
Total pot 11,952 | Rake 0 | Jackpot 0 | Bingo 0 | Fortune 0 | Tax 0
Board [6h 6s Jh]
Seat 1: 702a032c folded before Flop
Seat 2: Hero folded before Flop
Seat 3: 918b4d17 folded before Flop
Seat 4: 36fbe993 folded before Flop
Seat 5: 694f26f5 folded before Flop
Seat 6: 4ed022fa (button) folded before Flop
Seat 7: b46627 (small blind) folded on the Flop
Seat 8: 56eec1a1 (big blind) won (11,952)


Poker Hand #TM5653175315: Tournament #267046848, Bounty Hunters Deepstack Turbo $8.88 Hold'em No Limit - Level12(500/1,000(150)) - 2026/03/02 15:53:47
Table '23' 8-max Seat #5 is the button
Seat 1: 702a032c (82,193 in chips)
Seat 2: Hero (86,161 in chips)
Seat 3: 918b4d17 (23,048 in chips)
Seat 4: 36fbe993 (48,427 in chips)
Seat 5: 694f26f5 (46,355 in chips)
Seat 6: 4ed022fa (61,030 in chips)
Seat 7: b46627 (45,844 in chips)
Seat 8: 56eec1a1 (100,735 in chips)
694f26f5: posts the ante 150
918b4d17: posts the ante 150
56eec1a1: posts the ante 150
36fbe993: posts the ante 150
Hero: posts the ante 150
b46627: posts the ante 150
4ed022fa: posts the ante 150
702a032c: posts the ante 150
4ed022fa: posts small blind 500
b46627: posts big blind 1,000
*** HOLE CARDS ***
Dealt to 702a032c 
Dealt to Hero [Js Qs]
Dealt to 918b4d17 
Dealt to 36fbe993 
Dealt to 694f26f5 
Dealt to 4ed022fa 
Dealt to b46627 
Dealt to 56eec1a1 
56eec1a1: folds
702a032c: folds
Hero: raises 1,000 to 2,000
918b4d17: raises 20,898 to 22,898 and is all-in
36fbe993: folds
694f26f5: folds
4ed022fa: folds
b46627: folds
Hero: calls 20,898
918b4d17: shows [Kd Ad]
Hero: shows [Js Qs]
*** FLOP *** [Ts 7d Kh]
*** TURN *** [Ts 7d Kh] [Kc]
*** RIVER *** [Ts 7d Kh Kc] [8c]
*** SHOWDOWN ***
918b4d17 collected 48,496 from pot
*** SUMMARY ***
Total pot 48,496 | Rake 0 | Jackpot 0 | Bingo 0 | Fortune 0 | Tax 0
Board [Ts 7d Kh Kc 8c]
Seat 1: 702a032c folded before Flop
Seat 2: Hero showed [Js Qs] and lost with a pair of Kings
Seat 3: 918b4d17 showed [Kd Ad] and won (48,496) with three of a kind, Kings
Seat 4: 36fbe993 folded before Flop
Seat 5: 694f26f5 (button) folded before Flop
Seat 6: 4ed022fa (small blind) folded before Flop
Seat 7: b46627 (big blind) folded before Flop
Seat 8: 56eec1a1 folded before Flop


Poker Hand #TM5653165060: Tournament #267046848, Bounty Hunters Deepstack Turbo $8.88 Hold'em No Limit - Level12(500/1,000(150)) - 2026/03/02 15:52:34
Table '47' 8-max Seat #4 is the button
Seat 1: Hero (42,160 in chips)
Seat 2: 10afd65f (9,551 in chips)
Seat 3: b68de5ad (56,774 in chips)
Seat 4: e2010133 (64,440 in chips)
Seat 5: 37cd1220 (31,600 in chips)
Seat 6: f9b42fe4 (29,614 in chips)
Seat 7: f182556e (30,200 in chips)
Seat 8: 8fee91e6 (23,250 in chips)
f9b42fe4: posts the ante 150
10afd65f: posts the ante 150
Hero: posts the ante 150
f182556e: posts the ante 150
e2010133: posts the ante 150
8fee91e6: posts the ante 150
b68de5ad: posts the ante 150
37cd1220: posts the ante 150
37cd1220: posts small blind 500
f9b42fe4: posts big blind 1,000
*** HOLE CARDS ***
Dealt to Hero [7d Ad]
Dealt to 10afd65f 
Dealt to b68de5ad 
Dealt to e2010133 
Dealt to 37cd1220 
Dealt to f9b42fe4 
Dealt to f182556e 
Dealt to 8fee91e6 
f182556e: raises 1,000 to 2,000
8fee91e6: calls 2,000
Hero: calls 2,000
10afd65f: raises 7,401 to 9,401 and is all-in
b68de5ad: folds
e2010133: folds
37cd1220: folds
f9b42fe4: folds
f182556e: raises 20,649 to 30,050 and is all-in
8fee91e6: folds
Hero: calls 28,050
f182556e: shows [Qh Kh]
Hero: shows [7d Ad]
10afd65f: shows [7h Ks]
*** FLOP *** [5h 2d 6s]
*** TURN *** [5h 2d 6s] [2c]
*** RIVER *** [5h 2d 6s 2c] [5s]
*** SHOWDOWN ***
Hero collected 32,903 from pot
Hero collected 41,298 from pot
*** SUMMARY ***
Total pot 74,201 | Rake 0 | Jackpot 0 | Bingo 0 | Fortune 0 | Tax 0
Board [5h 2d 6s 2c 5s]
Seat 1: Hero showed [7d Ad] and won (74,201) with two pair, Fives and Twos
Seat 2: 10afd65f showed [7h Ks] and lost with two pair, Fives and Twos
Seat 3: b68de5ad folded before Flop
Seat 4: e2010133 (button) folded before Flop
Seat 5: 37cd1220 (small blind) folded before Flop
Seat 6: f9b42fe4 (big blind) folded before Flop
Seat 7: f182556e showed [Qh Kh] and lost with two pair, Fives and Twos
Seat 8: 8fee91e6 folded before Flop


Poker Hand #TM5653165051: Tournament #267046848, Bounty Hunters Deepstack Turbo $8.88 Hold'em No Limit - Level12(500/1,000(150)) - 2026/03/02 15:51:27
Table '47' 8-max Seat #3 is the button
Seat 1: Hero (19,880 in chips)
Seat 2: 10afd65f (29,431 in chips)
Seat 3: b68de5ad (56,924 in chips)
Seat 4: e2010133 (65,090 in chips)
Seat 5: 37cd1220 (32,750 in chips)
Seat 6: f9b42fe4 (29,764 in chips)
Seat 7: f182556e (30,350 in chips)
Seat 8: 8fee91e6 (23,400 in chips)
f9b42fe4: posts the ante 150
10afd65f: posts the ante 150
Hero: posts the ante 150
f182556e: posts the ante 150
e2010133: posts the ante 150
8fee91e6: posts the ante 150
b68de5ad: posts the ante 150
37cd1220: posts the ante 150
e2010133: posts small blind 500
37cd1220: posts big blind 1,000
*** HOLE CARDS ***
Dealt to Hero [Ac Kh]
Dealt to 10afd65f 
Dealt to b68de5ad 
Dealt to e2010133 
Dealt to 37cd1220 
Dealt to f9b42fe4 
Dealt to f182556e 
Dealt to 8fee91e6 
f9b42fe4: folds
f182556e: folds
8fee91e6: folds
Hero: raises 18,730 to 19,730 and is all-in
10afd65f: raises 9,551 to 29,281 and is all-in
b68de5ad: folds
e2010133: folds
37cd1220: folds
Uncalled bet (9,551) returned to 10afd65f
10afd65f: shows [9h 9d]
Hero: shows [Ac Kh]
*** FLOP *** [3c As Ad]
*** TURN *** [3c As Ad] [3s]
*** RIVER *** [3c As Ad 3s] [6c]
*** SHOWDOWN ***
Hero collected 42,160 from pot
*** SUMMARY ***
Total pot 42,160 | Rake 0 | Jackpot 0 | Bingo 0 | Fortune 0 | Tax 0
Board [3c As Ad 3s 6c]
Seat 1: Hero showed [Ac Kh] and won (42,160) with a full house, Aces full of Threes
Seat 2: 10afd65f showed [9h 9d] and lost with two pair, Aces and Nines
Seat 3: b68de5ad (button) folded before Flop
Seat 4: e2010133 (small blind) folded before Flop
Seat 5: 37cd1220 (big blind) folded before Flop
Seat 6: f9b42fe4 folded before Flop
Seat 7: f182556e folded before Flop
Seat 8: 8fee91e6 folded before Flop


Poker Hand #TM5653165039: Tournament #267046848, Bounty Hunters Deepstack Turbo $8.88 Hold'em No Limit - Level11(400/800(120)) - 2026/03/02 15:50:21
Table '47' 8-max Seat #2 is the button
Seat 1: Hero (20,000 in chips)
Seat 2: 10afd65f (29,551 in chips)
Seat 3: b68de5ad (57,444 in chips)
Seat 4: e2010133 (66,010 in chips)
Seat 5: 37cd1220 (32,870 in chips)
Seat 6: f9b42fe4 (40,504 in chips)
Seat 7: f182556e (30,470 in chips)
Seat 8: 8fee91e6 (10,740 in chips)
f9b42fe4: posts the ante 120
10afd65f: posts the ante 120
Hero: posts the ante 120
f182556e: posts the ante 120
e2010133: posts the ante 120
8fee91e6: posts the ante 120
b68de5ad: posts the ante 120
37cd1220: posts the ante 120
b68de5ad: posts small blind 400
e2010133: posts big blind 800
*** HOLE CARDS ***
Dealt to Hero [3h Ad]
Dealt to 10afd65f 
Dealt to b68de5ad 
Dealt to e2010133 
Dealt to 37cd1220 
Dealt to f9b42fe4 
Dealt to f182556e 
Dealt to 8fee91e6 
37cd1220: folds
f9b42fe4: raises 800 to 1,600
f182556e: folds
8fee91e6: raises 5,360 to 6,960
Hero: folds
10afd65f: folds
b68de5ad: folds
e2010133: folds
f9b42fe4: raises 5,360 to 12,320
8fee91e6: calls 3,660 and is all-in
Uncalled bet (1,700) returned to f9b42fe4
f9b42fe4: shows [7d 7s]
8fee91e6: shows [Js Jh]
*** FLOP *** [4h Ah Tc]
*** TURN *** [4h Ah Tc] [3s]
*** RIVER *** [4h Ah Tc 3s] [Qc]
*** SHOWDOWN ***
8fee91e6 collected 23,400 from pot
*** SUMMARY ***
Total pot 23,400 | Rake 0 | Jackpot 0 | Bingo 0 | Fortune 0 | Tax 0
Board [4h Ah Tc 3s Qc]
Seat 1: Hero folded before Flop
Seat 2: 10afd65f (button) folded before Flop
Seat 3: b68de5ad (small blind) folded before Flop
Seat 4: e2010133 (big blind) folded before Flop
Seat 5: 37cd1220 folded before Flop
Seat 6: f9b42fe4 showed [7d 7s] and lost with a pair of Sevens
Seat 7: f182556e folded before Flop
Seat 8: 8fee91e6 showed [Js Jh] and won (23,400) with a pair of Jacks


