Poker Hand #TM5685272242: Tournament #268632511, Bounty Hunters Special $8.88 Hold'em No Limit - Level2(60/120(18)) - 2026/03/09 16:47:03
Table '30' 8-max Seat #7 is the button
Seat 1: fecd2ada (5,815 in chips)
Seat 2: 760e8886 (9,166 in chips)
Seat 3: 42985dc8 (8,074 in chips)
Seat 4: 156be55e (10,927 in chips)
Seat 5: Hero (7,649 in chips)
Seat 6: 1608891d (11,705 in chips)
Seat 7: 2cc9196b (14,114 in chips)
Seat 8: f906cb4 (13,391 in chips)
fecd2ada: posts the ante 18
Hero: posts the ante 18
f906cb4: posts the ante 18
42985dc8: posts the ante 18
2cc9196b: posts the ante 18
1608891d: posts the ante 18
760e8886: posts the ante 18
156be55e: posts the ante 18
f906cb4: posts small blind 60
fecd2ada: posts big blind 120
*** HOLE CARDS ***
Dealt to fecd2ada 
Dealt to 760e8886 
Dealt to 42985dc8 
Dealt to 156be55e 
Dealt to Hero [4d 4c]
Dealt to 1608891d 
Dealt to 2cc9196b 
Dealt to f906cb4 
760e8886: raises 120 to 240
42985dc8: calls 240
156be55e: folds
Hero: calls 240
1608891d: folds
2cc9196b: raises 960 to 1,200
f906cb4: calls 1,140
fecd2ada: folds
760e8886: folds
42985dc8: folds
Hero: calls 960
*** FLOP *** [Qs 3d 9h]
f906cb4: checks
Hero: checks
2cc9196b: bets 1,434
f906cb4: folds
Hero: calls 1,434
*** TURN *** [Qs 3d 9h] [7c]
Hero: checks
2cc9196b: bets 11,462 and is all-in
Hero: calls 4,997 and is all-in
Uncalled bet (6,465) returned to 2cc9196b
2cc9196b: shows [Kh Ks] (a pair of Kings)
Hero: shows [4d 4c] (a pair of Fours)
*** RIVER *** [Qs 3d 9h 7c] [8h]
*** SHOWDOWN ***
2cc9196b collected 17,206 from pot
*** SUMMARY ***
Total pot 17,206 | Rake 0 | Jackpot 0 | Bingo 0 | Fortune 0 | Tax 0
Board [Qs 3d 9h 7c 8h]
Seat 1: fecd2ada (big blind) folded before Flop
Seat 2: 760e8886 folded before Flop
Seat 3: 42985dc8 folded before Flop
Seat 4: 156be55e folded before Flop
Seat 5: Hero showed [4d 4c] and lost with a pair of Fours
Seat 6: 1608891d folded before Flop
Seat 7: 2cc9196b (button) showed [Kh Ks] and won (17,206) with a pair of Kings
Seat 8: f906cb4 (small blind) folded on the Flop


Poker Hand #TM5685272235: Tournament #268632511, Bounty Hunters Special $8.88 Hold'em No Limit - Level2(60/120(18)) - 2026/03/09 16:45:28
Table '30' 8-max Seat #6 is the button
Seat 1: fecd2ada (5,833 in chips)
Seat 2: 760e8886 (9,184 in chips)
Seat 3: 42985dc8 (8,332 in chips)
Seat 4: 156be55e (9,841 in chips)
Seat 5: Hero (7,907 in chips)
Seat 6: 1608891d (11,723 in chips)
Seat 7: 2cc9196b (14,372 in chips)
Seat 8: f906cb4 (13,649 in chips)
fecd2ada: posts the ante 18
Hero: posts the ante 18
f906cb4: posts the ante 18
42985dc8: posts the ante 18
2cc9196b: posts the ante 18
1608891d: posts the ante 18
760e8886: posts the ante 18
156be55e: posts the ante 18
2cc9196b: posts small blind 60
f906cb4: posts big blind 120
*** HOLE CARDS ***
Dealt to fecd2ada 
Dealt to 760e8886 
Dealt to 42985dc8 
Dealt to 156be55e 
Dealt to Hero [As Tc]
Dealt to 1608891d 
Dealt to 2cc9196b 
Dealt to f906cb4 
fecd2ada: folds
760e8886: folds
42985dc8: raises 120 to 240
156be55e: calls 240
Hero: calls 240
1608891d: folds
2cc9196b: calls 180
f906cb4: calls 120
*** FLOP *** [3d 5s 5h]
2cc9196b: checks
f906cb4: checks
42985dc8: checks
156be55e: checks
Hero: checks
*** TURN *** [3d 5s 5h] [Jd]
2cc9196b: checks
f906cb4: checks
42985dc8: checks
156be55e: bets 240
Hero: folds
2cc9196b: folds
f906cb4: folds
42985dc8: folds
Uncalled bet (240) returned to 156be55e
*** SHOWDOWN ***
156be55e collected 1,344 from pot
*** SUMMARY ***
Total pot 1,344 | Rake 0 | Jackpot 0 | Bingo 0 | Fortune 0 | Tax 0
Board [3d 5s 5h Jd]
Seat 1: fecd2ada folded before Flop
Seat 2: 760e8886 folded before Flop
Seat 3: 42985dc8 folded on the Turn
Seat 4: 156be55e won (1,344)
Seat 5: Hero folded on the Turn
Seat 6: 1608891d (button) folded before Flop
Seat 7: 2cc9196b (small blind) folded on the Turn
Seat 8: f906cb4 (big blind) folded on the Turn


Poker Hand #TM5685272229: Tournament #268632511, Bounty Hunters Special $8.88 Hold'em No Limit - Level2(60/120(18)) - 2026/03/09 16:44:23
Table '30' 8-max Seat #5 is the button
Seat 1: fecd2ada (8,392 in chips)
Seat 2: 760e8886 (9,202 in chips)
Seat 3: 42985dc8 (8,350 in chips)
Seat 4: 156be55e (9,859 in chips)
Seat 5: Hero (5,060 in chips)
Seat 6: 1608891d (11,801 in chips)
Seat 7: 2cc9196b (14,510 in chips)
Seat 8: f906cb4 (13,667 in chips)
fecd2ada: posts the ante 18
Hero: posts the ante 18
f906cb4: posts the ante 18
42985dc8: posts the ante 18
2cc9196b: posts the ante 18
760e8886: posts the ante 18
1608891d: posts the ante 18
156be55e: posts the ante 18
1608891d: posts small blind 60
2cc9196b: posts big blind 120
*** HOLE CARDS ***
Dealt to fecd2ada 
Dealt to 760e8886 
Dealt to 42985dc8 
Dealt to 156be55e 
Dealt to Hero [As Jh]
Dealt to 1608891d 
Dealt to 2cc9196b 
Dealt to f906cb4 
f906cb4: folds
fecd2ada: raises 120 to 240
760e8886: folds
42985dc8: folds
156be55e: folds
Hero: calls 240
1608891d: folds
2cc9196b: folds
*** FLOP *** [Th 7c Ac]
fecd2ada: bets 266
Hero: calls 266
*** TURN *** [Th 7c Ac] [Jd]
fecd2ada: bets 960
Hero: calls 960
*** RIVER *** [Th 7c Ac Jd] [4c]
fecd2ada: bets 1,075
Hero: raises 2,501 to 3,576 and is all-in
fecd2ada: folds
Uncalled bet (2,501) returned to Hero
*** SHOWDOWN ***
Hero collected 5,406 from pot
*** SUMMARY ***
Total pot 5,406 | Rake 0 | Jackpot 0 | Bingo 0 | Fortune 0 | Tax 0
Board [Th 7c Ac Jd 4c]
Seat 1: fecd2ada folded on the River
Seat 2: 760e8886 folded before Flop
Seat 3: 42985dc8 folded before Flop
Seat 4: 156be55e folded before Flop
Seat 5: Hero (button) won (5,406)
Seat 6: 1608891d (small blind) folded before Flop
Seat 7: 2cc9196b (big blind) folded before Flop
Seat 8: f906cb4 folded before Flop


Poker Hand #TM5685272223: Tournament #268632511, Bounty Hunters Special $8.88 Hold'em No Limit - Level2(60/120(18)) - 2026/03/09 16:43:12
Table '30' 8-max Seat #4 is the button
Seat 1: fecd2ada (8,410 in chips)
Seat 2: 760e8886 (9,982 in chips)
Seat 3: 42985dc8 (8,368 in chips)
Seat 4: 156be55e (8,551 in chips)
Seat 5: Hero (5,138 in chips)
Seat 6: 1608891d (11,939 in chips)
Seat 7: 2cc9196b (14,768 in chips)
Seat 8: f906cb4 (13,685 in chips)
fecd2ada: posts the ante 18
f906cb4: posts the ante 18
Hero: posts the ante 18
42985dc8: posts the ante 18
2cc9196b: posts the ante 18
760e8886: posts the ante 18
1608891d: posts the ante 18
156be55e: posts the ante 18
Hero: posts small blind 60
1608891d: posts big blind 120
*** HOLE CARDS ***
Dealt to fecd2ada 
Dealt to 760e8886 
Dealt to 42985dc8 
Dealt to 156be55e 
Dealt to Hero [2h 5h]
Dealt to 1608891d 
Dealt to 2cc9196b 
Dealt to f906cb4 
2cc9196b: raises 120 to 240
f906cb4: folds
fecd2ada: folds
760e8886: calls 240
42985dc8: folds
156be55e: calls 240
Hero: folds
1608891d: folds
*** FLOP *** [5s Qc Th]
2cc9196b: checks
760e8886: checks
156be55e: checks
*** TURN *** [5s Qc Th] [2s]
2cc9196b: checks
760e8886: bets 522
156be55e: calls 522
2cc9196b: folds
*** RIVER *** [5s Qc Th 2s] [6s]
760e8886: checks
156be55e: checks
760e8886: shows [Tc 8c] (a pair of Tens)
156be55e: shows [Td Kd] (a pair of Tens)
*** SHOWDOWN ***
156be55e collected 2,088 from pot
*** SUMMARY ***
Total pot 2,088 | Rake 0 | Jackpot 0 | Bingo 0 | Fortune 0 | Tax 0
Board [5s Qc Th 2s 6s]
Seat 1: fecd2ada folded before Flop
Seat 2: 760e8886 showed [Tc 8c] and lost with a pair of Tens
Seat 3: 42985dc8 folded before Flop
Seat 4: 156be55e (button) showed [Td Kd] and won (2,088) with a pair of Tens
Seat 5: Hero (small blind) folded before Flop
Seat 6: 1608891d (big blind) folded before Flop
Seat 7: 2cc9196b folded on the Turn
Seat 8: f906cb4 folded before Flop


Poker Hand #TM5685272219: Tournament #268632511, Bounty Hunters Special $8.88 Hold'em No Limit - Level2(60/120(18)) - 2026/03/09 16:42:13
Table '30' 8-max Seat #3 is the button
Seat 1: fecd2ada (8,428 in chips)
Seat 2: 760e8886 (10,000 in chips)
Seat 3: 42985dc8 (8,386 in chips)
Seat 4: 156be55e (8,629 in chips)
Seat 5: Hero (10,069 in chips)
Seat 6: 1608891d (11,957 in chips)
Seat 7: 2cc9196b (9,669 in chips)
Seat 8: f906cb4 (13,703 in chips)
fecd2ada: posts the ante 18
f906cb4: posts the ante 18
Hero: posts the ante 18
42985dc8: posts the ante 18
2cc9196b: posts the ante 18
760e8886: posts the ante 18
1608891d: posts the ante 18
156be55e: posts the ante 18
156be55e: posts small blind 60
Hero: posts big blind 120
*** HOLE CARDS ***
Dealt to fecd2ada 
Dealt to 760e8886 
Dealt to 42985dc8 
Dealt to 156be55e 
Dealt to Hero [Jc 8h]
Dealt to 1608891d 
Dealt to 2cc9196b 
Dealt to f906cb4 
1608891d: folds
2cc9196b: raises 120 to 240
f906cb4: folds
fecd2ada: folds
760e8886: folds
42985dc8: folds
156be55e: folds
Hero: calls 120
*** FLOP *** [9c 4c Jd]
Hero: checks
2cc9196b: bets 226
Hero: calls 226
*** TURN *** [9c 4c Jd] [2c]
Hero: checks
2cc9196b: bets 375
Hero: raises 1,063 to 1,438
2cc9196b: calls 1,063
*** RIVER *** [9c 4c Jd 2c] [Th]
Hero: checks
2cc9196b: bets 3,009
Hero: calls 3,009
2cc9196b: shows [4d 4h] (three of a kind, Fours)
Hero: shows [Jc 8h] (a pair of Jacks)
*** SHOWDOWN ***
2cc9196b collected 10,030 from pot
*** SUMMARY ***
Total pot 10,030 | Rake 0 | Jackpot 0 | Bingo 0 | Fortune 0 | Tax 0
Board [9c 4c Jd 2c Th]
Seat 1: fecd2ada folded before Flop
Seat 2: 760e8886 folded before Flop
Seat 3: 42985dc8 (button) folded before Flop
Seat 4: 156be55e (small blind) folded before Flop
Seat 5: Hero (big blind) showed [Jc 8h] and lost with a pair of Jacks
Seat 6: 1608891d folded before Flop
Seat 7: 2cc9196b showed [4d 4h] and won (10,030) with three of a kind, Fours
Seat 8: f906cb4 folded before Flop


Poker Hand #TM5685272214: Tournament #268632511, Bounty Hunters Special $8.88 Hold'em No Limit - Level2(60/120(18)) - 2026/03/09 16:41:07
Table '30' 8-max Seat #1 is the button
Seat 1: fecd2ada (9,807 in chips)
Seat 3: 42985dc8 (8,644 in chips)
Seat 4: 156be55e (8,767 in chips)
Seat 5: Hero (10,087 in chips)
Seat 6: 1608891d (11,975 in chips)
Seat 7: 2cc9196b (9,687 in chips)
Seat 8: f906cb4 (11,874 in chips)
fecd2ada: posts the ante 18
f906cb4: posts the ante 18
Hero: posts the ante 18
42985dc8: posts the ante 18
2cc9196b: posts the ante 18
1608891d: posts the ante 18
156be55e: posts the ante 18
42985dc8: posts small blind 60
156be55e: posts big blind 120
*** HOLE CARDS ***
Dealt to fecd2ada 
Dealt to 42985dc8 
Dealt to 156be55e 
Dealt to Hero [6h 9s]
Dealt to 1608891d 
Dealt to 2cc9196b 
Dealt to f906cb4 
Hero: folds
1608891d: folds
2cc9196b: folds
f906cb4: raises 120 to 240
fecd2ada: calls 240
42985dc8: calls 180
156be55e: folds
*** FLOP *** [8h 9c 6d]
42985dc8: checks
f906cb4: bets 319
fecd2ada: calls 319
42985dc8: folds
*** TURN *** [8h 9c 6d] [Ks]
f906cb4: checks
fecd2ada: checks
*** RIVER *** [8h 9c 6d Ks] [3h]
f906cb4: bets 802
fecd2ada: calls 802
f906cb4: shows [Kc Kh] (three of a kind, Kings)
fecd2ada: shows [Ts 8s] (a pair of Eights)
*** SHOWDOWN ***
f906cb4 collected 3,208 from pot
*** SUMMARY ***
Total pot 3,208 | Rake 0 | Jackpot 0 | Bingo 0 | Fortune 0 | Tax 0
Board [8h 9c 6d Ks 3h]
Seat 1: fecd2ada (button) showed [Ts 8s] and lost with a pair of Eights
Seat 3: 42985dc8 (small blind) folded on the Flop
Seat 4: 156be55e (big blind) folded before Flop
Seat 5: Hero folded before Flop
Seat 6: 1608891d folded before Flop
Seat 7: 2cc9196b folded before Flop
Seat 8: f906cb4 showed [Kc Kh] and won (3,208) with three of a kind, Kings


Poker Hand #TM5685272211: Tournament #268632511, Bounty Hunters Special $8.88 Hold'em No Limit - Level2(60/120(18)) - 2026/03/09 16:40:05
Table '30' 8-max Seat #8 is the button
Seat 1: fecd2ada (9,885 in chips)
Seat 3: 42985dc8 (8,782 in chips)
Seat 4: 156be55e (9,265 in chips)
Seat 5: Hero (10,105 in chips)
Seat 6: 1608891d (10,727 in chips)
Seat 7: 2cc9196b (9,705 in chips)
Seat 8: f906cb4 (12,372 in chips)
fecd2ada: posts the ante 18
f906cb4: posts the ante 18
Hero: posts the ante 18
42985dc8: posts the ante 18
2cc9196b: posts the ante 18
1608891d: posts the ante 18
156be55e: posts the ante 18
fecd2ada: posts small blind 60
42985dc8: posts big blind 120
*** HOLE CARDS ***
Dealt to fecd2ada 
Dealt to 42985dc8 
Dealt to 156be55e 
Dealt to Hero [6c Tc]
Dealt to 1608891d 
Dealt to 2cc9196b 
Dealt to f906cb4 
156be55e: raises 120 to 240
Hero: folds
1608891d: calls 240
2cc9196b: folds
f906cb4: calls 240
fecd2ada: folds
42985dc8: folds
*** FLOP *** [2d Jh 5c]
156be55e: checks
1608891d: checks
f906cb4: checks
*** TURN *** [2d Jh 5c] [5h]
156be55e: bets 240
1608891d: calls 240
f906cb4: calls 240
*** RIVER *** [2d Jh 5c 5h] [2c]
156be55e: checks
1608891d: checks
f906cb4: checks
156be55e: shows [8d Qd] (two pair, Fives and Twos)
1608891d: shows [As 9s] (two pair, Fives and Twos)
f906cb4: shows [8h 9h] (two pair, Fives and Twos)
*** SHOWDOWN ***
1608891d collected 1,746 from pot
*** SUMMARY ***
Total pot 1,746 | Rake 0 | Jackpot 0 | Bingo 0 | Fortune 0 | Tax 0
Board [2d Jh 5c 5h 2c]
Seat 1: fecd2ada (small blind) folded before Flop
Seat 3: 42985dc8 (big blind) folded before Flop
Seat 4: 156be55e showed [8d Qd] and lost with two pair, Fives and Twos
Seat 5: Hero folded before Flop
Seat 6: 1608891d showed [As 9s] and won (1,746) with two pair, Fives and Twos
Seat 7: 2cc9196b folded before Flop
Seat 8: f906cb4 (button) showed [8h 9h] and lost with two pair, Fives and Twos


Poker Hand #TM5685272206: Tournament #268632511, Bounty Hunters Special $8.88 Hold'em No Limit - Level1(50/100(15)) - 2026/03/09 16:39:07
Table '30' 8-max Seat #7 is the button
Seat 1: fecd2ada (10,000 in chips)
Seat 2: e5f4c907 (9,895 in chips)
Seat 3: 42985dc8 (9,285 in chips)
Seat 4: 156be55e (9,280 in chips)
Seat 5: Hero (8,301 in chips)
Seat 6: 1608891d (10,742 in chips)
Seat 7: 2cc9196b (9,720 in chips)
Seat 8: f906cb4 (12,437 in chips)
e5f4c907: posts the ante 15
fecd2ada: posts the ante 15
Hero: posts the ante 15
f906cb4: posts the ante 15
42985dc8: posts the ante 15
2cc9196b: posts the ante 15
1608891d: posts the ante 15
156be55e: posts the ante 15
f906cb4: posts small blind 50
fecd2ada: posts big blind 100
*** HOLE CARDS ***
Dealt to fecd2ada 
Dealt to e5f4c907 
Dealt to 42985dc8 
Dealt to 156be55e 
Dealt to Hero [Qh 8h]
Dealt to 1608891d 
Dealt to 2cc9196b 
Dealt to f906cb4 
e5f4c907: raises 100 to 200
42985dc8: calls 200
156be55e: folds
Hero: calls 200
1608891d: folds
2cc9196b: folds
f906cb4: folds
fecd2ada: folds
*** FLOP *** [9c 4c 3h]
e5f4c907: bets 288
42985dc8: calls 288
Hero: calls 288
*** TURN *** [9c 4c 3h] [9h]
e5f4c907: bets 573
42985dc8: folds
Hero: raises 1,440 to 2,013
e5f4c907: folds
Uncalled bet (1,440) returned to Hero
*** SHOWDOWN ***
Hero collected 2,880 from pot
*** SUMMARY ***
Total pot 2,880 | Rake 0 | Jackpot 0 | Bingo 0 | Fortune 0 | Tax 0
Board [9c 4c 3h 9h]
Seat 1: fecd2ada (big blind) folded before Flop
Seat 2: e5f4c907 folded on the Turn
Seat 3: 42985dc8 folded on the Turn
Seat 4: 156be55e folded before Flop
Seat 5: Hero won (2,880)
Seat 6: 1608891d folded before Flop
Seat 7: 2cc9196b (button) folded before Flop
Seat 8: f906cb4 (small blind) folded before Flop


Poker Hand #TM5685272200: Tournament #268632511, Bounty Hunters Special $8.88 Hold'em No Limit - Level1(50/100(15)) - 2026/03/09 16:38:20
Table '30' 8-max Seat #6 is the button
Seat 2: e5f4c907 (9,910 in chips)
Seat 3: 42985dc8 (9,300 in chips)
Seat 4: 156be55e (9,295 in chips)
Seat 5: Hero (9,550 in chips)
Seat 6: 1608891d (10,757 in chips)
Seat 7: 2cc9196b (9,785 in chips)
Seat 8: f906cb4 (11,063 in chips)
e5f4c907: posts the ante 15
Hero: posts the ante 15
f906cb4: posts the ante 15
42985dc8: posts the ante 15
2cc9196b: posts the ante 15
1608891d: posts the ante 15
156be55e: posts the ante 15
2cc9196b: posts small blind 50
f906cb4: posts big blind 100
*** HOLE CARDS ***
Dealt to e5f4c907 
Dealt to 42985dc8 
Dealt to 156be55e 
Dealt to Hero [Js 7s]
Dealt to 1608891d 
Dealt to 2cc9196b 
Dealt to f906cb4 
e5f4c907: folds
42985dc8: folds
156be55e: folds
Hero: raises 100 to 200
1608891d: folds
2cc9196b: folds
f906cb4: calls 100
*** FLOP *** [4s 6h 5h]
f906cb4: checks
Hero: checks
*** TURN *** [4s 6h 5h] [4d]
f906cb4: checks
Hero: checks
*** RIVER *** [4s 6h 5h 4d] [As]
f906cb4: bets 278
Hero: raises 756 to 1,034
f906cb4: calls 756
Hero: shows [Js 7s] (a pair of Fours)
f906cb4: shows [6s 5d] (two pair, Sixes and Fives)
*** SHOWDOWN ***
f906cb4 collected 2,623 from pot
*** SUMMARY ***
Total pot 2,623 | Rake 0 | Jackpot 0 | Bingo 0 | Fortune 0 | Tax 0
Board [4s 6h 5h 4d As]
Seat 2: e5f4c907 folded before Flop
Seat 3: 42985dc8 folded before Flop
Seat 4: 156be55e folded before Flop
Seat 5: Hero showed [Js 7s] and lost with a pair of Fours
Seat 6: 1608891d (button) folded before Flop
Seat 7: 2cc9196b (small blind) folded before Flop
Seat 8: f906cb4 (big blind) showed [6s 5d] and won (2,623) with two pair, Sixes and Fives


Poker Hand #TM5685272195: Tournament #268632511, Bounty Hunters Special $8.88 Hold'em No Limit - Level1(50/100(15)) - 2026/03/09 16:36:58
Table '30' 8-max Seat #5 is the button
Seat 1: 98a50d11 (11,110 in chips)
Seat 2: e5f4c907 (9,925 in chips)
Seat 3: 42985dc8 (9,315 in chips)
Seat 4: 156be55e (9,310 in chips)
Seat 5: Hero (9,565 in chips)
Seat 6: 1608891d (9,952 in chips)
Seat 7: 2cc9196b (10,000 in chips)
Seat 8: f906cb4 (11,578 in chips)
e5f4c907: posts the ante 15
98a50d11: posts the ante 15
Hero: posts the ante 15
f906cb4: posts the ante 15
42985dc8: posts the ante 15
2cc9196b: posts the ante 15
1608891d: posts the ante 15
156be55e: posts the ante 15
1608891d: posts small blind 50
2cc9196b: posts big blind 100
*** HOLE CARDS ***
Dealt to 98a50d11 
Dealt to e5f4c907 
Dealt to 42985dc8 
Dealt to 156be55e 
Dealt to Hero [2c 7d]
Dealt to 1608891d 
Dealt to 2cc9196b 
Dealt to f906cb4 
f906cb4: calls 100
98a50d11: folds
e5f4c907: folds
42985dc8: folds
156be55e: folds
Hero: folds
1608891d: calls 50
2cc9196b: checks
*** FLOP *** [Kc Ad 9d]
1608891d: bets 100
2cc9196b: calls 100
f906cb4: calls 100
*** TURN *** [Kc Ad 9d] [As]
1608891d: bets 300
2cc9196b: folds
f906cb4: calls 300
*** RIVER *** [Kc Ad 9d As] [4s]
1608891d: bets 800
f906cb4: folds
Uncalled bet (800) returned to 1608891d
*** SHOWDOWN ***
1608891d collected 1,320 from pot
*** SUMMARY ***
Total pot 1,320 | Rake 0 | Jackpot 0 | Bingo 0 | Fortune 0 | Tax 0
Board [Kc Ad 9d As 4s]
Seat 1: 98a50d11 folded before Flop
Seat 2: e5f4c907 folded before Flop
Seat 3: 42985dc8 folded before Flop
Seat 4: 156be55e folded before Flop
Seat 5: Hero (button) folded before Flop
Seat 6: 1608891d (small blind) won (1,320)
Seat 7: 2cc9196b (big blind) folded on the Turn
Seat 8: f906cb4 folded on the River


Poker Hand #TM5685272188: Tournament #268632511, Bounty Hunters Special $8.88 Hold'em No Limit - Level1(50/100(15)) - 2026/03/09 16:35:32
Table '30' 8-max Seat #4 is the button
Seat 1: 98a50d11 (11,125 in chips)
Seat 2: e5f4c907 (9,940 in chips)
Seat 3: 42985dc8 (9,330 in chips)
Seat 4: 156be55e (9,525 in chips)
Seat 5: Hero (9,630 in chips)
Seat 6: 1608891d (11,220 in chips)
Seat 7: 7c27afb (9,055 in chips)
Seat 8: f906cb4 (9,970 in chips)
e5f4c907: posts the ante 15
98a50d11: posts the ante 15
f906cb4: posts the ante 15
Hero: posts the ante 15
42985dc8: posts the ante 15
7c27afb: posts the ante 15
1608891d: posts the ante 15
156be55e: posts the ante 15
Hero: posts small blind 50
1608891d: posts big blind 100
*** HOLE CARDS ***
Dealt to 98a50d11 
Dealt to e5f4c907 
Dealt to 42985dc8 
Dealt to 156be55e 
Dealt to Hero [5c Jh]
Dealt to 1608891d 
Dealt to 7c27afb 
Dealt to f906cb4 
7c27afb: folds
f906cb4: calls 100
98a50d11: folds
e5f4c907: folds
42985dc8: folds
156be55e: raises 100 to 200
Hero: folds
1608891d: calls 100
f906cb4: calls 100
*** FLOP *** [6d 2c Ts]
1608891d: checks
f906cb4: checks
156be55e: checks
*** TURN *** [6d 2c Ts] [6h]
1608891d: bets 300
f906cb4: calls 300
156be55e: folds
*** RIVER *** [6d 2c Ts 6h] [8d]
1608891d: checks
f906cb4: bets 753
1608891d: calls 753
f906cb4: shows [9d 9s] (two pair, Nines and Sixes)
1608891d: shows [4s 4c] (two pair, Sixes and Fours)
*** SHOWDOWN ***
f906cb4 collected 2,876 from pot
*** SUMMARY ***
Total pot 2,876 | Rake 0 | Jackpot 0 | Bingo 0 | Fortune 0 | Tax 0
Board [6d 2c Ts 6h 8d]
Seat 1: 98a50d11 folded before Flop
Seat 2: e5f4c907 folded before Flop
Seat 3: 42985dc8 folded before Flop
Seat 4: 156be55e (button) folded on the Turn
Seat 5: Hero (small blind) folded before Flop
Seat 6: 1608891d (big blind) showed [4s 4c] and lost with two pair, Sixes and Fours
Seat 7: 7c27afb folded before Flop
Seat 8: f906cb4 showed [9d 9s] and won (2,876) with two pair, Nines and Sixes


Poker Hand #TM5685272181: Tournament #268632511, Bounty Hunters Special $8.88 Hold'em No Limit - Level1(50/100(15)) - 2026/03/09 16:34:20
Table '30' 8-max Seat #3 is the button
Seat 1: 98a50d11 (10,000 in chips)
Seat 2: e5f4c907 (9,955 in chips)
Seat 3: 42985dc8 (9,345 in chips)
Seat 4: 156be55e (9,590 in chips)
Seat 5: Hero (9,745 in chips)
Seat 6: 1608891d (11,235 in chips)
Seat 7: 7c27afb (9,940 in chips)
Seat 8: f906cb4 (9,985 in chips)
e5f4c907: posts the ante 15
98a50d11: posts the ante 15
f906cb4: posts the ante 15
Hero: posts the ante 15
42985dc8: posts the ante 15
7c27afb: posts the ante 15
1608891d: posts the ante 15
156be55e: posts the ante 15
156be55e: posts small blind 50
Hero: posts big blind 100
*** HOLE CARDS ***
Dealt to 98a50d11 
Dealt to e5f4c907 
Dealt to 42985dc8 
Dealt to 156be55e 
Dealt to Hero [Kd Ad]
Dealt to 1608891d 
Dealt to 7c27afb 
Dealt to f906cb4 
1608891d: folds
7c27afb: raises 100 to 200
f906cb4: folds
98a50d11: raises 670 to 870
e5f4c907: folds
42985dc8: folds
156be55e: folds
Hero: folds
7c27afb: calls 670
*** FLOP *** [Qd 2d 4s]
7c27afb: checks
98a50d11: bets 1,005
7c27afb: folds
Uncalled bet (1,005) returned to 98a50d11
*** SHOWDOWN ***
98a50d11 collected 2,010 from pot
*** SUMMARY ***
Total pot 2,010 | Rake 0 | Jackpot 0 | Bingo 0 | Fortune 0 | Tax 0
Board [Qd 2d 4s]
Seat 1: 98a50d11 won (2,010)
Seat 2: e5f4c907 folded before Flop
Seat 3: 42985dc8 (button) folded before Flop
Seat 4: 156be55e (small blind) folded before Flop
Seat 5: Hero (big blind) folded before Flop
Seat 6: 1608891d folded before Flop
Seat 7: 7c27afb folded on the Flop
Seat 8: f906cb4 folded before Flop


Poker Hand #TM5685272177: Tournament #268632511, Bounty Hunters Special $8.88 Hold'em No Limit - Level1(50/100(15)) - 2026/03/09 16:33:21
Table '30' 8-max Seat #2 is the button
Seat 2: e5f4c907 (9,970 in chips)
Seat 3: 42985dc8 (9,955 in chips)
Seat 4: 156be55e (10,200 in chips)
Seat 5: Hero (9,760 in chips)
Seat 6: 1608891d (9,955 in chips)
Seat 7: 7c27afb (9,955 in chips)
Seat 8: f906cb4 (10,000 in chips)
e5f4c907: posts the ante 15
f906cb4: posts the ante 15
Hero: posts the ante 15
42985dc8: posts the ante 15
7c27afb: posts the ante 15
1608891d: posts the ante 15
156be55e: posts the ante 15
42985dc8: posts small blind 50
156be55e: posts big blind 100
*** HOLE CARDS ***
Dealt to e5f4c907 
Dealt to 42985dc8 
Dealt to 156be55e 
Dealt to Hero [Qs 4h]
Dealt to 1608891d 
Dealt to 7c27afb 
Dealt to f906cb4 
Hero: folds
1608891d: raises 100 to 200
7c27afb: folds
f906cb4: folds
e5f4c907: folds
42985dc8: calls 150
156be55e: calls 100
*** FLOP *** [2c 8d Tc]
42985dc8: checks
156be55e: checks
1608891d: bets 395
42985dc8: calls 395
156be55e: calls 395
*** TURN *** [2c 8d Tc] [4d]
42985dc8: checks
156be55e: checks
1608891d: bets 1,607
42985dc8: folds
156be55e: folds
Uncalled bet (1,607) returned to 1608891d
*** SHOWDOWN ***
1608891d collected 1,890 from pot
*** SUMMARY ***
Total pot 1,890 | Rake 0 | Jackpot 0 | Bingo 0 | Fortune 0 | Tax 0
Board [2c 8d Tc 4d]
Seat 2: e5f4c907 (button) folded before Flop
Seat 3: 42985dc8 (small blind) folded on the Turn
Seat 4: 156be55e (big blind) folded on the Turn
Seat 5: Hero folded before Flop
Seat 6: 1608891d won (1,890)
Seat 7: 7c27afb folded before Flop
Seat 8: f906cb4 folded before Flop


Poker Hand #TM5685352681: Tournament #268632511, Bounty Hunters Special $8.88 Hold'em No Limit - Level1(50/100(15)) - 2026/03/09 16:32:58
Table '5' 8-max Seat #6 is the button
Seat 1: 90a66e61 (9,675 in chips)
Seat 2: Hero (9,775 in chips)
Seat 3: 411c89a6 (9,775 in chips)
Seat 4: b2e99848 (9,575 in chips)
Seat 5: 8fda8ad (10,000 in chips)
Seat 6: c2e14814 (9,775 in chips)
Seat 7: bf96bc51 (10,335 in chips)
bf96bc51: posts the ante 15
8fda8ad: posts the ante 15
b2e99848: posts the ante 15
Hero: posts the ante 15
c2e14814: posts the ante 15
411c89a6: posts the ante 15
90a66e61: posts the ante 15
bf96bc51: posts small blind 50
90a66e61: posts big blind 100
*** HOLE CARDS ***
Dealt to 90a66e61 
Dealt to Hero [7h 6c]
Dealt to 411c89a6 
Dealt to b2e99848 
Dealt to 8fda8ad 
Dealt to c2e14814 
Dealt to bf96bc51 
Hero: folds
411c89a6: folds
b2e99848: raises 100 to 200
8fda8ad: folds
c2e14814: folds
bf96bc51: folds
90a66e61: folds
Uncalled bet (100) returned to b2e99848
*** SHOWDOWN ***
b2e99848 collected 355 from pot
*** SUMMARY ***
Total pot 355 | Rake 0 | Jackpot 0 | Bingo 0 | Fortune 0 | Tax 0
Seat 1: 90a66e61 (big blind) folded before Flop
Seat 2: Hero folded before Flop
Seat 3: 411c89a6 folded before Flop
Seat 4: b2e99848 collected (355)
Seat 5: 8fda8ad folded before Flop
Seat 6: c2e14814 (button) folded before Flop
Seat 7: bf96bc51 (small blind) folded before Flop


Poker Hand #TM5685352676: Tournament #268632511, Bounty Hunters Special $8.88 Hold'em No Limit - Level1(50/100(15)) - 2026/03/09 16:32:40
Table '5' 8-max Seat #4 is the button
Seat 1: 90a66e61 (9,690 in chips)
Seat 2: Hero (9,790 in chips)
Seat 3: 411c89a6 (9,790 in chips)
Seat 4: b2e99848 (9,590 in chips)
Seat 6: c2e14814 (9,840 in chips)
Seat 7: bf96bc51 (10,195 in chips)
Seat 8: 8d4766fe (10,698 in chips)
bf96bc51: posts the ante 15
b2e99848: posts the ante 15
Hero: posts the ante 15
411c89a6: posts the ante 15
c2e14814: posts the ante 15
8d4766fe: posts the ante 15
90a66e61: posts the ante 15
c2e14814: posts small blind 50
bf96bc51: posts big blind 100
*** HOLE CARDS ***
Dealt to 90a66e61 
Dealt to Hero [Ac As]
Dealt to 411c89a6 
Dealt to b2e99848 
Dealt to c2e14814 
Dealt to bf96bc51 
Dealt to 8d4766fe 
8d4766fe: folds
90a66e61: folds
Hero: folds
411c89a6: folds
b2e99848: folds
c2e14814: folds
Uncalled bet (50) returned to bf96bc51
*** SHOWDOWN ***
bf96bc51 collected 205 from pot
*** SUMMARY ***
Total pot 205 | Rake 0 | Jackpot 0 | Bingo 0 | Fortune 0 | Tax 0
Seat 1: 90a66e61 folded before Flop
Seat 2: Hero folded before Flop
Seat 3: 411c89a6 folded before Flop
Seat 4: b2e99848 (button) folded before Flop
Seat 6: c2e14814 (small blind) folded before Flop
Seat 7: bf96bc51 (big blind) collected (205)
Seat 8: 8d4766fe folded before Flop


Poker Hand #TM5685352673: Tournament #268632511, Bounty Hunters Special $8.88 Hold'em No Limit - Level1(50/100(15)) - 2026/03/09 16:32:25
Table '5' 8-max Seat #3 is the button
Seat 1: 90a66e61 (9,705 in chips)
Seat 2: Hero (9,805 in chips)
Seat 3: 411c89a6 (9,805 in chips)
Seat 4: b2e99848 (9,655 in chips)
Seat 6: c2e14814 (9,955 in chips)
Seat 7: bf96bc51 (9,955 in chips)
Seat 8: 8d4766fe (10,713 in chips)
bf96bc51: posts the ante 15
b2e99848: posts the ante 15
Hero: posts the ante 15
411c89a6: posts the ante 15
c2e14814: posts the ante 15
8d4766fe: posts the ante 15
90a66e61: posts the ante 15
b2e99848: posts small blind 50
c2e14814: posts big blind 100
*** HOLE CARDS ***
Dealt to 90a66e61 
Dealt to Hero [2h 9s]
Dealt to 411c89a6 
Dealt to b2e99848 
Dealt to c2e14814 
Dealt to bf96bc51 
Dealt to 8d4766fe 
bf96bc51: raises 100 to 200
8d4766fe: folds
90a66e61: folds
Hero: folds
411c89a6: folds
b2e99848: folds
c2e14814: folds
Uncalled bet (100) returned to bf96bc51
*** SHOWDOWN ***
bf96bc51 collected 355 from pot
*** SUMMARY ***
Total pot 355 | Rake 0 | Jackpot 0 | Bingo 0 | Fortune 0 | Tax 0
Seat 1: 90a66e61 folded before Flop
Seat 2: Hero folded before Flop
Seat 3: 411c89a6 (button) folded before Flop
Seat 4: b2e99848 (small blind) folded before Flop
Seat 6: c2e14814 (big blind) folded before Flop
Seat 7: bf96bc51 collected (355)
Seat 8: 8d4766fe folded before Flop


Poker Hand #TM5685352665: Tournament #268632511, Bounty Hunters Special $8.88 Hold'em No Limit - Level1(50/100(15)) - 2026/03/09 16:31:59
Table '5' 8-max Seat #2 is the button
Seat 1: 90a66e61 (9,720 in chips)
Seat 2: Hero (9,820 in chips)
Seat 3: 411c89a6 (9,870 in chips)
Seat 4: b2e99848 (9,770 in chips)
Seat 5: 64812770 (10,152 in chips)
Seat 6: c2e14814 (9,970 in chips)
Seat 7: bf96bc51 (9,970 in chips)
Seat 8: 8d4766fe (10,728 in chips)
64812770: posts the ante 15
bf96bc51: posts the ante 15
b2e99848: posts the ante 15
Hero: posts the ante 15
c2e14814: posts the ante 15
411c89a6: posts the ante 15
8d4766fe: posts the ante 15
90a66e61: posts the ante 15
411c89a6: posts small blind 50
b2e99848: posts big blind 100
*** HOLE CARDS ***
Dealt to 90a66e61 
Dealt to Hero [Kc 5c]
Dealt to 411c89a6 
Dealt to b2e99848 
Dealt to 64812770 
Dealt to c2e14814 
Dealt to bf96bc51 
Dealt to 8d4766fe 
64812770: raises 200 to 300
c2e14814: folds
bf96bc51: folds
8d4766fe: folds
90a66e61: folds
Hero: folds
411c89a6: folds
b2e99848: folds
Uncalled bet (200) returned to 64812770
*** SHOWDOWN ***
64812770 collected 370 from pot
*** SUMMARY ***
Total pot 370 | Rake 0 | Jackpot 0 | Bingo 0 | Fortune 0 | Tax 0
Seat 1: 90a66e61 folded before Flop
Seat 2: Hero (button) folded before Flop
Seat 3: 411c89a6 (small blind) folded before Flop
Seat 4: b2e99848 (big blind) folded before Flop
Seat 5: 64812770 collected (370)
Seat 6: c2e14814 folded before Flop
Seat 7: bf96bc51 folded before Flop
Seat 8: 8d4766fe folded before Flop


Poker Hand #TM5685352657: Tournament #268632511, Bounty Hunters Special $8.88 Hold'em No Limit - Level1(50/100(15)) - 2026/03/09 16:31:15
Table '5' 8-max Seat #1 is the button
Seat 1: 90a66e61 (9,935 in chips)
Seat 2: Hero (9,885 in chips)
Seat 3: 411c89a6 (9,985 in chips)
Seat 4: b2e99848 (9,785 in chips)
Seat 5: 64812770 (9,497 in chips)
Seat 6: c2e14814 (9,985 in chips)
Seat 7: bf96bc51 (9,985 in chips)
Seat 8: 8d4766fe (10,943 in chips)
64812770: posts the ante 15
bf96bc51: posts the ante 15
b2e99848: posts the ante 15
Hero: posts the ante 15
c2e14814: posts the ante 15
411c89a6: posts the ante 15
8d4766fe: posts the ante 15
90a66e61: posts the ante 15
Hero: posts small blind 50
411c89a6: posts big blind 100
*** HOLE CARDS ***
Dealt to 90a66e61 
Dealt to Hero [4d Qd]
Dealt to 411c89a6 
Dealt to b2e99848 
Dealt to 64812770 
Dealt to c2e14814 
Dealt to bf96bc51 
Dealt to 8d4766fe 
b2e99848: folds
64812770: raises 100 to 200
c2e14814: folds
bf96bc51: folds
8d4766fe: calls 200
90a66e61: calls 200
Hero: folds
411c89a6: folds
*** FLOP *** [Td Js 8h]
64812770: bets 435
8d4766fe: folds
90a66e61: folds
Uncalled bet (435) returned to 64812770
*** SHOWDOWN ***
64812770 collected 870 from pot
*** SUMMARY ***
Total pot 870 | Rake 0 | Jackpot 0 | Bingo 0 | Fortune 0 | Tax 0
Board [Td Js 8h]
Seat 1: 90a66e61 (button) folded on the Flop
Seat 2: Hero (small blind) folded before Flop
Seat 3: 411c89a6 (big blind) folded before Flop
Seat 4: b2e99848 folded before Flop
Seat 5: 64812770 won (870)
Seat 6: c2e14814 folded before Flop
Seat 7: bf96bc51 folded before Flop
Seat 8: 8d4766fe folded on the Flop


Poker Hand #TM5685352647: Tournament #268632511, Bounty Hunters Special $8.88 Hold'em No Limit - Level1(50/100(15)) - 2026/03/09 16:30:02
Table '5' 8-max Seat #8 is the button
Seat 1: 90a66e61 (10,000 in chips)
Seat 2: Hero (10,000 in chips)
Seat 3: 411c89a6 (10,000 in chips)
Seat 4: b2e99848 (10,000 in chips)
Seat 5: 64812770 (10,000 in chips)
Seat 6: c2e14814 (10,000 in chips)
Seat 7: bf96bc51 (10,000 in chips)
Seat 8: 8d4766fe (10,000 in chips)
64812770: posts the ante 15
bf96bc51: posts the ante 15
b2e99848: posts the ante 15
Hero: posts the ante 15
c2e14814: posts the ante 15
411c89a6: posts the ante 15
8d4766fe: posts the ante 15
90a66e61: posts the ante 15
90a66e61: posts small blind 50
Hero: posts big blind 100
*** HOLE CARDS ***
Dealt to 90a66e61 
Dealt to Hero [Ac Jh]
Dealt to 411c89a6 
Dealt to b2e99848 
Dealt to 64812770 
Dealt to c2e14814 
Dealt to bf96bc51 
Dealt to 8d4766fe 
411c89a6: folds
b2e99848: raises 100 to 200
64812770: calls 200
c2e14814: folds
bf96bc51: folds
8d4766fe: calls 200
90a66e61: folds
Hero: folds
*** FLOP *** [6s Jd As]
b2e99848: checks
64812770: bets 288
8d4766fe: calls 288
b2e99848: folds
*** TURN *** [6s Jd As] [8s]
64812770: checks
8d4766fe: checks
*** RIVER *** [6s Jd As 8s] [Qc]
64812770: checks
8d4766fe: checks
64812770: shows [Qs 4c] (a pair of Queens)
8d4766fe: shows [Ah 4h] (a pair of Aces)
*** SHOWDOWN ***
8d4766fe collected 1,446 from pot
*** SUMMARY ***
Total pot 1,446 | Rake 0 | Jackpot 0 | Bingo 0 | Fortune 0 | Tax 0
Board [6s Jd As 8s Qc]
Seat 1: 90a66e61 (small blind) folded before Flop
Seat 2: Hero (big blind) folded before Flop
Seat 3: 411c89a6 folded before Flop
Seat 4: b2e99848 folded on the Flop
Seat 5: 64812770 showed [Qs 4c] and lost with a pair of Queens
Seat 6: c2e14814 folded before Flop
Seat 7: bf96bc51 folded before Flop
Seat 8: 8d4766fe (button) showed [Ah 4h] and won (1,446) with a pair of Aces


