Poker Hand #TM5670525273: Tournament #267945227, Bounty Hunters Special $8.88 Hold'em No Limit - Level9(250/500(75)) - 2026/03/06 18:06:01
Table '38' 8-max Seat #4 is the button
Seat 1: 2e734708 (15,936 in chips)
Seat 2: 78d5cd1 (26,675 in chips)
Seat 3: 840dcaef (17,336 in chips)
Seat 4: c1bf4c13 (28,052 in chips)
Seat 5: Hero (5,361 in chips)
Seat 6: a1af6f23 (54,058 in chips)
Seat 7: fc4e37b5 (21,518 in chips)
Seat 8: 3e0990b7 (15,937 in chips)
a1af6f23: posts the ante 75
Hero: posts the ante 75
2e734708: posts the ante 75
c1bf4c13: posts the ante 75
840dcaef: posts the ante 75
78d5cd1: posts the ante 75
3e0990b7: posts the ante 75
fc4e37b5: posts the ante 75
Hero: posts small blind 250
a1af6f23: posts big blind 500
*** HOLE CARDS ***
Dealt to 2e734708 
Dealt to 78d5cd1 
Dealt to 840dcaef 
Dealt to c1bf4c13 
Dealt to Hero [Kc 5c]
Dealt to a1af6f23 
Dealt to fc4e37b5 
Dealt to 3e0990b7 
fc4e37b5: folds
3e0990b7: folds
2e734708: folds
78d5cd1: folds
840dcaef: folds
c1bf4c13: raises 600 to 1,100
Hero: raises 4,186 to 5,286 and is all-in
a1af6f23: folds
c1bf4c13: calls 4,186
Hero: shows [Kc 5c]
c1bf4c13: shows [Ah As]
*** FLOP *** [7d Qh 8d]
*** TURN *** [7d Qh 8d] [Kd]
*** RIVER *** [7d Qh 8d Kd] [8c]
*** SHOWDOWN ***
c1bf4c13 collected 11,672 from pot
*** SUMMARY ***
Total pot 11,672 | Rake 0 | Jackpot 0 | Bingo 0 | Fortune 0 | Tax 0
Board [7d Qh 8d Kd 8c]
Seat 1: 2e734708 folded before Flop
Seat 2: 78d5cd1 folded before Flop
Seat 3: 840dcaef folded before Flop
Seat 4: c1bf4c13 (button) showed [Ah As] and won (11,672) with two pair, Aces and Eights
Seat 5: Hero (small blind) showed [Kc 5c] and lost with two pair, Kings and Eights
Seat 6: a1af6f23 (big blind) folded before Flop
Seat 7: fc4e37b5 folded before Flop
Seat 8: 3e0990b7 folded before Flop


Poker Hand #TM5670525254: Tournament #267945227, Bounty Hunters Special $8.88 Hold'em No Limit - Level9(250/500(75)) - 2026/03/06 18:04:58
Table '38' 8-max Seat #3 is the button
Seat 1: 2e734708 (7,368 in chips)
Seat 2: 78d5cd1 (26,750 in chips)
Seat 3: 840dcaef (24,704 in chips)
Seat 4: c1bf4c13 (28,377 in chips)
Seat 5: Hero (5,936 in chips)
Seat 6: a1af6f23 (54,133 in chips)
Seat 7: fc4e37b5 (21,593 in chips)
Seat 8: 3e0990b7 (16,012 in chips)
a1af6f23: posts the ante 75
Hero: posts the ante 75
2e734708: posts the ante 75
840dcaef: posts the ante 75
c1bf4c13: posts the ante 75
78d5cd1: posts the ante 75
3e0990b7: posts the ante 75
fc4e37b5: posts the ante 75
c1bf4c13: posts small blind 250
Hero: posts big blind 500
*** HOLE CARDS ***
Dealt to 2e734708 
Dealt to 78d5cd1 
Dealt to 840dcaef 
Dealt to c1bf4c13 
Dealt to Hero [5c 9h]
Dealt to a1af6f23 
Dealt to fc4e37b5 
Dealt to 3e0990b7 
a1af6f23: folds
fc4e37b5: folds
3e0990b7: folds
2e734708: raises 550 to 1,050
78d5cd1: folds
840dcaef: raises 1,725 to 2,775
c1bf4c13: folds
Hero: folds
2e734708: raises 4,518 to 7,293 and is all-in
840dcaef: calls 4,518
2e734708: shows [Ks Kh]
840dcaef: shows [Js Jh]
*** FLOP *** [4d 9s 8h]
*** TURN *** [4d 9s 8h] [5s]
*** RIVER *** [4d 9s 8h 5s] [7h]
Hero: shows [5c 9h] (two pair, Nines and Fives)
*** SHOWDOWN ***
2e734708 collected 15,936 from pot
*** SUMMARY ***
Total pot 15,936 | Rake 0 | Jackpot 0 | Bingo 0 | Fortune 0 | Tax 0
Board [4d 9s 8h 5s 7h]
Seat 1: 2e734708 showed [Ks Kh] and won (15,936) with a pair of Kings
Seat 2: 78d5cd1 folded before Flop
Seat 3: 840dcaef (button) showed [Js Jh] and lost with a pair of Jacks
Seat 4: c1bf4c13 (small blind) folded before Flop
Seat 5: Hero (big blind) folded before Flop
Seat 6: a1af6f23 folded before Flop
Seat 7: fc4e37b5 folded before Flop
Seat 8: 3e0990b7 folded before Flop


Poker Hand #TM5670525246: Tournament #267945227, Bounty Hunters Special $8.88 Hold'em No Limit - Level8(200/400(60)) - 2026/03/06 18:04:21
Table '38' 8-max Seat #2 is the button
Seat 1: 2e734708 (7,428 in chips)
Seat 2: 78d5cd1 (26,810 in chips)
Seat 3: 840dcaef (27,474 in chips)
Seat 4: c1bf4c13 (28,837 in chips)
Seat 5: Hero (5,996 in chips)
Seat 6: a1af6f23 (54,193 in chips)
Seat 7: fc4e37b5 (21,653 in chips)
Seat 8: 3e0990b7 (12,482 in chips)
a1af6f23: posts the ante 60
Hero: posts the ante 60
2e734708: posts the ante 60
c1bf4c13: posts the ante 60
840dcaef: posts the ante 60
78d5cd1: posts the ante 60
3e0990b7: posts the ante 60
fc4e37b5: posts the ante 60
840dcaef: posts small blind 200
c1bf4c13: posts big blind 400
*** HOLE CARDS ***
Dealt to 2e734708 
Dealt to 78d5cd1 
Dealt to 840dcaef 
Dealt to c1bf4c13 
Dealt to Hero [9s 4s]
Dealt to a1af6f23 
Dealt to fc4e37b5 
Dealt to 3e0990b7 
Hero: folds
a1af6f23: folds
fc4e37b5: folds
3e0990b7: raises 400 to 800
2e734708: folds
78d5cd1: folds
840dcaef: raises 1,910 to 2,710
c1bf4c13: folds
3e0990b7: raises 3,910 to 6,620
840dcaef: folds
Uncalled bet (3,910) returned to 3e0990b7
*** SHOWDOWN ***
3e0990b7 collected 6,300 from pot
*** SUMMARY ***
Total pot 6,300 | Rake 0 | Jackpot 0 | Bingo 0 | Fortune 0 | Tax 0
Seat 1: 2e734708 folded before Flop
Seat 2: 78d5cd1 (button) folded before Flop
Seat 3: 840dcaef (small blind) folded before Flop
Seat 4: c1bf4c13 (big blind) folded before Flop
Seat 5: Hero folded before Flop
Seat 6: a1af6f23 folded before Flop
Seat 7: fc4e37b5 folded before Flop
Seat 8: 3e0990b7 collected (6,300)


Poker Hand #TM5670525239: Tournament #267945227, Bounty Hunters Special $8.88 Hold'em No Limit - Level8(200/400(60)) - 2026/03/06 18:03:58
Table '38' 8-max Seat #1 is the button
Seat 1: 2e734708 (7,488 in chips)
Seat 2: 78d5cd1 (27,070 in chips)
Seat 3: 840dcaef (27,934 in chips)
Seat 4: c1bf4c13 (28,897 in chips)
Seat 5: Hero (6,056 in chips)
Seat 6: a1af6f23 (54,253 in chips)
Seat 7: fc4e37b5 (20,633 in chips)
Seat 8: 3e0990b7 (12,542 in chips)
a1af6f23: posts the ante 60
Hero: posts the ante 60
2e734708: posts the ante 60
c1bf4c13: posts the ante 60
840dcaef: posts the ante 60
78d5cd1: posts the ante 60
3e0990b7: posts the ante 60
fc4e37b5: posts the ante 60
78d5cd1: posts small blind 200
840dcaef: posts big blind 400
*** HOLE CARDS ***
Dealt to 2e734708 
Dealt to 78d5cd1 
Dealt to 840dcaef 
Dealt to c1bf4c13 
Dealt to Hero [7s 2c]
Dealt to a1af6f23 
Dealt to fc4e37b5 
Dealt to 3e0990b7 
c1bf4c13: folds
Hero: folds
a1af6f23: folds
fc4e37b5: raises 400 to 800
3e0990b7: folds
2e734708: folds
78d5cd1: folds
840dcaef: folds
Uncalled bet (400) returned to fc4e37b5
*** SHOWDOWN ***
fc4e37b5 collected 1,480 from pot
*** SUMMARY ***
Total pot 1,480 | Rake 0 | Jackpot 0 | Bingo 0 | Fortune 0 | Tax 0
Seat 1: 2e734708 (button) folded before Flop
Seat 2: 78d5cd1 (small blind) folded before Flop
Seat 3: 840dcaef (big blind) folded before Flop
Seat 4: c1bf4c13 folded before Flop
Seat 5: Hero folded before Flop
Seat 6: a1af6f23 folded before Flop
Seat 7: fc4e37b5 collected (1,480)
Seat 8: 3e0990b7 folded before Flop


Poker Hand #TM5670525223: Tournament #267945227, Bounty Hunters Special $8.88 Hold'em No Limit - Level8(200/400(60)) - 2026/03/06 18:03:01
Table '38' 8-max Seat #8 is the button
Seat 1: 2e734708 (7,748 in chips)
Seat 2: 78d5cd1 (27,530 in chips)
Seat 3: 840dcaef (27,994 in chips)
Seat 4: c1bf4c13 (27,877 in chips)
Seat 5: Hero (6,116 in chips)
Seat 6: a1af6f23 (54,313 in chips)
Seat 7: fc4e37b5 (20,693 in chips)
Seat 8: 3e0990b7 (12,602 in chips)
a1af6f23: posts the ante 60
Hero: posts the ante 60
2e734708: posts the ante 60
c1bf4c13: posts the ante 60
840dcaef: posts the ante 60
78d5cd1: posts the ante 60
3e0990b7: posts the ante 60
fc4e37b5: posts the ante 60
2e734708: posts small blind 200
78d5cd1: posts big blind 400
*** HOLE CARDS ***
Dealt to 2e734708 
Dealt to 78d5cd1 
Dealt to 840dcaef 
Dealt to c1bf4c13 
Dealt to Hero [5c 6c]
Dealt to a1af6f23 
Dealt to fc4e37b5 
Dealt to 3e0990b7 
840dcaef: folds
c1bf4c13: raises 480 to 880
Hero: folds
a1af6f23: folds
fc4e37b5: folds
3e0990b7: folds
2e734708: folds
78d5cd1: folds
Uncalled bet (480) returned to c1bf4c13
*** SHOWDOWN ***
c1bf4c13 collected 1,480 from pot
*** SUMMARY ***
Total pot 1,480 | Rake 0 | Jackpot 0 | Bingo 0 | Fortune 0 | Tax 0
Seat 1: 2e734708 (small blind) folded before Flop
Seat 2: 78d5cd1 (big blind) folded before Flop
Seat 3: 840dcaef folded before Flop
Seat 4: c1bf4c13 collected (1,480)
Seat 5: Hero folded before Flop
Seat 6: a1af6f23 folded before Flop
Seat 7: fc4e37b5 folded before Flop
Seat 8: 3e0990b7 (button) folded before Flop


Poker Hand #TM5670525200: Tournament #267945227, Bounty Hunters Special $8.88 Hold'em No Limit - Level8(200/400(60)) - 2026/03/06 18:01:30
Table '38' 8-max Seat #7 is the button
Seat 1: 2e734708 (5,689 in chips)
Seat 2: 78d5cd1 (27,590 in chips)
Seat 3: 840dcaef (28,054 in chips)
Seat 4: c1bf4c13 (27,937 in chips)
Seat 5: Hero (6,176 in chips)
Seat 6: a1af6f23 (54,373 in chips)
Seat 7: fc4e37b5 (22,192 in chips)
Seat 8: 3e0990b7 (12,862 in chips)
a1af6f23: posts the ante 60
Hero: posts the ante 60
2e734708: posts the ante 60
c1bf4c13: posts the ante 60
840dcaef: posts the ante 60
78d5cd1: posts the ante 60
fc4e37b5: posts the ante 60
3e0990b7: posts the ante 60
3e0990b7: posts small blind 200
2e734708: posts big blind 400
*** HOLE CARDS ***
Dealt to 2e734708 
Dealt to 78d5cd1 
Dealt to 840dcaef 
Dealt to c1bf4c13 
Dealt to Hero [Qc 3s]
Dealt to a1af6f23 
Dealt to fc4e37b5 
Dealt to 3e0990b7 
78d5cd1: folds
840dcaef: folds
c1bf4c13: folds
Hero: folds
a1af6f23: folds
fc4e37b5: raises 400 to 800
3e0990b7: folds
2e734708: calls 400
*** FLOP *** [6h 4s Kd]
2e734708: checks
fc4e37b5: bets 639
2e734708: raises 1,779 to 2,418
fc4e37b5: folds
Uncalled bet (1,779) returned to 2e734708
*** SHOWDOWN ***
2e734708 collected 3,558 from pot
*** SUMMARY ***
Total pot 3,558 | Rake 0 | Jackpot 0 | Bingo 0 | Fortune 0 | Tax 0
Board [6h 4s Kd]
Seat 1: 2e734708 (big blind) won (3,558)
Seat 2: 78d5cd1 folded before Flop
Seat 3: 840dcaef folded before Flop
Seat 4: c1bf4c13 folded before Flop
Seat 5: Hero folded before Flop
Seat 6: a1af6f23 folded before Flop
Seat 7: fc4e37b5 (button) folded on the Flop
Seat 8: 3e0990b7 (small blind) folded before Flop


Poker Hand #TM5670525179: Tournament #267945227, Bounty Hunters Special $8.88 Hold'em No Limit - Level8(200/400(60)) - 2026/03/06 17:54:12
Table '38' 8-max Seat #6 is the button
Seat 1: 2e734708 (5,749 in chips)
Seat 2: 78d5cd1 (27,650 in chips)
Seat 3: 840dcaef (28,114 in chips)
Seat 4: c1bf4c13 (27,997 in chips)
Seat 5: Hero (6,236 in chips)
Seat 6: a1af6f23 (54,433 in chips)
Seat 7: fc4e37b5 (21,372 in chips)
Seat 8: 3e0990b7 (13,322 in chips)
a1af6f23: posts the ante 60
Hero: posts the ante 60
2e734708: posts the ante 60
c1bf4c13: posts the ante 60
840dcaef: posts the ante 60
78d5cd1: posts the ante 60
3e0990b7: posts the ante 60
fc4e37b5: posts the ante 60
fc4e37b5: posts small blind 200
3e0990b7: posts big blind 400
*** HOLE CARDS ***
Dealt to 2e734708 
Dealt to 78d5cd1 
Dealt to 840dcaef 
Dealt to c1bf4c13 
Dealt to Hero [7s 9s]
Dealt to a1af6f23 
Dealt to fc4e37b5 
Dealt to 3e0990b7 
2e734708: folds
78d5cd1: folds
840dcaef: folds
c1bf4c13: folds
Hero: folds
a1af6f23: folds
fc4e37b5: raises 600 to 1,000
3e0990b7: folds
Uncalled bet (600) returned to fc4e37b5
*** SHOWDOWN ***
fc4e37b5 collected 1,280 from pot
*** SUMMARY ***
Total pot 1,280 | Rake 0 | Jackpot 0 | Bingo 0 | Fortune 0 | Tax 0
Seat 1: 2e734708 folded before Flop
Seat 2: 78d5cd1 folded before Flop
Seat 3: 840dcaef folded before Flop
Seat 4: c1bf4c13 folded before Flop
Seat 5: Hero folded before Flop
Seat 6: a1af6f23 (button) folded before Flop
Seat 7: fc4e37b5 (small blind) collected (1,280)
Seat 8: 3e0990b7 (big blind) folded before Flop


Poker Hand #TM5670525165: Tournament #267945227, Bounty Hunters Special $8.88 Hold'em No Limit - Level8(200/400(60)) - 2026/03/06 17:53:15
Table '38' 8-max Seat #5 is the button
Seat 1: 2e734708 (5,809 in chips)
Seat 2: 78d5cd1 (27,710 in chips)
Seat 3: 840dcaef (28,174 in chips)
Seat 4: c1bf4c13 (28,057 in chips)
Seat 5: Hero (6,296 in chips)
Seat 6: a1af6f23 (55,893 in chips)
Seat 7: fc4e37b5 (19,552 in chips)
Seat 8: 3e0990b7 (13,382 in chips)
a1af6f23: posts the ante 60
Hero: posts the ante 60
2e734708: posts the ante 60
c1bf4c13: posts the ante 60
840dcaef: posts the ante 60
78d5cd1: posts the ante 60
3e0990b7: posts the ante 60
fc4e37b5: posts the ante 60
a1af6f23: posts small blind 200
fc4e37b5: posts big blind 400
*** HOLE CARDS ***
Dealt to 2e734708 
Dealt to 78d5cd1 
Dealt to 840dcaef 
Dealt to c1bf4c13 
Dealt to Hero [5s Qd]
Dealt to a1af6f23 
Dealt to fc4e37b5 
Dealt to 3e0990b7 
3e0990b7: folds
2e734708: folds
78d5cd1: folds
840dcaef: folds
c1bf4c13: folds
Hero: folds
a1af6f23: raises 1,000 to 1,400
fc4e37b5: raises 2,000 to 3,400
a1af6f23: folds
Uncalled bet (2,000) returned to fc4e37b5
*** SHOWDOWN ***
fc4e37b5 collected 3,280 from pot
*** SUMMARY ***
Total pot 3,280 | Rake 0 | Jackpot 0 | Bingo 0 | Fortune 0 | Tax 0
Seat 1: 2e734708 folded before Flop
Seat 2: 78d5cd1 folded before Flop
Seat 3: 840dcaef folded before Flop
Seat 4: c1bf4c13 folded before Flop
Seat 5: Hero (button) folded before Flop
Seat 6: a1af6f23 (small blind) folded before Flop
Seat 7: fc4e37b5 (big blind) collected (3,280)
Seat 8: 3e0990b7 folded before Flop


Poker Hand #TM5670525148: Tournament #267945227, Bounty Hunters Special $8.88 Hold'em No Limit - Level8(200/400(60)) - 2026/03/06 17:52:22
Table '38' 8-max Seat #4 is the button
Seat 1: 2e734708 (5,869 in chips)
Seat 2: 78d5cd1 (27,770 in chips)
Seat 3: 840dcaef (28,234 in chips)
Seat 4: c1bf4c13 (30,797 in chips)
Seat 5: Hero (6,556 in chips)
Seat 6: a1af6f23 (52,593 in chips)
Seat 7: fc4e37b5 (19,612 in chips)
Seat 8: 3e0990b7 (13,442 in chips)
a1af6f23: posts the ante 60
Hero: posts the ante 60
2e734708: posts the ante 60
c1bf4c13: posts the ante 60
840dcaef: posts the ante 60
78d5cd1: posts the ante 60
3e0990b7: posts the ante 60
fc4e37b5: posts the ante 60
Hero: posts small blind 200
a1af6f23: posts big blind 400
*** HOLE CARDS ***
Dealt to 2e734708 
Dealt to 78d5cd1 
Dealt to 840dcaef 
Dealt to c1bf4c13 
Dealt to Hero [8h 2s]
Dealt to a1af6f23 
Dealt to fc4e37b5 
Dealt to 3e0990b7 
fc4e37b5: folds
3e0990b7: folds
2e734708: folds
78d5cd1: folds
840dcaef: folds
c1bf4c13: raises 480 to 880
Hero: folds
a1af6f23: calls 480
*** FLOP *** [2h 7h 2c]
a1af6f23: checks
c1bf4c13: bets 600
a1af6f23: raises 1,200 to 1,800
c1bf4c13: calls 1,200
*** TURN *** [2h 7h 2c] [Jh]
a1af6f23: bets 5,000
c1bf4c13: folds
Uncalled bet (5,000) returned to a1af6f23
*** SHOWDOWN ***
a1af6f23 collected 6,040 from pot
*** SUMMARY ***
Total pot 6,040 | Rake 0 | Jackpot 0 | Bingo 0 | Fortune 0 | Tax 0
Board [2h 7h 2c Jh]
Seat 1: 2e734708 folded before Flop
Seat 2: 78d5cd1 folded before Flop
Seat 3: 840dcaef folded before Flop
Seat 4: c1bf4c13 (button) folded on the Turn
Seat 5: Hero (small blind) folded before Flop
Seat 6: a1af6f23 (big blind) won (6,040)
Seat 7: fc4e37b5 folded before Flop
Seat 8: 3e0990b7 folded before Flop


Poker Hand #TM5670525129: Tournament #267945227, Bounty Hunters Special $8.88 Hold'em No Limit - Level8(200/400(60)) - 2026/03/06 17:51:15
Table '38' 8-max Seat #3 is the button
Seat 1: 2e734708 (5,929 in chips)
Seat 2: 78d5cd1 (25,550 in chips)
Seat 3: 840dcaef (28,294 in chips)
Seat 4: c1bf4c13 (31,057 in chips)
Seat 5: Hero (7,416 in chips)
Seat 6: a1af6f23 (52,653 in chips)
Seat 7: fc4e37b5 (20,472 in chips)
Seat 8: 3e0990b7 (13,502 in chips)
a1af6f23: posts the ante 60
Hero: posts the ante 60
2e734708: posts the ante 60
840dcaef: posts the ante 60
c1bf4c13: posts the ante 60
78d5cd1: posts the ante 60
3e0990b7: posts the ante 60
fc4e37b5: posts the ante 60
c1bf4c13: posts small blind 200
Hero: posts big blind 400
*** HOLE CARDS ***
Dealt to 2e734708 
Dealt to 78d5cd1 
Dealt to 840dcaef 
Dealt to c1bf4c13 
Dealt to Hero [3c Ks]
Dealt to a1af6f23 
Dealt to fc4e37b5 
Dealt to 3e0990b7 
a1af6f23: folds
fc4e37b5: raises 400 to 800
3e0990b7: folds
2e734708: folds
78d5cd1: calls 800
840dcaef: folds
c1bf4c13: folds
Hero: calls 400
*** FLOP *** [2d 7c 5d]
Hero: checks
fc4e37b5: checks
78d5cd1: checks
*** TURN *** [2d 7c 5d] [8s]
Hero: checks
fc4e37b5: checks
78d5cd1: bets 1,540
Hero: folds
fc4e37b5: folds
Uncalled bet (1,540) returned to 78d5cd1
*** SHOWDOWN ***
78d5cd1 collected 3,080 from pot
*** SUMMARY ***
Total pot 3,080 | Rake 0 | Jackpot 0 | Bingo 0 | Fortune 0 | Tax 0
Board [2d 7c 5d 8s]
Seat 1: 2e734708 folded before Flop
Seat 2: 78d5cd1 won (3,080)
Seat 3: 840dcaef (button) folded before Flop
Seat 4: c1bf4c13 (small blind) folded before Flop
Seat 5: Hero (big blind) folded on the Turn
Seat 6: a1af6f23 folded before Flop
Seat 7: fc4e37b5 folded on the Turn
Seat 8: 3e0990b7 folded before Flop


Poker Hand #TM5670525106: Tournament #267945227, Bounty Hunters Special $8.88 Hold'em No Limit - Level8(200/400(60)) - 2026/03/06 17:49:50
Table '38' 8-max Seat #2 is the button
Seat 1: 2e734708 (5,989 in chips)
Seat 2: 78d5cd1 (25,610 in chips)
Seat 3: 840dcaef (25,474 in chips)
Seat 4: c1bf4c13 (31,917 in chips)
Seat 5: Hero (7,476 in chips)
Seat 6: a1af6f23 (52,713 in chips)
Seat 7: fc4e37b5 (21,332 in chips)
Seat 8: 3e0990b7 (14,362 in chips)
a1af6f23: posts the ante 60
Hero: posts the ante 60
2e734708: posts the ante 60
c1bf4c13: posts the ante 60
840dcaef: posts the ante 60
78d5cd1: posts the ante 60
3e0990b7: posts the ante 60
fc4e37b5: posts the ante 60
840dcaef: posts small blind 200
c1bf4c13: posts big blind 400
*** HOLE CARDS ***
Dealt to 2e734708 
Dealt to 78d5cd1 
Dealt to 840dcaef 
Dealt to c1bf4c13 
Dealt to Hero [4s Td]
Dealt to a1af6f23 
Dealt to fc4e37b5 
Dealt to 3e0990b7 
Hero: folds
a1af6f23: folds
fc4e37b5: raises 400 to 800
3e0990b7: calls 800
2e734708: folds
78d5cd1: folds
840dcaef: calls 600
c1bf4c13: calls 400
*** FLOP *** [6s Jh 4c]
840dcaef: checks
c1bf4c13: checks
fc4e37b5: checks
3e0990b7: checks
*** TURN *** [6s Jh 4c] [3d]
840dcaef: bets 2,834
c1bf4c13: folds
fc4e37b5: folds
3e0990b7: folds
Uncalled bet (2,834) returned to 840dcaef
*** SHOWDOWN ***
840dcaef collected 3,680 from pot
*** SUMMARY ***
Total pot 3,680 | Rake 0 | Jackpot 0 | Bingo 0 | Fortune 0 | Tax 0
Board [6s Jh 4c 3d]
Seat 1: 2e734708 folded before Flop
Seat 2: 78d5cd1 (button) folded before Flop
Seat 3: 840dcaef (small blind) won (3,680)
Seat 4: c1bf4c13 (big blind) folded on the Turn
Seat 5: Hero folded before Flop
Seat 6: a1af6f23 folded before Flop
Seat 7: fc4e37b5 folded on the Turn
Seat 8: 3e0990b7 folded on the Turn


Poker Hand #TM5670525083: Tournament #267945227, Bounty Hunters Special $8.88 Hold'em No Limit - Level8(200/400(60)) - 2026/03/06 17:48:16
Table '38' 8-max Seat #1 is the button
Seat 1: 2e734708 (6,049 in chips)
Seat 2: 78d5cd1 (25,870 in chips)
Seat 3: 840dcaef (29,534 in chips)
Seat 4: c1bf4c13 (31,977 in chips)
Seat 5: Hero (7,536 in chips)
Seat 6: a1af6f23 (47,293 in chips)
Seat 7: fc4e37b5 (21,392 in chips)
Seat 8: 3e0990b7 (15,222 in chips)
a1af6f23: posts the ante 60
Hero: posts the ante 60
2e734708: posts the ante 60
c1bf4c13: posts the ante 60
840dcaef: posts the ante 60
78d5cd1: posts the ante 60
3e0990b7: posts the ante 60
fc4e37b5: posts the ante 60
78d5cd1: posts small blind 200
840dcaef: posts big blind 400
*** HOLE CARDS ***
Dealt to 2e734708 
Dealt to 78d5cd1 
Dealt to 840dcaef 
Dealt to c1bf4c13 
Dealt to Hero [2c 5h]
Dealt to a1af6f23 
Dealt to fc4e37b5 
Dealt to 3e0990b7 
c1bf4c13: folds
Hero: folds
a1af6f23: raises 400 to 800
fc4e37b5: folds
3e0990b7: calls 800
2e734708: folds
78d5cd1: folds
840dcaef: calls 400
*** FLOP *** [8c 3d Js]
840dcaef: checks
a1af6f23: bets 1,200
3e0990b7: folds
840dcaef: calls 1,200
*** TURN *** [8c 3d Js] [7s]
840dcaef: checks
a1af6f23: bets 2,000
840dcaef: calls 2,000
*** RIVER *** [8c 3d Js 7s] [Qs]
840dcaef: checks
a1af6f23: bets 4,800
840dcaef: folds
Uncalled bet (4,800) returned to a1af6f23
*** SHOWDOWN ***
a1af6f23 collected 9,480 from pot
*** SUMMARY ***
Total pot 9,480 | Rake 0 | Jackpot 0 | Bingo 0 | Fortune 0 | Tax 0
Board [8c 3d Js 7s Qs]
Seat 1: 2e734708 (button) folded before Flop
Seat 2: 78d5cd1 (small blind) folded before Flop
Seat 3: 840dcaef (big blind) folded on the River
Seat 4: c1bf4c13 folded before Flop
Seat 5: Hero folded before Flop
Seat 6: a1af6f23 won (9,480)
Seat 7: fc4e37b5 folded before Flop
Seat 8: 3e0990b7 folded on the Flop


Poker Hand #TM5670525072: Tournament #267945227, Bounty Hunters Special $8.88 Hold'em No Limit - Level7(175/350(50)) - 2026/03/06 17:47:42
Table '38' 8-max Seat #8 is the button
Seat 1: 2e734708 (6,274 in chips)
Seat 2: 78d5cd1 (26,270 in chips)
Seat 3: 840dcaef (29,584 in chips)
Seat 4: c1bf4c13 (32,027 in chips)
Seat 5: Hero (8,286 in chips)
Seat 6: a1af6f23 (45,718 in chips)
Seat 7: fc4e37b5 (21,442 in chips)
Seat 8: 3e0990b7 (15,272 in chips)
a1af6f23: posts the ante 50
Hero: posts the ante 50
2e734708: posts the ante 50
c1bf4c13: posts the ante 50
840dcaef: posts the ante 50
78d5cd1: posts the ante 50
3e0990b7: posts the ante 50
fc4e37b5: posts the ante 50
2e734708: posts small blind 175
78d5cd1: posts big blind 350
*** HOLE CARDS ***
Dealt to 2e734708 
Dealt to 78d5cd1 
Dealt to 840dcaef 
Dealt to c1bf4c13 
Dealt to Hero [6s As]
Dealt to a1af6f23 
Dealt to fc4e37b5 
Dealt to 3e0990b7 
840dcaef: folds
c1bf4c13: folds
Hero: raises 350 to 700
a1af6f23: raises 2,450 to 3,150
fc4e37b5: folds
3e0990b7: folds
2e734708: folds
78d5cd1: folds
Hero: folds
Uncalled bet (2,450) returned to a1af6f23
*** SHOWDOWN ***
a1af6f23 collected 2,325 from pot
*** SUMMARY ***
Total pot 2,325 | Rake 0 | Jackpot 0 | Bingo 0 | Fortune 0 | Tax 0
Seat 1: 2e734708 (small blind) folded before Flop
Seat 2: 78d5cd1 (big blind) folded before Flop
Seat 3: 840dcaef folded before Flop
Seat 4: c1bf4c13 folded before Flop
Seat 5: Hero folded before Flop
Seat 6: a1af6f23 collected (2,325)
Seat 7: fc4e37b5 folded before Flop
Seat 8: 3e0990b7 (button) folded before Flop


Poker Hand #TM5670525062: Tournament #267945227, Bounty Hunters Special $8.88 Hold'em No Limit - Level7(175/350(50)) - 2026/03/06 17:47:14
Table '38' 8-max Seat #7 is the button
Seat 1: 2e734708 (6,674 in chips)
Seat 2: 78d5cd1 (25,395 in chips)
Seat 3: 840dcaef (29,634 in chips)
Seat 4: c1bf4c13 (32,077 in chips)
Seat 5: Hero (8,336 in chips)
Seat 6: a1af6f23 (45,768 in chips)
Seat 7: fc4e37b5 (21,492 in chips)
Seat 8: 3e0990b7 (15,497 in chips)
a1af6f23: posts the ante 50
Hero: posts the ante 50
2e734708: posts the ante 50
c1bf4c13: posts the ante 50
840dcaef: posts the ante 50
78d5cd1: posts the ante 50
fc4e37b5: posts the ante 50
3e0990b7: posts the ante 50
3e0990b7: posts small blind 175
2e734708: posts big blind 350
*** HOLE CARDS ***
Dealt to 2e734708 
Dealt to 78d5cd1 
Dealt to 840dcaef 
Dealt to c1bf4c13 
Dealt to Hero [Kh 9s]
Dealt to a1af6f23 
Dealt to fc4e37b5 
Dealt to 3e0990b7 
78d5cd1: raises 350 to 700
840dcaef: folds
c1bf4c13: folds
Hero: folds
a1af6f23: folds
fc4e37b5: folds
3e0990b7: folds
2e734708: folds
Uncalled bet (350) returned to 78d5cd1
*** SHOWDOWN ***
78d5cd1 collected 1,275 from pot
*** SUMMARY ***
Total pot 1,275 | Rake 0 | Jackpot 0 | Bingo 0 | Fortune 0 | Tax 0
Seat 1: 2e734708 (big blind) folded before Flop
Seat 2: 78d5cd1 collected (1,275)
Seat 3: 840dcaef folded before Flop
Seat 4: c1bf4c13 folded before Flop
Seat 5: Hero folded before Flop
Seat 6: a1af6f23 folded before Flop
Seat 7: fc4e37b5 (button) folded before Flop
Seat 8: 3e0990b7 (small blind) folded before Flop


Poker Hand #TM5670525043: Tournament #267945227, Bounty Hunters Special $8.88 Hold'em No Limit - Level7(175/350(50)) - 2026/03/06 17:45:54
Table '38' 8-max Seat #5 is the button
Seat 1: 2e734708 (6,724 in chips)
Seat 3: 840dcaef (29,684 in chips)
Seat 4: c1bf4c13 (32,127 in chips)
Seat 5: Hero (10,769 in chips)
Seat 7: fc4e37b5 (18,509 in chips)
Seat 8: 3e0990b7 (15,897 in chips)
Hero: posts the ante 50
2e734708: posts the ante 50
c1bf4c13: posts the ante 50
840dcaef: posts the ante 50
3e0990b7: posts the ante 50
fc4e37b5: posts the ante 50
fc4e37b5: posts small blind 175
3e0990b7: posts big blind 350
*** HOLE CARDS ***
Dealt to 2e734708 
Dealt to 840dcaef 
Dealt to c1bf4c13 
Dealt to Hero [2h 2d]
Dealt to fc4e37b5 
Dealt to 3e0990b7 
2e734708: folds
840dcaef: folds
c1bf4c13: folds
Hero: raises 350 to 700
fc4e37b5: raises 1,683 to 2,383
3e0990b7: folds
Hero: calls 1,683
*** FLOP *** [8c Td 7d]
fc4e37b5: bets 1,225
Hero: folds
Uncalled bet (1,225) returned to fc4e37b5
*** SHOWDOWN ***
fc4e37b5 collected 5,416 from pot
*** SUMMARY ***
Total pot 5,416 | Rake 0 | Jackpot 0 | Bingo 0 | Fortune 0 | Tax 0
Board [8c Td 7d]
Seat 1: 2e734708 folded before Flop
Seat 3: 840dcaef folded before Flop
Seat 4: c1bf4c13 folded before Flop
Seat 5: Hero (button) folded on the Flop
Seat 7: fc4e37b5 (small blind) won (5,416)
Seat 8: 3e0990b7 (big blind) folded before Flop


Poker Hand #TM5670525031: Tournament #267945227, Bounty Hunters Special $8.88 Hold'em No Limit - Level7(175/350(50)) - 2026/03/06 17:44:55
Table '38' 8-max Seat #4 is the button
Seat 1: 2e734708 (6,774 in chips)
Seat 3: 840dcaef (29,734 in chips)
Seat 4: c1bf4c13 (32,177 in chips)
Seat 5: Hero (10,994 in chips)
Seat 7: fc4e37b5 (21,361 in chips)
Seat 8: 3e0990b7 (12,670 in chips)
Hero: posts the ante 50
2e734708: posts the ante 50
c1bf4c13: posts the ante 50
840dcaef: posts the ante 50
3e0990b7: posts the ante 50
fc4e37b5: posts the ante 50
Hero: posts small blind 175
fc4e37b5: posts big blind 350
*** HOLE CARDS ***
Dealt to 2e734708 
Dealt to 840dcaef 
Dealt to c1bf4c13 
Dealt to Hero [6c 5h]
Dealt to fc4e37b5 
Dealt to 3e0990b7 
3e0990b7: raises 350 to 700
2e734708: folds
840dcaef: folds
c1bf4c13: folds
Hero: folds
fc4e37b5: calls 350
*** FLOP *** [Qh 7s 6h]
fc4e37b5: checks
3e0990b7: bets 619
fc4e37b5: raises 1,483 to 2,102
3e0990b7: raises 9,818 to 11,920 and is all-in
fc4e37b5: folds
Uncalled bet (9,818) returned to 3e0990b7
*** SHOWDOWN ***
3e0990b7 collected 6,079 from pot
*** SUMMARY ***
Total pot 6,079 | Rake 0 | Jackpot 0 | Bingo 0 | Fortune 0 | Tax 0
Board [Qh 7s 6h]
Seat 1: 2e734708 folded before Flop
Seat 3: 840dcaef folded before Flop
Seat 4: c1bf4c13 (button) folded before Flop
Seat 5: Hero (small blind) folded before Flop
Seat 7: fc4e37b5 (big blind) folded on the Flop
Seat 8: 3e0990b7 won (6,079)


Poker Hand #TM5670525019: Tournament #267945227, Bounty Hunters Special $8.88 Hold'em No Limit - Level7(175/350(50)) - 2026/03/06 17:43:59
Table '38' 8-max Seat #3 is the button
Seat 1: 2e734708 (6,824 in chips)
Seat 2: c1d43934 (10,026 in chips)
Seat 3: 840dcaef (29,784 in chips)
Seat 4: c1bf4c13 (13,615 in chips)
Seat 5: Hero (11,394 in chips)
Seat 6: eb5f6c05 (7,936 in chips)
Seat 7: fc4e37b5 (21,411 in chips)
Seat 8: 3e0990b7 (12,720 in chips)
c1d43934: posts the ante 50
eb5f6c05: posts the ante 50
Hero: posts the ante 50
2e734708: posts the ante 50
840dcaef: posts the ante 50
c1bf4c13: posts the ante 50
3e0990b7: posts the ante 50
fc4e37b5: posts the ante 50
c1bf4c13: posts small blind 175
Hero: posts big blind 350
*** HOLE CARDS ***
Dealt to 2e734708 
Dealt to c1d43934 
Dealt to 840dcaef 
Dealt to c1bf4c13 
Dealt to Hero [Ts 8h]
Dealt to eb5f6c05 
Dealt to fc4e37b5 
Dealt to 3e0990b7 
eb5f6c05: raises 350 to 700
fc4e37b5: folds
3e0990b7: folds
2e734708: folds
c1d43934: raises 1,330 to 2,030
840dcaef: folds
c1bf4c13: raises 11,535 to 13,565 and is all-in
Hero: folds
eb5f6c05: calls 7,186 and is all-in
c1d43934: calls 7,946 and is all-in
Uncalled bet (3,589) returned to c1bf4c13
c1bf4c13: shows [Ac Kh]
eb5f6c05: shows [Kd Ks]
c1d43934: shows [Kc Qs]
*** FLOP *** [Ad 2h Th]
*** TURN *** [Ad 2h Th] [6h]
*** RIVER *** [Ad 2h Th 6h] [9c]
*** SHOWDOWN ***
c1bf4c13 collected 24,408 from pot
c1bf4c13 collected 4,180 from pot
*** SUMMARY ***
Total pot 28,588 | Rake 0 | Jackpot 0 | Bingo 0 | Fortune 0 | Tax 0
Board [Ad 2h Th 6h 9c]
Seat 1: 2e734708 folded before Flop
Seat 2: c1d43934 showed [Kc Qs] and lost with Ace high
Seat 3: 840dcaef (button) folded before Flop
Seat 4: c1bf4c13 (small blind) showed [Ac Kh] and won (28,588) with a pair of Aces
Seat 5: Hero (big blind) folded before Flop
Seat 6: eb5f6c05 showed [Kd Ks] and lost with a pair of Kings
Seat 7: fc4e37b5 folded before Flop
Seat 8: 3e0990b7 folded before Flop


Poker Hand #TM5670524993: Tournament #267945227, Bounty Hunters Special $8.88 Hold'em No Limit - Level7(175/350(50)) - 2026/03/06 17:42:38
Table '38' 8-max Seat #2 is the button
Seat 1: 2e734708 (2,387 in chips)
Seat 2: c1d43934 (10,076 in chips)
Seat 3: 840dcaef (32,171 in chips)
Seat 4: c1bf4c13 (14,015 in chips)
Seat 5: Hero (11,444 in chips)
Seat 6: eb5f6c05 (7,986 in chips)
Seat 7: fc4e37b5 (22,161 in chips)
Seat 8: 3e0990b7 (13,470 in chips)
c1d43934: posts the ante 50
eb5f6c05: posts the ante 50
Hero: posts the ante 50
2e734708: posts the ante 50
c1bf4c13: posts the ante 50
840dcaef: posts the ante 50
3e0990b7: posts the ante 50
fc4e37b5: posts the ante 50
840dcaef: posts small blind 175
c1bf4c13: posts big blind 350
*** HOLE CARDS ***
Dealt to 2e734708 
Dealt to c1d43934 
Dealt to 840dcaef 
Dealt to c1bf4c13 
Dealt to Hero [3d Qh]
Dealt to eb5f6c05 
Dealt to fc4e37b5 
Dealt to 3e0990b7 
Hero: folds
eb5f6c05: folds
fc4e37b5: raises 350 to 700
3e0990b7: calls 700
2e734708: raises 1,637 to 2,337 and is all-in
c1d43934: folds
840dcaef: raises 29,784 to 32,121 and is all-in
c1bf4c13: folds
fc4e37b5: folds
3e0990b7: folds
Uncalled bet (29,784) returned to 840dcaef
840dcaef: shows [Jc Ah]
2e734708: shows [Kc Kh]
*** FLOP *** [2c Td 2s]
*** TURN *** [2c Td 2s] [Js]
*** RIVER *** [2c Td 2s Js] [4d]
*** SHOWDOWN ***
2e734708 collected 6,824 from pot
*** SUMMARY ***
Total pot 6,824 | Rake 0 | Jackpot 0 | Bingo 0 | Fortune 0 | Tax 0
Board [2c Td 2s Js 4d]
Seat 1: 2e734708 showed [Kc Kh] and won (6,824) with two pair, Kings and Twos
Seat 2: c1d43934 (button) folded before Flop
Seat 3: 840dcaef (small blind) showed [Jc Ah] and lost with two pair, Jacks and Twos
Seat 4: c1bf4c13 (big blind) folded before Flop
Seat 5: Hero folded before Flop
Seat 6: eb5f6c05 folded before Flop
Seat 7: fc4e37b5 folded before Flop
Seat 8: 3e0990b7 folded before Flop


Poker Hand #TM5670524978: Tournament #267945227, Bounty Hunters Special $8.88 Hold'em No Limit - Level7(175/350(50)) - 2026/03/06 17:42:01
Table '38' 8-max Seat #1 is the button
Seat 1: 2e734708 (2,437 in chips)
Seat 2: c1d43934 (10,301 in chips)
Seat 3: 840dcaef (32,571 in chips)
Seat 4: c1bf4c13 (13,140 in chips)
Seat 5: Hero (11,494 in chips)
Seat 6: eb5f6c05 (8,036 in chips)
Seat 7: fc4e37b5 (22,211 in chips)
Seat 8: 3e0990b7 (13,520 in chips)
c1d43934: posts the ante 50
eb5f6c05: posts the ante 50
Hero: posts the ante 50
2e734708: posts the ante 50
c1bf4c13: posts the ante 50
840dcaef: posts the ante 50
3e0990b7: posts the ante 50
fc4e37b5: posts the ante 50
c1d43934: posts small blind 175
840dcaef: posts big blind 350
*** HOLE CARDS ***
Dealt to 2e734708 
Dealt to c1d43934 
Dealt to 840dcaef 
Dealt to c1bf4c13 
Dealt to Hero [9c 6c]
Dealt to eb5f6c05 
Dealt to fc4e37b5 
Dealt to 3e0990b7 
c1bf4c13: raises 420 to 770
Hero: folds
eb5f6c05: folds
fc4e37b5: folds
3e0990b7: folds
2e734708: folds
c1d43934: folds
840dcaef: folds
Uncalled bet (420) returned to c1bf4c13
*** SHOWDOWN ***
c1bf4c13 collected 1,275 from pot
*** SUMMARY ***
Total pot 1,275 | Rake 0 | Jackpot 0 | Bingo 0 | Fortune 0 | Tax 0
Seat 1: 2e734708 (button) folded before Flop
Seat 2: c1d43934 (small blind) folded before Flop
Seat 3: 840dcaef (big blind) folded before Flop
Seat 4: c1bf4c13 collected (1,275)
Seat 5: Hero folded before Flop
Seat 6: eb5f6c05 folded before Flop
Seat 7: fc4e37b5 folded before Flop
Seat 8: 3e0990b7 folded before Flop


Poker Hand #TM5670524958: Tournament #267945227, Bounty Hunters Special $8.88 Hold'em No Limit - Level7(175/350(50)) - 2026/03/06 17:40:46
Table '38' 8-max Seat #8 is the button
Seat 1: 2e734708 (3,257 in chips)
Seat 2: c1d43934 (12,206 in chips)
Seat 3: 840dcaef (32,621 in chips)
Seat 4: c1bf4c13 (11,677 in chips)
Seat 5: Hero (11,544 in chips)
Seat 6: eb5f6c05 (6,574 in chips)
Seat 7: fc4e37b5 (22,261 in chips)
Seat 8: 3e0990b7 (13,570 in chips)
c1d43934: posts the ante 50
eb5f6c05: posts the ante 50
Hero: posts the ante 50
2e734708: posts the ante 50
c1bf4c13: posts the ante 50
840dcaef: posts the ante 50
3e0990b7: posts the ante 50
fc4e37b5: posts the ante 50
2e734708: posts small blind 175
c1d43934: posts big blind 350
*** HOLE CARDS ***
Dealt to 2e734708 
Dealt to c1d43934 
Dealt to 840dcaef 
Dealt to c1bf4c13 
Dealt to Hero [8h Ts]
Dealt to eb5f6c05 
Dealt to fc4e37b5 
Dealt to 3e0990b7 
840dcaef: folds
c1bf4c13: raises 420 to 770
Hero: folds
eb5f6c05: calls 770
fc4e37b5: folds
3e0990b7: folds
2e734708: calls 595
c1d43934: calls 420
*** FLOP *** [6d 9d 8c]
2e734708: checks
c1d43934: checks
c1bf4c13: checks
eb5f6c05: checks
*** TURN *** [6d 9d 8c] [7d]
2e734708: checks
c1d43934: bets 1,085
c1bf4c13: calls 1,085
eb5f6c05: raises 4,669 to 5,754 and is all-in
2e734708: folds
c1d43934: folds
c1bf4c13: calls 4,669
eb5f6c05: shows [Ah Tc] (a straight, Ten to Six)
c1bf4c13: shows [Th As] (a straight, Ten to Six)
*** RIVER *** [6d 9d 8c 7d] [Ks]
*** SHOWDOWN ***
eb5f6c05 collected 8,036 from pot
c1bf4c13 collected 8,037 from pot
*** SUMMARY ***
Total pot 16,073 | Rake 0 | Jackpot 0 | Bingo 0 | Fortune 0 | Tax 0
Board [6d 9d 8c 7d Ks]
Seat 1: 2e734708 (small blind) folded on the Turn
Seat 2: c1d43934 (big blind) folded on the Turn
Seat 3: 840dcaef folded before Flop
Seat 4: c1bf4c13 showed [Th As] and won (8,037) with a straight, Ten to Six
Seat 5: Hero folded before Flop
Seat 6: eb5f6c05 showed [Ah Tc] and won (8,036) with a straight, Ten to Six
Seat 7: fc4e37b5 folded before Flop
Seat 8: 3e0990b7 (button) folded before Flop


Poker Hand #TM5670524948: Tournament #267945227, Bounty Hunters Special $8.88 Hold'em No Limit - Level7(175/350(50)) - 2026/03/06 17:39:57
Table '38' 8-max Seat #7 is the button
Seat 1: 2e734708 (4,775 in chips)
Seat 2: c1d43934 (12,256 in chips)
Seat 3: 840dcaef (30,628 in chips)
Seat 4: c1bf4c13 (11,727 in chips)
Seat 5: Hero (11,594 in chips)
Seat 6: eb5f6c05 (6,624 in chips)
Seat 7: fc4e37b5 (22,311 in chips)
Seat 8: 3e0990b7 (13,795 in chips)
c1d43934: posts the ante 50
eb5f6c05: posts the ante 50
Hero: posts the ante 50
2e734708: posts the ante 50
c1bf4c13: posts the ante 50
840dcaef: posts the ante 50
fc4e37b5: posts the ante 50
3e0990b7: posts the ante 50
3e0990b7: posts small blind 175
2e734708: posts big blind 350
*** HOLE CARDS ***
Dealt to 2e734708 
Dealt to c1d43934 
Dealt to 840dcaef 
Dealt to c1bf4c13 
Dealt to Hero [Ks 3d]
Dealt to eb5f6c05 
Dealt to fc4e37b5 
Dealt to 3e0990b7 
c1d43934: folds
840dcaef: raises 420 to 770
c1bf4c13: folds
Hero: folds
eb5f6c05: folds
fc4e37b5: folds
3e0990b7: folds
2e734708: calls 420
*** FLOP *** [Tc 8c Qd]
2e734708: checks
840dcaef: bets 698
2e734708: calls 698
*** TURN *** [Tc 8c Qd] [8d]
2e734708: checks
840dcaef: bets 1,756
2e734708: folds
Uncalled bet (1,756) returned to 840dcaef
*** SHOWDOWN ***
840dcaef collected 3,511 from pot
*** SUMMARY ***
Total pot 3,511 | Rake 0 | Jackpot 0 | Bingo 0 | Fortune 0 | Tax 0
Board [Tc 8c Qd 8d]
Seat 1: 2e734708 (big blind) folded on the Turn
Seat 2: c1d43934 folded before Flop
Seat 3: 840dcaef won (3,511)
Seat 4: c1bf4c13 folded before Flop
Seat 5: Hero folded before Flop
Seat 6: eb5f6c05 folded before Flop
Seat 7: fc4e37b5 (button) folded before Flop
Seat 8: 3e0990b7 (small blind) folded before Flop


Poker Hand #TM5670524923: Tournament #267945227, Bounty Hunters Special $8.88 Hold'em No Limit - Level7(175/350(50)) - 2026/03/06 17:38:41
Table '38' 8-max Seat #6 is the button
Seat 1: 2e734708 (5,525 in chips)
Seat 2: c1d43934 (12,306 in chips)
Seat 3: 840dcaef (30,678 in chips)
Seat 4: c1bf4c13 (11,777 in chips)
Seat 5: Hero (8,320 in chips)
Seat 6: eb5f6c05 (8,373 in chips)
Seat 7: fc4e37b5 (22,536 in chips)
Seat 8: 3e0990b7 (14,195 in chips)
c1d43934: posts the ante 50
eb5f6c05: posts the ante 50
Hero: posts the ante 50
2e734708: posts the ante 50
c1bf4c13: posts the ante 50
840dcaef: posts the ante 50
3e0990b7: posts the ante 50
fc4e37b5: posts the ante 50
fc4e37b5: posts small blind 175
3e0990b7: posts big blind 350
*** HOLE CARDS ***
Dealt to 2e734708 
Dealt to c1d43934 
Dealt to 840dcaef 
Dealt to c1bf4c13 
Dealt to Hero [9d Jd]
Dealt to eb5f6c05 
Dealt to fc4e37b5 
Dealt to 3e0990b7 
2e734708: raises 350 to 700
c1d43934: folds
840dcaef: folds
c1bf4c13: folds
Hero: calls 700
eb5f6c05: calls 700
fc4e37b5: folds
3e0990b7: folds
*** FLOP *** [6c Qd 6h]
2e734708: checks
Hero: checks
eb5f6c05: checks
*** TURN *** [6c Qd 6h] [9c]
2e734708: checks
Hero: bets 999
eb5f6c05: calls 999
2e734708: folds
*** RIVER *** [6c Qd 6h 9c] [2c]
Hero: checks
eb5f6c05: checks
Hero: shows [9d Jd] (two pair, Nines and Sixes)
eb5f6c05: shows [3d 3s] (two pair, Sixes and Threes)
*** SHOWDOWN ***
Hero collected 5,023 from pot
*** SUMMARY ***
Total pot 5,023 | Rake 0 | Jackpot 0 | Bingo 0 | Fortune 0 | Tax 0
Board [6c Qd 6h 9c 2c]
Seat 1: 2e734708 folded on the Turn
Seat 2: c1d43934 folded before Flop
Seat 3: 840dcaef folded before Flop
Seat 4: c1bf4c13 folded before Flop
Seat 5: Hero showed [9d Jd] and won (5,023) with two pair, Nines and Sixes
Seat 6: eb5f6c05 (button) showed [3d 3s] and lost with two pair, Sixes and Threes
Seat 7: fc4e37b5 (small blind) folded before Flop
Seat 8: 3e0990b7 (big blind) folded before Flop


Poker Hand #TM5670524911: Tournament #267945227, Bounty Hunters Special $8.88 Hold'em No Limit - Level6(150/300(45)) - 2026/03/06 17:37:46
Table '38' 8-max Seat #5 is the button
Seat 1: 2e734708 (5,570 in chips)
Seat 2: c1d43934 (12,351 in chips)
Seat 3: 840dcaef (30,723 in chips)
Seat 4: c1bf4c13 (11,822 in chips)
Seat 5: Hero (8,035 in chips)
Seat 6: eb5f6c05 (8,088 in chips)
Seat 7: fc4e37b5 (22,881 in chips)
Seat 8: 3e0990b7 (14,240 in chips)
c1d43934: posts the ante 45
eb5f6c05: posts the ante 45
Hero: posts the ante 45
2e734708: posts the ante 45
c1bf4c13: posts the ante 45
840dcaef: posts the ante 45
3e0990b7: posts the ante 45
fc4e37b5: posts the ante 45
eb5f6c05: posts small blind 150
fc4e37b5: posts big blind 300
*** HOLE CARDS ***
Dealt to 2e734708 
Dealt to c1d43934 
Dealt to 840dcaef 
Dealt to c1bf4c13 
Dealt to Hero [As 8s]
Dealt to eb5f6c05 
Dealt to fc4e37b5 
Dealt to 3e0990b7 
3e0990b7: folds
2e734708: folds
c1d43934: folds
840dcaef: folds
c1bf4c13: folds
Hero: raises 300 to 600
eb5f6c05: calls 450
fc4e37b5: folds
*** FLOP *** [Ts Qd Qc]
eb5f6c05: checks
Hero: bets 614
eb5f6c05: calls 614
*** TURN *** [Ts Qd Qc] [Kc]
eb5f6c05: checks
Hero: bets 1,020
eb5f6c05: calls 1,020
*** RIVER *** [Ts Qd Qc Kc] [3h]
eb5f6c05: checks
Hero: checks
eb5f6c05: shows [Ah 6c] (a pair of Queens)
Hero: shows [As 8s] (a pair of Queens)
*** SHOWDOWN ***
Hero collected 2,564 from pot
eb5f6c05 collected 2,564 from pot
*** SUMMARY ***
Total pot 5,128 | Rake 0 | Jackpot 0 | Bingo 0 | Fortune 0 | Tax 0
Board [Ts Qd Qc Kc 3h]
Seat 1: 2e734708 folded before Flop
Seat 2: c1d43934 folded before Flop
Seat 3: 840dcaef folded before Flop
Seat 4: c1bf4c13 folded before Flop
Seat 5: Hero (button) showed [As 8s] and won (2,564) with a pair of Queens
Seat 6: eb5f6c05 (small blind) showed [Ah 6c] and won (2,564) with a pair of Queens
Seat 7: fc4e37b5 (big blind) folded before Flop
Seat 8: 3e0990b7 folded before Flop


Poker Hand #TM5670524894: Tournament #267945227, Bounty Hunters Special $8.88 Hold'em No Limit - Level6(150/300(45)) - 2026/03/06 17:36:39
Table '38' 8-max Seat #4 is the button
Seat 1: 2e734708 (5,615 in chips)
Seat 2: c1d43934 (12,396 in chips)
Seat 3: 840dcaef (30,768 in chips)
Seat 4: c1bf4c13 (13,032 in chips)
Seat 5: Hero (8,230 in chips)
Seat 6: eb5f6c05 (6,458 in chips)
Seat 7: fc4e37b5 (22,926 in chips)
Seat 8: 3e0990b7 (14,285 in chips)
c1d43934: posts the ante 45
eb5f6c05: posts the ante 45
Hero: posts the ante 45
2e734708: posts the ante 45
c1bf4c13: posts the ante 45
840dcaef: posts the ante 45
3e0990b7: posts the ante 45
fc4e37b5: posts the ante 45
Hero: posts small blind 150
eb5f6c05: posts big blind 300
*** HOLE CARDS ***
Dealt to 2e734708 
Dealt to c1d43934 
Dealt to 840dcaef 
Dealt to c1bf4c13 
Dealt to Hero [5s Qh]
Dealt to eb5f6c05 
Dealt to fc4e37b5 
Dealt to 3e0990b7 
fc4e37b5: folds
3e0990b7: folds
2e734708: folds
c1d43934: folds
840dcaef: folds
c1bf4c13: raises 300 to 600
Hero: folds
eb5f6c05: calls 300
*** FLOP *** [7s 4c 8c]
eb5f6c05: checks
c1bf4c13: checks
*** TURN *** [7s 4c 8c] [6h]
eb5f6c05: bets 565
c1bf4c13: calls 565
*** RIVER *** [7s 4c 8c 6h] [Ac]
eb5f6c05: bets 2,100
c1bf4c13: folds
Uncalled bet (2,100) returned to eb5f6c05
*** SHOWDOWN ***
eb5f6c05 collected 2,840 from pot
*** SUMMARY ***
Total pot 2,840 | Rake 0 | Jackpot 0 | Bingo 0 | Fortune 0 | Tax 0
Board [7s 4c 8c 6h Ac]
Seat 1: 2e734708 folded before Flop
Seat 2: c1d43934 folded before Flop
Seat 3: 840dcaef folded before Flop
Seat 4: c1bf4c13 (button) folded on the River
Seat 5: Hero (small blind) folded before Flop
Seat 6: eb5f6c05 (big blind) showed [Jh] and won (2,840)
Seat 7: fc4e37b5 folded before Flop
Seat 8: 3e0990b7 folded before Flop


Poker Hand #TM5670524871: Tournament #267945227, Bounty Hunters Special $8.88 Hold'em No Limit - Level6(150/300(45)) - 2026/03/06 17:35:26
Table '38' 8-max Seat #3 is the button
Seat 1: 2e734708 (5,660 in chips)
Seat 2: c1d43934 (12,441 in chips)
Seat 3: 840dcaef (30,813 in chips)
Seat 4: c1bf4c13 (11,817 in chips)
Seat 5: Hero (9,175 in chips)
Seat 6: eb5f6c05 (6,503 in chips)
Seat 7: fc4e37b5 (22,971 in chips)
Seat 8: 3e0990b7 (14,330 in chips)
c1d43934: posts the ante 45
eb5f6c05: posts the ante 45
Hero: posts the ante 45
2e734708: posts the ante 45
840dcaef: posts the ante 45
c1bf4c13: posts the ante 45
3e0990b7: posts the ante 45
fc4e37b5: posts the ante 45
c1bf4c13: posts small blind 150
Hero: posts big blind 300
*** HOLE CARDS ***
Dealt to 2e734708 
Dealt to c1d43934 
Dealt to 840dcaef 
Dealt to c1bf4c13 
Dealt to Hero [6s Tc]
Dealt to eb5f6c05 
Dealt to fc4e37b5 
Dealt to 3e0990b7 
eb5f6c05: folds
fc4e37b5: folds
3e0990b7: folds
2e734708: folds
c1d43934: folds
840dcaef: folds
c1bf4c13: raises 600 to 900
Hero: calls 600
*** FLOP *** [5c 8h 3d]
c1bf4c13: checks
Hero: checks
*** TURN *** [5c 8h 3d] [8d]
c1bf4c13: bets 1,080
Hero: folds
Uncalled bet (1,080) returned to c1bf4c13
*** SHOWDOWN ***
c1bf4c13 collected 2,160 from pot
*** SUMMARY ***
Total pot 2,160 | Rake 0 | Jackpot 0 | Bingo 0 | Fortune 0 | Tax 0
Board [5c 8h 3d 8d]
Seat 1: 2e734708 folded before Flop
Seat 2: c1d43934 folded before Flop
Seat 3: 840dcaef (button) folded before Flop
Seat 4: c1bf4c13 (small blind) won (2,160)
Seat 5: Hero (big blind) folded on the Turn
Seat 6: eb5f6c05 folded before Flop
Seat 7: fc4e37b5 folded before Flop
Seat 8: 3e0990b7 folded before Flop


Poker Hand #TM5670524849: Tournament #267945227, Bounty Hunters Special $8.88 Hold'em No Limit - Level6(150/300(45)) - 2026/03/06 17:34:03
Table '38' 8-max Seat #2 is the button
Seat 1: 2e734708 (5,705 in chips)
Seat 2: c1d43934 (12,486 in chips)
Seat 3: 840dcaef (25,938 in chips)
Seat 4: c1bf4c13 (12,462 in chips)
Seat 5: Hero (9,220 in chips)
Seat 6: eb5f6c05 (6,548 in chips)
Seat 7: fc4e37b5 (24,996 in chips)
Seat 8: 3e0990b7 (16,355 in chips)
c1d43934: posts the ante 45
eb5f6c05: posts the ante 45
Hero: posts the ante 45
2e734708: posts the ante 45
c1bf4c13: posts the ante 45
840dcaef: posts the ante 45
3e0990b7: posts the ante 45
fc4e37b5: posts the ante 45
840dcaef: posts small blind 150
c1bf4c13: posts big blind 300
*** HOLE CARDS ***
Dealt to 2e734708 
Dealt to c1d43934 
Dealt to 840dcaef 
Dealt to c1bf4c13 
Dealt to Hero [5h 9d]
Dealt to eb5f6c05 
Dealt to fc4e37b5 
Dealt to 3e0990b7 
Hero: folds
eb5f6c05: folds
fc4e37b5: raises 300 to 600
3e0990b7: calls 600
2e734708: folds
c1d43934: folds
840dcaef: calls 450
c1bf4c13: calls 300
*** FLOP *** [5c 2s Th]
840dcaef: checks
c1bf4c13: checks
fc4e37b5: checks
3e0990b7: checks
*** TURN *** [5c 2s Th] [4d]
840dcaef: bets 1,380
c1bf4c13: folds
fc4e37b5: calls 1,380
3e0990b7: calls 1,380
*** RIVER *** [5c 2s Th 4d] [9c]
840dcaef: bets 1,380
fc4e37b5: folds
3e0990b7: folds
Uncalled bet (1,380) returned to 840dcaef
*** SHOWDOWN ***
840dcaef collected 6,900 from pot
*** SUMMARY ***
Total pot 6,900 | Rake 0 | Jackpot 0 | Bingo 0 | Fortune 0 | Tax 0
Board [5c 2s Th 4d 9c]
Seat 1: 2e734708 folded before Flop
Seat 2: c1d43934 (button) folded before Flop
Seat 3: 840dcaef (small blind) won (6,900)
Seat 4: c1bf4c13 (big blind) folded on the Turn
Seat 5: Hero folded before Flop
Seat 6: eb5f6c05 folded before Flop
Seat 7: fc4e37b5 folded on the River
Seat 8: 3e0990b7 folded on the River


Poker Hand #TM5670524836: Tournament #267945227, Bounty Hunters Special $8.88 Hold'em No Limit - Level6(150/300(45)) - 2026/03/06 17:33:22
Table '38' 8-max Seat #1 is the button
Seat 1: 2e734708 (5,750 in chips)
Seat 2: c1d43934 (9,831 in chips)
Seat 3: 840dcaef (26,283 in chips)
Seat 4: c1bf4c13 (12,507 in chips)
Seat 5: Hero (9,265 in chips)
Seat 6: eb5f6c05 (8,633 in chips)
Seat 7: fc4e37b5 (25,041 in chips)
Seat 8: 3e0990b7 (16,400 in chips)
c1d43934: posts the ante 45
eb5f6c05: posts the ante 45
Hero: posts the ante 45
2e734708: posts the ante 45
c1bf4c13: posts the ante 45
840dcaef: posts the ante 45
3e0990b7: posts the ante 45
fc4e37b5: posts the ante 45
c1d43934: posts small blind 150
840dcaef: posts big blind 300
*** HOLE CARDS ***
Dealt to 2e734708 
Dealt to c1d43934 
Dealt to 840dcaef 
Dealt to c1bf4c13 
Dealt to Hero [Ah 8c]
Dealt to eb5f6c05 
Dealt to fc4e37b5 
Dealt to 3e0990b7 
c1bf4c13: folds
Hero: folds
eb5f6c05: raises 300 to 600
fc4e37b5: folds
3e0990b7: folds
2e734708: folds
c1d43934: raises 1,440 to 2,040
840dcaef: folds
eb5f6c05: calls 1,440
*** FLOP *** [6s Kd Jc]
c1d43934: bets 1,560
eb5f6c05: folds
Uncalled bet (1,560) returned to c1d43934
*** SHOWDOWN ***
c1d43934 collected 4,740 from pot
*** SUMMARY ***
Total pot 4,740 | Rake 0 | Jackpot 0 | Bingo 0 | Fortune 0 | Tax 0
Board [6s Kd Jc]
Seat 1: 2e734708 (button) folded before Flop
Seat 2: c1d43934 (small blind) won (4,740)
Seat 3: 840dcaef (big blind) folded before Flop
Seat 4: c1bf4c13 folded before Flop
Seat 5: Hero folded before Flop
Seat 6: eb5f6c05 folded on the Flop
Seat 7: fc4e37b5 folded before Flop
Seat 8: 3e0990b7 folded before Flop


Poker Hand #TM5670524824: Tournament #267945227, Bounty Hunters Special $8.88 Hold'em No Limit - Level6(150/300(45)) - 2026/03/06 17:32:33
Table '38' 8-max Seat #8 is the button
Seat 1: 2e734708 (5,945 in chips)
Seat 2: c1d43934 (10,176 in chips)
Seat 3: 840dcaef (26,328 in chips)
Seat 4: c1bf4c13 (12,552 in chips)
Seat 5: Hero (9,910 in chips)
Seat 6: eb5f6c05 (8,678 in chips)
Seat 7: fc4e37b5 (25,086 in chips)
Seat 8: 3e0990b7 (15,035 in chips)
c1d43934: posts the ante 45
eb5f6c05: posts the ante 45
Hero: posts the ante 45
2e734708: posts the ante 45
c1bf4c13: posts the ante 45
840dcaef: posts the ante 45
3e0990b7: posts the ante 45
fc4e37b5: posts the ante 45
2e734708: posts small blind 150
c1d43934: posts big blind 300
*** HOLE CARDS ***
Dealt to 2e734708 
Dealt to c1d43934 
Dealt to 840dcaef 
Dealt to c1bf4c13 
Dealt to Hero [Kd 2d]
Dealt to eb5f6c05 
Dealt to fc4e37b5 
Dealt to 3e0990b7 
840dcaef: folds
c1bf4c13: folds
Hero: raises 300 to 600
eb5f6c05: folds
fc4e37b5: folds
3e0990b7: raises 1,500 to 2,100
2e734708: folds
c1d43934: folds
Hero: folds
Uncalled bet (1,500) returned to 3e0990b7
*** SHOWDOWN ***
3e0990b7 collected 2,010 from pot
*** SUMMARY ***
Total pot 2,010 | Rake 0 | Jackpot 0 | Bingo 0 | Fortune 0 | Tax 0
Seat 1: 2e734708 (small blind) folded before Flop
Seat 2: c1d43934 (big blind) folded before Flop
Seat 3: 840dcaef folded before Flop
Seat 4: c1bf4c13 folded before Flop
Seat 5: Hero folded before Flop
Seat 6: eb5f6c05 folded before Flop
Seat 7: fc4e37b5 folded before Flop
Seat 8: 3e0990b7 (button) collected (2,010)


Poker Hand #TM5670524813: Tournament #267945227, Bounty Hunters Special $8.88 Hold'em No Limit - Level6(150/300(45)) - 2026/03/06 17:31:44
Table '38' 8-max Seat #7 is the button
Seat 1: 2e734708 (6,290 in chips)
Seat 2: c1d43934 (10,221 in chips)
Seat 3: 840dcaef (26,373 in chips)
Seat 4: c1bf4c13 (9,717 in chips)
Seat 5: Hero (9,955 in chips)
Seat 6: eb5f6c05 (8,723 in chips)
Seat 7: fc4e37b5 (25,131 in chips)
Seat 8: 3e0990b7 (17,300 in chips)
c1d43934: posts the ante 45
eb5f6c05: posts the ante 45
Hero: posts the ante 45
2e734708: posts the ante 45
c1bf4c13: posts the ante 45
840dcaef: posts the ante 45
fc4e37b5: posts the ante 45
3e0990b7: posts the ante 45
3e0990b7: posts small blind 150
2e734708: posts big blind 300
*** HOLE CARDS ***
Dealt to 2e734708 
Dealt to c1d43934 
Dealt to 840dcaef 
Dealt to c1bf4c13 
Dealt to Hero [Qh 7c]
Dealt to eb5f6c05 
Dealt to fc4e37b5 
Dealt to 3e0990b7 
c1d43934: folds
840dcaef: folds
c1bf4c13: raises 360 to 660
Hero: folds
eb5f6c05: folds
fc4e37b5: folds
3e0990b7: raises 1,560 to 2,220
2e734708: folds
c1bf4c13: raises 7,452 to 9,672 and is all-in
3e0990b7: folds
Uncalled bet (7,452) returned to c1bf4c13
*** SHOWDOWN ***
c1bf4c13 collected 5,100 from pot
*** SUMMARY ***
Total pot 5,100 | Rake 0 | Jackpot 0 | Bingo 0 | Fortune 0 | Tax 0
Seat 1: 2e734708 (big blind) folded before Flop
Seat 2: c1d43934 folded before Flop
Seat 3: 840dcaef folded before Flop
Seat 4: c1bf4c13 collected (5,100)
Seat 5: Hero folded before Flop
Seat 6: eb5f6c05 folded before Flop
Seat 7: fc4e37b5 (button) folded before Flop
Seat 8: 3e0990b7 (small blind) folded before Flop


Poker Hand #TM5670524801: Tournament #267945227, Bounty Hunters Special $8.88 Hold'em No Limit - Level6(150/300(45)) - 2026/03/06 17:31:04
Table '38' 8-max Seat #6 is the button
Seat 1: 2e734708 (6,335 in chips)
Seat 2: c1d43934 (10,266 in chips)
Seat 3: 840dcaef (26,418 in chips)
Seat 4: c1bf4c13 (10,422 in chips)
Seat 5: Hero (10,000 in chips)
Seat 6: eb5f6c05 (7,298 in chips)
Seat 7: fc4e37b5 (25,326 in chips)
Seat 8: 3e0990b7 (17,645 in chips)
c1d43934: posts the ante 45
eb5f6c05: posts the ante 45
Hero: posts the ante 45
2e734708: posts the ante 45
c1bf4c13: posts the ante 45
840dcaef: posts the ante 45
3e0990b7: posts the ante 45
fc4e37b5: posts the ante 45
fc4e37b5: posts small blind 150
3e0990b7: posts big blind 300
*** HOLE CARDS ***
Dealt to 2e734708 
Dealt to c1d43934 
Dealt to 840dcaef 
Dealt to c1bf4c13 
Dealt to Hero [Jc 3h]
Dealt to eb5f6c05 
Dealt to fc4e37b5 
Dealt to 3e0990b7 
2e734708: folds
c1d43934: folds
840dcaef: folds
c1bf4c13: raises 360 to 660
Hero: folds
eb5f6c05: raises 6,593 to 7,253 and is all-in
fc4e37b5: folds
3e0990b7: folds
c1bf4c13: folds
Uncalled bet (6,593) returned to eb5f6c05
*** SHOWDOWN ***
eb5f6c05 collected 2,130 from pot
*** SUMMARY ***
Total pot 2,130 | Rake 0 | Jackpot 0 | Bingo 0 | Fortune 0 | Tax 0
Seat 1: 2e734708 folded before Flop
Seat 2: c1d43934 folded before Flop
Seat 3: 840dcaef folded before Flop
Seat 4: c1bf4c13 folded before Flop
Seat 5: Hero folded before Flop
Seat 6: eb5f6c05 (button) collected (2,130)
Seat 7: fc4e37b5 (small blind) folded before Flop
Seat 8: 3e0990b7 (big blind) folded before Flop


