Poker Hand #TM5665427898: Tournament #267726267, Bounty Hunters Deepstack Turbo $8.88 Hold'em No Limit - Level17(1,500/3,000(450)) - 2026/03/05 16:32:10
Table '63' 8-max Seat #2 is the button
Seat 1: 69ebae03 (66,408 in chips)
Seat 2: b82044be (33,237 in chips)
Seat 3: afb7f104 (65,028 in chips)
Seat 4: ab4c3c3 (140,881 in chips)
Seat 5: 4e19973d (83,876 in chips)
Seat 6: d84b7814 (52,370 in chips)
Seat 7: 61bbe922 (18,009 in chips)
Seat 8: Hero (15,302 in chips)
b82044be: posts the ante 450
69ebae03: posts the ante 450
61bbe922: posts the ante 450
4e19973d: posts the ante 450
d84b7814: posts the ante 450
Hero: posts the ante 450
afb7f104: posts the ante 450
ab4c3c3: posts the ante 450
afb7f104: posts small blind 1,500
ab4c3c3: posts big blind 3,000
*** HOLE CARDS ***
Dealt to 69ebae03 
Dealt to b82044be 
Dealt to afb7f104 
Dealt to ab4c3c3 
Dealt to 4e19973d 
Dealt to d84b7814 
Dealt to 61bbe922 
Dealt to Hero [Js Jd]
4e19973d: folds
d84b7814: folds
61bbe922: folds
Hero: raises 11,852 to 14,852 and is all-in
69ebae03: folds
b82044be: raises 17,935 to 32,787 and is all-in
afb7f104: folds
ab4c3c3: calls 29,787
b82044be: shows [Qc Kh]
ab4c3c3: shows [Ac Td]
Hero: shows [Js Jd]
*** FLOP *** [Ah 4h As]
*** TURN *** [Ah 4h As] [8s]
*** RIVER *** [Ah 4h As 8s] [8d]
*** SHOWDOWN ***
ab4c3c3 collected 49,656 from pot
ab4c3c3 collected 35,870 from pot
*** SUMMARY ***
Total pot 85,526 | Rake 0 | Jackpot 0 | Bingo 0 | Fortune 0 | Tax 0
Board [Ah 4h As 8s 8d]
Seat 1: 69ebae03 folded before Flop
Seat 2: b82044be (button) showed [Qc Kh] and lost with two pair, Aces and Eights
Seat 3: afb7f104 (small blind) folded before Flop
Seat 4: ab4c3c3 (big blind) showed [Ac Td] and won (85,526) with a full house, Aces full of Eights
Seat 5: 4e19973d folded before Flop
Seat 6: d84b7814 folded before Flop
Seat 7: 61bbe922 folded before Flop
Seat 8: Hero showed [Js Jd] and lost with two pair, Aces and Jacks


Poker Hand #TM5666461673: Tournament #267726267, Bounty Hunters Deepstack Turbo $8.88 Hold'em No Limit - Level17(1,500/3,000(450)) - 2026/03/05 16:30:56
Table '99' 8-max Seat #2 is the button
Seat 1: c86d820 (98,665 in chips)
Seat 2: b5c6cc12 (59,758 in chips)
Seat 3: Hero (17,252 in chips)
Seat 4: 5ad21c6 (110,928 in chips)
Seat 5: 9688891c (91,514 in chips)
Seat 6: 6025bea6 (136,568 in chips)
Seat 7: 5720039a (143,572 in chips)
Seat 8: 7c2ff5bf (15,550 in chips)
b5c6cc12: posts the ante 450
5720039a: posts the ante 450
9688891c: posts the ante 450
Hero: posts the ante 450
7c2ff5bf: posts the ante 450
6025bea6: posts the ante 450
5ad21c6: posts the ante 450
c86d820: posts the ante 450
Hero: posts small blind 1,500
5ad21c6: posts big blind 3,000
*** HOLE CARDS ***
Dealt to c86d820 
Dealt to b5c6cc12 
Dealt to Hero [Qc Ts]
Dealt to 5ad21c6 
Dealt to 9688891c 
Dealt to 6025bea6 
Dealt to 5720039a 
Dealt to 7c2ff5bf 
9688891c: raises 3,000 to 6,000
6025bea6: calls 6,000
5720039a: folds
7c2ff5bf: folds
c86d820: folds
b5c6cc12: raises 13,572 to 19,572
Hero: folds
5ad21c6: folds
9688891c: calls 13,572
6025bea6: calls 13,572
*** FLOP *** [Qd Ad 8s]
9688891c: checks
6025bea6: checks
b5c6cc12: bets 39,736 and is all-in
9688891c: calls 39,736
6025bea6: raises 76,810 to 116,546 and is all-in
9688891c: calls 31,756 and is all-in
Uncalled bet (45,054) returned to 6025bea6
6025bea6: shows [8c 8d] (three of a kind, Eights)
b5c6cc12: shows [5h Ah] (a pair of Aces)
9688891c: shows [6c Ac] (a pair of Aces)
*** TURN *** [Qd Ad 8s] [Tc]
*** RIVER *** [Qd Ad 8s Tc] [6h]
*** SHOWDOWN ***
6025bea6 collected 186,024 from pot
6025bea6 collected 63,512 from pot
*** SUMMARY ***
Total pot 249,536 | Rake 0 | Jackpot 0 | Bingo 0 | Fortune 0 | Tax 0
Board [Qd Ad 8s Tc 6h]
Seat 1: c86d820 folded before Flop
Seat 2: b5c6cc12 (button) showed [5h Ah] and lost with a pair of Aces
Seat 3: Hero (small blind) folded before Flop
Seat 4: 5ad21c6 (big blind) folded before Flop
Seat 5: 9688891c showed [6c Ac] and lost with two pair, Aces and Sixes
Seat 6: 6025bea6 showed [8c 8d] and won (249,536) with three of a kind, Eights
Seat 7: 5720039a folded before Flop
Seat 8: 7c2ff5bf folded before Flop


Poker Hand #TM5666461664: Tournament #267726267, Bounty Hunters Deepstack Turbo $8.88 Hold'em No Limit - Level16(1,250/2,500(350)) - 2026/03/05 16:30:06
Table '99' 8-max Seat #1 is the button
Seat 1: c86d820 (99,015 in chips)
Seat 2: b5c6cc12 (61,358 in chips)
Seat 3: Hero (60,084 in chips)
Seat 4: 5ad21c6 (113,778 in chips)
Seat 5: 9688891c (42,832 in chips)
Seat 6: 6025bea6 (136,918 in chips)
Seat 7: 5720039a (143,922 in chips)
Seat 8: 7c2ff5bf (15,900 in chips)
b5c6cc12: posts the ante 350
5720039a: posts the ante 350
9688891c: posts the ante 350
Hero: posts the ante 350
7c2ff5bf: posts the ante 350
6025bea6: posts the ante 350
5ad21c6: posts the ante 350
c86d820: posts the ante 350
b5c6cc12: posts small blind 1,250
Hero: posts big blind 2,500
*** HOLE CARDS ***
Dealt to c86d820 
Dealt to b5c6cc12 
Dealt to Hero [Jc Js]
Dealt to 5ad21c6 
Dealt to 9688891c 
Dealt to 6025bea6 
Dealt to 5720039a 
Dealt to 7c2ff5bf 
5ad21c6: calls 2,500
9688891c: raises 39,982 to 42,482 and is all-in
6025bea6: folds
5720039a: folds
7c2ff5bf: folds
c86d820: folds
b5c6cc12: folds
Hero: raises 17,252 to 59,734 and is all-in
5ad21c6: folds
Uncalled bet (17,252) returned to Hero
Hero: shows [Jc Js]
9688891c: shows [5h 5c]
*** FLOP *** [2d 5s 3d]
*** TURN *** [2d 5s 3d] [2s]
*** RIVER *** [2d 5s 3d 2s] [4c]
*** SHOWDOWN ***
9688891c collected 91,514 from pot
*** SUMMARY ***
Total pot 91,514 | Rake 0 | Jackpot 0 | Bingo 0 | Fortune 0 | Tax 0
Board [2d 5s 3d 2s 4c]
Seat 1: c86d820 (button) folded before Flop
Seat 2: b5c6cc12 (small blind) folded before Flop
Seat 3: Hero (big blind) showed [Jc Js] and lost with two pair, Jacks and Twos
Seat 4: 5ad21c6 folded before Flop
Seat 5: 9688891c showed [5h 5c] and won (91,514) with a full house, Fives full of Twos
Seat 6: 6025bea6 folded before Flop
Seat 7: 5720039a folded before Flop
Seat 8: 7c2ff5bf folded before Flop


Poker Hand #TM5666461658: Tournament #267726267, Bounty Hunters Deepstack Turbo $8.88 Hold'em No Limit - Level16(1,250/2,500(350)) - 2026/03/05 16:29:33
Table '99' 8-max Seat #8 is the button
Seat 1: c86d820 (100,615 in chips)
Seat 2: b5c6cc12 (64,208 in chips)
Seat 3: Hero (60,434 in chips)
Seat 4: 5ad21c6 (100,078 in chips)
Seat 5: 9688891c (43,182 in chips)
Seat 6: 6025bea6 (137,268 in chips)
Seat 7: 5720039a (151,772 in chips)
Seat 8: 7c2ff5bf (16,250 in chips)
5720039a: posts the ante 350
b5c6cc12: posts the ante 350
9688891c: posts the ante 350
Hero: posts the ante 350
7c2ff5bf: posts the ante 350
6025bea6: posts the ante 350
5ad21c6: posts the ante 350
c86d820: posts the ante 350
c86d820: posts small blind 1,250
b5c6cc12: posts big blind 2,500
*** HOLE CARDS ***
Dealt to c86d820 
Dealt to b5c6cc12 
Dealt to Hero [8h 6d]
Dealt to 5ad21c6 
Dealt to 9688891c 
Dealt to 6025bea6 
Dealt to 5720039a 
Dealt to 7c2ff5bf 
Hero: folds
5ad21c6: calls 2,500
9688891c: folds
6025bea6: folds
5720039a: raises 5,000 to 7,500
7c2ff5bf: folds
c86d820: folds
b5c6cc12: folds
5ad21c6: raises 92,228 to 99,728 and is all-in
5720039a: folds
Uncalled bet (92,228) returned to 5ad21c6
*** SHOWDOWN ***
5ad21c6 collected 21,550 from pot
*** SUMMARY ***
Total pot 21,550 | Rake 0 | Jackpot 0 | Bingo 0 | Fortune 0 | Tax 0
Seat 1: c86d820 (small blind) folded before Flop
Seat 2: b5c6cc12 (big blind) folded before Flop
Seat 3: Hero folded before Flop
Seat 4: 5ad21c6 collected (21,550)
Seat 5: 9688891c folded before Flop
Seat 6: 6025bea6 folded before Flop
Seat 7: 5720039a folded before Flop
Seat 8: 7c2ff5bf (button) folded before Flop


Poker Hand #TM5666461652: Tournament #267726267, Bounty Hunters Deepstack Turbo $8.88 Hold'em No Limit - Level16(1,250/2,500(350)) - 2026/03/05 16:28:54
Table '99' 8-max Seat #7 is the button
Seat 1: c86d820 (103,465 in chips)
Seat 2: b5c6cc12 (64,558 in chips)
Seat 3: Hero (60,784 in chips)
Seat 4: 5ad21c6 (100,428 in chips)
Seat 5: 9688891c (43,532 in chips)
Seat 6: 6025bea6 (137,618 in chips)
Seat 7: 5720039a (141,822 in chips)
Seat 8: 7c2ff5bf (21,600 in chips)
5720039a: posts the ante 350
b5c6cc12: posts the ante 350
9688891c: posts the ante 350
Hero: posts the ante 350
7c2ff5bf: posts the ante 350
6025bea6: posts the ante 350
5ad21c6: posts the ante 350
c86d820: posts the ante 350
7c2ff5bf: posts small blind 1,250
c86d820: posts big blind 2,500
*** HOLE CARDS ***
Dealt to c86d820 
Dealt to b5c6cc12 
Dealt to Hero [5c 7h]
Dealt to 5ad21c6 
Dealt to 9688891c 
Dealt to 6025bea6 
Dealt to 5720039a 
Dealt to 7c2ff5bf 
b5c6cc12: folds
Hero: folds
5ad21c6: folds
9688891c: folds
6025bea6: folds
5720039a: raises 2,500 to 5,000
7c2ff5bf: calls 3,750
c86d820: folds
*** FLOP *** [Ad Qh 3d]
7c2ff5bf: checks
5720039a: bets 2,500
7c2ff5bf: folds
Uncalled bet (2,500) returned to 5720039a
*** SHOWDOWN ***
5720039a collected 15,300 from pot
*** SUMMARY ***
Total pot 15,300 | Rake 0 | Jackpot 0 | Bingo 0 | Fortune 0 | Tax 0
Board [Ad Qh 3d]
Seat 1: c86d820 (big blind) folded before Flop
Seat 2: b5c6cc12 folded before Flop
Seat 3: Hero folded before Flop
Seat 4: 5ad21c6 folded before Flop
Seat 5: 9688891c folded before Flop
Seat 6: 6025bea6 folded before Flop
Seat 7: 5720039a (button) won (15,300)
Seat 8: 7c2ff5bf (small blind) folded on the Flop


Poker Hand #TM5666461641: Tournament #267726267, Bounty Hunters Deepstack Turbo $8.88 Hold'em No Limit - Level16(1,250/2,500(350)) - 2026/03/05 16:27:52
Table '99' 8-max Seat #5 is the button
Seat 1: c86d820 (103,815 in chips)
Seat 2: b5c6cc12 (50,024 in chips)
Seat 3: Hero (61,134 in chips)
Seat 4: 5ad21c6 (100,778 in chips)
Seat 5: 9688891c (43,882 in chips)
Seat 7: 5720039a (152,106 in chips)
Seat 8: 7c2ff5bf (24,450 in chips)
b5c6cc12: posts the ante 350
5720039a: posts the ante 350
9688891c: posts the ante 350
Hero: posts the ante 350
7c2ff5bf: posts the ante 350
5ad21c6: posts the ante 350
c86d820: posts the ante 350
5720039a: posts small blind 1,250
7c2ff5bf: posts big blind 2,500
*** HOLE CARDS ***
Dealt to c86d820 
Dealt to b5c6cc12 
Dealt to Hero [9d Th]
Dealt to 5ad21c6 
Dealt to 9688891c 
Dealt to 5720039a 
Dealt to 7c2ff5bf 
c86d820: folds
b5c6cc12: raises 2,500 to 5,000
Hero: folds
5ad21c6: folds
9688891c: folds
5720039a: calls 3,750
7c2ff5bf: folds
*** FLOP *** [9c 3d Qc]
5720039a: checks
b5c6cc12: bets 4,934
5720039a: calls 4,934
*** TURN *** [9c 3d Qc] [Ac]
5720039a: checks
b5c6cc12: bets 12,906
5720039a: folds
Uncalled bet (12,906) returned to b5c6cc12
*** SHOWDOWN ***
b5c6cc12 collected 24,818 from pot
*** SUMMARY ***
Total pot 24,818 | Rake 0 | Jackpot 0 | Bingo 0 | Fortune 0 | Tax 0
Board [9c 3d Qc Ac]
Seat 1: c86d820 folded before Flop
Seat 2: b5c6cc12 won (24,818)
Seat 3: Hero folded before Flop
Seat 4: 5ad21c6 folded before Flop
Seat 5: 9688891c (button) folded before Flop
Seat 7: 5720039a (small blind) folded on the Turn
Seat 8: 7c2ff5bf (big blind) folded before Flop


Poker Hand #TM5666461634: Tournament #267726267, Bounty Hunters Deepstack Turbo $8.88 Hold'em No Limit - Level16(1,250/2,500(350)) - 2026/03/05 16:27:02
Table '99' 8-max Seat #4 is the button
Seat 1: c86d820 (75,799 in chips)
Seat 2: b5c6cc12 (50,374 in chips)
Seat 3: Hero (61,484 in chips)
Seat 4: 5ad21c6 (101,128 in chips)
Seat 5: 9688891c (45,482 in chips)
Seat 6: 39f04e72 (42,316 in chips)
Seat 7: 5720039a (152,456 in chips)
Seat 8: 7c2ff5bf (7,150 in chips)
b5c6cc12: posts the ante 350
5720039a: posts the ante 350
39f04e72: posts the ante 350
Hero: posts the ante 350
9688891c: posts the ante 350
7c2ff5bf: posts the ante 350
5ad21c6: posts the ante 350
c86d820: posts the ante 350
9688891c: posts small blind 1,250
39f04e72: posts big blind 2,500
*** HOLE CARDS ***
Dealt to c86d820 
Dealt to b5c6cc12 
Dealt to Hero [Qh 9d]
Dealt to 5ad21c6 
Dealt to 9688891c 
Dealt to 39f04e72 
Dealt to 5720039a 
Dealt to 7c2ff5bf 
5720039a: folds
7c2ff5bf: raises 4,300 to 6,800 and is all-in
c86d820: raises 68,649 to 75,449 and is all-in
b5c6cc12: folds
Hero: folds
5ad21c6: folds
9688891c: folds
39f04e72: calls 39,466 and is all-in
Uncalled bet (33,483) returned to c86d820
c86d820: shows [Qd Qc]
39f04e72: shows [Kh Ts]
7c2ff5bf: shows [5s Ah]
*** FLOP *** [6h 2h 3c]
*** TURN *** [6h 2h 3c] [As]
*** RIVER *** [6h 2h 3c As] [6s]
*** SHOWDOWN ***
7c2ff5bf collected 24,450 from pot
c86d820 collected 70,332 from pot
*** SUMMARY ***
Total pot 94,782 | Rake 0 | Jackpot 0 | Bingo 0 | Fortune 0 | Tax 0
Board [6h 2h 3c As 6s]
Seat 1: c86d820 showed [Qd Qc] and won (70,332) with two pair, Queens and Sixes
Seat 2: b5c6cc12 folded before Flop
Seat 3: Hero folded before Flop
Seat 4: 5ad21c6 (button) folded before Flop
Seat 5: 9688891c (small blind) folded before Flop
Seat 6: 39f04e72 (big blind) showed [Kh Ts] and lost with a pair of Sixes
Seat 7: 5720039a folded before Flop
Seat 8: 7c2ff5bf showed [5s Ah] and won (24,450) with two pair, Aces and Sixes


Poker Hand #TM5666461626: Tournament #267726267, Bounty Hunters Deepstack Turbo $8.88 Hold'em No Limit - Level16(1,250/2,500(350)) - 2026/03/05 16:26:20
Table '99' 8-max Seat #3 is the button
Seat 1: c86d820 (81,149 in chips)
Seat 2: b5c6cc12 (50,724 in chips)
Seat 3: Hero (45,284 in chips)
Seat 4: 5ad21c6 (102,728 in chips)
Seat 5: 9688891c (48,332 in chips)
Seat 6: 39f04e72 (42,666 in chips)
Seat 7: 5720039a (157,806 in chips)
Seat 8: 7c2ff5bf (7,500 in chips)
b5c6cc12: posts the ante 350
5720039a: posts the ante 350
39f04e72: posts the ante 350
Hero: posts the ante 350
9688891c: posts the ante 350
7c2ff5bf: posts the ante 350
5ad21c6: posts the ante 350
c86d820: posts the ante 350
5ad21c6: posts small blind 1,250
9688891c: posts big blind 2,500
*** HOLE CARDS ***
Dealt to c86d820 
Dealt to b5c6cc12 
Dealt to Hero [Qd As]
Dealt to 5ad21c6 
Dealt to 9688891c 
Dealt to 39f04e72 
Dealt to 5720039a 
Dealt to 7c2ff5bf 
39f04e72: folds
5720039a: raises 2,500 to 5,000
7c2ff5bf: folds
c86d820: calls 5,000
b5c6cc12: folds
Hero: raises 39,934 to 44,934 and is all-in
5ad21c6: folds
9688891c: folds
5720039a: folds
c86d820: folds
Uncalled bet (39,934) returned to Hero
*** SHOWDOWN ***
Hero collected 21,550 from pot
*** SUMMARY ***
Total pot 21,550 | Rake 0 | Jackpot 0 | Bingo 0 | Fortune 0 | Tax 0
Seat 1: c86d820 folded before Flop
Seat 2: b5c6cc12 folded before Flop
Seat 3: Hero (button) collected (21,550)
Seat 4: 5ad21c6 (small blind) folded before Flop
Seat 5: 9688891c (big blind) folded before Flop
Seat 6: 39f04e72 folded before Flop
Seat 7: 5720039a folded before Flop
Seat 8: 7c2ff5bf folded before Flop


Poker Hand #TM5666461618: Tournament #267726267, Bounty Hunters Deepstack Turbo $8.88 Hold'em No Limit - Level16(1,250/2,500(350)) - 2026/03/05 16:25:29
Table '99' 8-max Seat #2 is the button
Seat 1: c86d820 (81,499 in chips)
Seat 2: aba7099b (8,741 in chips)
Seat 3: Hero (63,257 in chips)
Seat 4: 5ad21c6 (74,264 in chips)
Seat 5: 9688891c (48,682 in chips)
Seat 6: 39f04e72 (43,016 in chips)
Seat 7: 5720039a (158,156 in chips)
Seat 8: 7c2ff5bf (7,850 in chips)
5720039a: posts the ante 350
39f04e72: posts the ante 350
9688891c: posts the ante 350
Hero: posts the ante 350
7c2ff5bf: posts the ante 350
5ad21c6: posts the ante 350
c86d820: posts the ante 350
aba7099b: posts the ante 350
Hero: posts small blind 1,250
5ad21c6: posts big blind 2,500
*** HOLE CARDS ***
Dealt to c86d820 
Dealt to aba7099b 
Dealt to Hero [8d 9s]
Dealt to 5ad21c6 
Dealt to 9688891c 
Dealt to 39f04e72 
Dealt to 5720039a 
Dealt to 7c2ff5bf 
9688891c: folds
39f04e72: folds
5720039a: folds
7c2ff5bf: folds
c86d820: folds
aba7099b: raises 5,891 to 8,391 and is all-in
Hero: calls 7,141
5ad21c6: calls 5,891
*** FLOP *** [6d Jd 7d]
Hero: checks
5ad21c6: checks
*** TURN *** [6d Jd 7d] [4d]
Hero: bets 9,232
5ad21c6: calls 9,232
*** RIVER *** [6d Jd 7d 4d] [3c]
Hero: checks
5ad21c6: checks
Hero: shows [8d 9s] (a flush Jack high)
5ad21c6: shows [9d Qs] (a flush Jack high)
aba7099b: shows [Qh Kh] (King high)
*** SHOWDOWN ***
5ad21c6 collected 27,973 from pot
5ad21c6 collected 18,464 from pot
*** SUMMARY ***
Total pot 46,437 | Rake 0 | Jackpot 0 | Bingo 0 | Fortune 0 | Tax 0
Board [6d Jd 7d 4d 3c]
Seat 1: c86d820 folded before Flop
Seat 2: aba7099b (button) showed [Qh Kh] and lost with King high
Seat 3: Hero (small blind) showed [8d 9s] and lost with a flush Jack high
Seat 4: 5ad21c6 (big blind) showed [9d Qs] and won (46,437) with a flush Jack high
Seat 5: 9688891c folded before Flop
Seat 6: 39f04e72 folded before Flop
Seat 7: 5720039a folded before Flop
Seat 8: 7c2ff5bf folded before Flop


Poker Hand #TM5666461611: Tournament #267726267, Bounty Hunters Deepstack Turbo $8.88 Hold'em No Limit - Level15(1,000/2,000(300)) - 2026/03/05 16:24:48
Table '99' 8-max Seat #1 is the button
Seat 1: c86d820 (76,699 in chips)
Seat 2: aba7099b (10,041 in chips)
Seat 3: Hero (65,557 in chips)
Seat 4: 5ad21c6 (74,564 in chips)
Seat 5: 9688891c (48,982 in chips)
Seat 6: 39f04e72 (43,316 in chips)
Seat 7: 5720039a (158,456 in chips)
5720039a: posts the ante 300
39f04e72: posts the ante 300
9688891c: posts the ante 300
Hero: posts the ante 300
5ad21c6: posts the ante 300
c86d820: posts the ante 300
aba7099b: posts the ante 300
aba7099b: posts small blind 1,000
Hero: posts big blind 2,000
*** HOLE CARDS ***
Dealt to c86d820 
Dealt to aba7099b 
Dealt to Hero [5h 9c]
Dealt to 5ad21c6 
Dealt to 9688891c 
Dealt to 39f04e72 
Dealt to 5720039a 
5ad21c6: folds
9688891c: folds
39f04e72: folds
5720039a: folds
c86d820: raises 2,000 to 4,000
aba7099b: folds
Hero: folds
Uncalled bet (2,000) returned to c86d820
*** SHOWDOWN ***
c86d820 collected 7,100 from pot
*** SUMMARY ***
Total pot 7,100 | Rake 0 | Jackpot 0 | Bingo 0 | Fortune 0 | Tax 0
Seat 1: c86d820 (button) collected (7,100)
Seat 2: aba7099b (small blind) folded before Flop
Seat 3: Hero (big blind) folded before Flop
Seat 4: 5ad21c6 folded before Flop
Seat 5: 9688891c folded before Flop
Seat 6: 39f04e72 folded before Flop
Seat 7: 5720039a folded before Flop


Poker Hand #TM5666461603: Tournament #267726267, Bounty Hunters Deepstack Turbo $8.88 Hold'em No Limit - Level15(1,000/2,000(300)) - 2026/03/05 16:24:05
Table '99' 8-max Seat #7 is the button
Seat 1: c86d820 (78,999 in chips)
Seat 2: aba7099b (10,341 in chips)
Seat 3: Hero (61,265 in chips)
Seat 4: 5ad21c6 (74,864 in chips)
Seat 5: 9688891c (49,282 in chips)
Seat 6: 39f04e72 (43,616 in chips)
Seat 7: 5720039a (158,756 in chips)
Seat 8: a5b0415b (492 in chips)
5720039a: posts the ante 300
39f04e72: posts the ante 300
9688891c: posts the ante 300
Hero: posts the ante 300
a5b0415b: posts the ante 300
5ad21c6: posts the ante 300
c86d820: posts the ante 300
aba7099b: posts the ante 300
a5b0415b: posts small blind 192
c86d820: posts big blind 2,000
*** HOLE CARDS ***
Dealt to c86d820 
Dealt to aba7099b 
Dealt to Hero [7c 7h]
Dealt to 5ad21c6 
Dealt to 9688891c 
Dealt to 39f04e72 
Dealt to 5720039a 
Dealt to a5b0415b 
aba7099b: folds
Hero: raises 58,965 to 60,965 and is all-in
5ad21c6: folds
9688891c: folds
39f04e72: folds
5720039a: folds
c86d820: folds
Uncalled bet (58,965) returned to Hero
Hero: shows [7c 7h]
a5b0415b: shows [Kc 5s]
*** FLOP *** [5h Ts 2c]
*** TURN *** [5h Ts 2c] [Jc]
*** RIVER *** [5h Ts 2c Jc] [8s]
*** SHOWDOWN ***
Hero collected 2,976 from pot
Hero collected 3,616 from pot
*** SUMMARY ***
Total pot 6,592 | Rake 0 | Jackpot 0 | Bingo 0 | Fortune 0 | Tax 0
Board [5h Ts 2c Jc 8s]
Seat 1: c86d820 (big blind) folded before Flop
Seat 2: aba7099b folded before Flop
Seat 3: Hero showed [7c 7h] and won (6,592) with a pair of Sevens
Seat 4: 5ad21c6 folded before Flop
Seat 5: 9688891c folded before Flop
Seat 6: 39f04e72 folded before Flop
Seat 7: 5720039a (button) folded before Flop
Seat 8: a5b0415b (small blind) showed [Kc 5s] and lost with a pair of Fives


Poker Hand #TM5666461594: Tournament #267726267, Bounty Hunters Deepstack Turbo $8.88 Hold'em No Limit - Level15(1,000/2,000(300)) - 2026/03/05 16:23:13
Table '99' 8-max Seat #6 is the button
Seat 1: c86d820 (79,299 in chips)
Seat 2: aba7099b (10,641 in chips)
Seat 3: Hero (61,565 in chips)
Seat 4: 5ad21c6 (77,164 in chips)
Seat 5: 9688891c (49,582 in chips)
Seat 6: 39f04e72 (18,908 in chips)
Seat 7: 5720039a (161,056 in chips)
Seat 8: a5b0415b (19,400 in chips)
39f04e72: posts the ante 300
5720039a: posts the ante 300
9688891c: posts the ante 300
Hero: posts the ante 300
a5b0415b: posts the ante 300
5ad21c6: posts the ante 300
c86d820: posts the ante 300
aba7099b: posts the ante 300
5720039a: posts small blind 1,000
a5b0415b: posts big blind 2,000
*** HOLE CARDS ***
Dealt to c86d820 
Dealt to aba7099b 
Dealt to Hero [Ad 4c]
Dealt to 5ad21c6 
Dealt to 9688891c 
Dealt to 39f04e72 
Dealt to 5720039a 
Dealt to a5b0415b 
c86d820: folds
aba7099b: folds
Hero: folds
5ad21c6: calls 2,000
9688891c: folds
39f04e72: calls 2,000
5720039a: calls 1,000
a5b0415b: checks
*** FLOP *** [Qh 2h 5s]
5720039a: checks
a5b0415b: bets 17,100 and is all-in
5ad21c6: folds
39f04e72: calls 16,608 and is all-in
5720039a: folds
Uncalled bet (492) returned to a5b0415b
a5b0415b: shows [Qs 2s] (two pair, Queens and Twos)
39f04e72: shows [6c 5c] (a pair of Fives)
*** TURN *** [Qh 2h 5s] [5d]
*** RIVER *** [Qh 2h 5s 5d] [Jd]
*** SHOWDOWN ***
39f04e72 collected 43,616 from pot
*** SUMMARY ***
Total pot 43,616 | Rake 0 | Jackpot 0 | Bingo 0 | Fortune 0 | Tax 0
Board [Qh 2h 5s 5d Jd]
Seat 1: c86d820 folded before Flop
Seat 2: aba7099b folded before Flop
Seat 3: Hero folded before Flop
Seat 4: 5ad21c6 folded on the Flop
Seat 5: 9688891c folded before Flop
Seat 6: 39f04e72 (button) showed [6c 5c] and won (43,616) with three of a kind, Fives
Seat 7: 5720039a (small blind) folded on the Flop
Seat 8: a5b0415b (big blind) showed [Qs 2s] and lost with two pair, Queens and Fives


Poker Hand #TM5666461583: Tournament #267726267, Bounty Hunters Deepstack Turbo $8.88 Hold'em No Limit - Level15(1,000/2,000(300)) - 2026/03/05 16:22:35
Table '99' 8-max Seat #5 is the button
Seat 1: c86d820 (79,599 in chips)
Seat 2: aba7099b (10,941 in chips)
Seat 3: Hero (65,865 in chips)
Seat 4: 5ad21c6 (77,464 in chips)
Seat 5: 9688891c (49,882 in chips)
Seat 6: 39f04e72 (23,208 in chips)
Seat 7: 5720039a (150,956 in chips)
Seat 8: a5b0415b (19,700 in chips)
5720039a: posts the ante 300
39f04e72: posts the ante 300
9688891c: posts the ante 300
Hero: posts the ante 300
a5b0415b: posts the ante 300
5ad21c6: posts the ante 300
c86d820: posts the ante 300
aba7099b: posts the ante 300
39f04e72: posts small blind 1,000
5720039a: posts big blind 2,000
*** HOLE CARDS ***
Dealt to c86d820 
Dealt to aba7099b 
Dealt to Hero [Kd Js]
Dealt to 5ad21c6 
Dealt to 9688891c 
Dealt to 39f04e72 
Dealt to 5720039a 
Dealt to a5b0415b 
a5b0415b: folds
c86d820: folds
aba7099b: folds
Hero: raises 2,000 to 4,000
5ad21c6: folds
9688891c: folds
39f04e72: calls 3,000
5720039a: calls 2,000
*** FLOP *** [2c 6d 7s]
39f04e72: checks
5720039a: checks
Hero: checks
*** TURN *** [2c 6d 7s] [7c]
39f04e72: checks
5720039a: bets 4,320
Hero: folds
39f04e72: folds
Uncalled bet (4,320) returned to 5720039a
*** SHOWDOWN ***
5720039a collected 14,400 from pot
*** SUMMARY ***
Total pot 14,400 | Rake 0 | Jackpot 0 | Bingo 0 | Fortune 0 | Tax 0
Board [2c 6d 7s 7c]
Seat 1: c86d820 folded before Flop
Seat 2: aba7099b folded before Flop
Seat 3: Hero folded on the Turn
Seat 4: 5ad21c6 folded before Flop
Seat 5: 9688891c (button) folded before Flop
Seat 6: 39f04e72 (small blind) folded on the Turn
Seat 7: 5720039a (big blind) won (14,400)
Seat 8: a5b0415b folded before Flop


Poker Hand #TM5666461574: Tournament #267726267, Bounty Hunters Deepstack Turbo $8.88 Hold'em No Limit - Level15(1,000/2,000(300)) - 2026/03/05 16:21:35
Table '99' 8-max Seat #4 is the button
Seat 1: c86d820 (79,899 in chips)
Seat 2: aba7099b (11,241 in chips)
Seat 3: Hero (70,165 in chips)
Seat 4: 5ad21c6 (63,364 in chips)
Seat 5: 9688891c (54,182 in chips)
Seat 6: 39f04e72 (27,508 in chips)
Seat 7: 5720039a (151,256 in chips)
Seat 8: a5b0415b (20,000 in chips)
5720039a: posts the ante 300
39f04e72: posts the ante 300
Hero: posts the ante 300
a5b0415b: posts the ante 300
9688891c: posts the ante 300
5ad21c6: posts the ante 300
c86d820: posts the ante 300
aba7099b: posts the ante 300
9688891c: posts small blind 1,000
39f04e72: posts big blind 2,000
*** HOLE CARDS ***
Dealt to c86d820 
Dealt to aba7099b 
Dealt to Hero [8h Ks]
Dealt to 5ad21c6 
Dealt to 9688891c 
Dealt to 39f04e72 
Dealt to 5720039a 
Dealt to a5b0415b 
5720039a: folds
a5b0415b: folds
c86d820: folds
aba7099b: folds
Hero: raises 2,000 to 4,000
5ad21c6: calls 4,000
9688891c: calls 3,000
39f04e72: calls 2,000
*** FLOP *** [4d 2h 2c]
9688891c: checks
39f04e72: checks
Hero: checks
5ad21c6: checks
*** TURN *** [4d 2h 2c] [6h]
9688891c: checks
39f04e72: checks
Hero: checks
5ad21c6: checks
*** RIVER *** [4d 2h 2c 6h] [Qd]
9688891c: checks
39f04e72: checks
Hero: checks
5ad21c6: checks
9688891c: shows [Kc 5c] (a pair of Twos)
39f04e72: shows [8s 5d] (a pair of Twos)
Hero: shows [8h Ks] (a pair of Twos)
5ad21c6: shows [Ah 3d] (a pair of Twos)
*** SHOWDOWN ***
5ad21c6 collected 18,400 from pot
*** SUMMARY ***
Total pot 18,400 | Rake 0 | Jackpot 0 | Bingo 0 | Fortune 0 | Tax 0
Board [4d 2h 2c 6h Qd]
Seat 1: c86d820 folded before Flop
Seat 2: aba7099b folded before Flop
Seat 3: Hero showed [8h Ks] and lost with a pair of Twos
Seat 4: 5ad21c6 (button) showed [Ah 3d] and won (18,400) with a pair of Twos
Seat 5: 9688891c (small blind) showed [Kc 5c] and lost with a pair of Twos
Seat 6: 39f04e72 (big blind) showed [8s 5d] and lost with a pair of Twos
Seat 7: 5720039a folded before Flop
Seat 8: a5b0415b folded before Flop


Poker Hand #TM5666461568: Tournament #267726267, Bounty Hunters Deepstack Turbo $8.88 Hold'em No Limit - Level15(1,000/2,000(300)) - 2026/03/05 16:21:09
Table '99' 8-max Seat #3 is the button
Seat 1: c86d820 (80,199 in chips)
Seat 2: aba7099b (11,541 in chips)
Seat 3: Hero (70,465 in chips)
Seat 4: 5ad21c6 (64,664 in chips)
Seat 5: 9688891c (56,482 in chips)
Seat 6: 39f04e72 (22,408 in chips)
Seat 7: 5720039a (151,556 in chips)
Seat 8: a5b0415b (20,300 in chips)
5720039a: posts the ante 300
39f04e72: posts the ante 300
Hero: posts the ante 300
a5b0415b: posts the ante 300
9688891c: posts the ante 300
5ad21c6: posts the ante 300
c86d820: posts the ante 300
aba7099b: posts the ante 300
5ad21c6: posts small blind 1,000
9688891c: posts big blind 2,000
*** HOLE CARDS ***
Dealt to c86d820 
Dealt to aba7099b 
Dealt to Hero [6c Kd]
Dealt to 5ad21c6 
Dealt to 9688891c 
Dealt to 39f04e72 
Dealt to 5720039a 
Dealt to a5b0415b 
39f04e72: raises 20,108 to 22,108 and is all-in
5720039a: folds
a5b0415b: folds
c86d820: folds
aba7099b: folds
Hero: folds
5ad21c6: folds
9688891c: folds
Uncalled bet (20,108) returned to 39f04e72
*** SHOWDOWN ***
39f04e72 collected 7,400 from pot
*** SUMMARY ***
Total pot 7,400 | Rake 0 | Jackpot 0 | Bingo 0 | Fortune 0 | Tax 0
Seat 1: c86d820 folded before Flop
Seat 2: aba7099b folded before Flop
Seat 3: Hero (button) folded before Flop
Seat 4: 5ad21c6 (small blind) folded before Flop
Seat 5: 9688891c (big blind) folded before Flop
Seat 6: 39f04e72 collected (7,400)
Seat 7: 5720039a folded before Flop
Seat 8: a5b0415b folded before Flop


Poker Hand #TM5666461564: Tournament #267726267, Bounty Hunters Deepstack Turbo $8.88 Hold'em No Limit - Level15(1,000/2,000(300)) - 2026/03/05 16:20:45
Table '99' 8-max Seat #2 is the button
Seat 1: c86d820 (75,399 in chips)
Seat 2: aba7099b (11,841 in chips)
Seat 3: Hero (71,765 in chips)
Seat 4: 5ad21c6 (66,964 in chips)
Seat 5: 9688891c (56,782 in chips)
Seat 6: 39f04e72 (22,708 in chips)
Seat 7: 5720039a (151,856 in chips)
5720039a: posts the ante 300
39f04e72: posts the ante 300
9688891c: posts the ante 300
Hero: posts the ante 300
5ad21c6: posts the ante 300
c86d820: posts the ante 300
aba7099b: posts the ante 300
Hero: posts small blind 1,000
5ad21c6: posts big blind 2,000
*** HOLE CARDS ***
Dealt to c86d820 
Dealt to aba7099b 
Dealt to Hero [3h Qh]
Dealt to 5ad21c6 
Dealt to 9688891c 
Dealt to 39f04e72 
Dealt to 5720039a 
9688891c: folds
39f04e72: folds
5720039a: folds
c86d820: raises 2,000 to 4,000
aba7099b: folds
Hero: folds
5ad21c6: folds
Uncalled bet (2,000) returned to c86d820
*** SHOWDOWN ***
c86d820 collected 7,100 from pot
*** SUMMARY ***
Total pot 7,100 | Rake 0 | Jackpot 0 | Bingo 0 | Fortune 0 | Tax 0
Seat 1: c86d820 collected (7,100)
Seat 2: aba7099b (button) folded before Flop
Seat 3: Hero (small blind) folded before Flop
Seat 4: 5ad21c6 (big blind) folded before Flop
Seat 5: 9688891c folded before Flop
Seat 6: 39f04e72 folded before Flop
Seat 7: 5720039a folded before Flop


Poker Hand #TM5666461555: Tournament #267726267, Bounty Hunters Deepstack Turbo $8.88 Hold'em No Limit - Level14(750/1,500(200)) - 2026/03/05 16:20:03
Table '99' 8-max Seat #7 is the button
Seat 2: aba7099b (13,541 in chips)
Seat 3: Hero (71,965 in chips)
Seat 4: 5ad21c6 (67,164 in chips)
Seat 5: 9688891c (40,191 in chips)
Seat 6: 39f04e72 (22,908 in chips)
Seat 7: 5720039a (152,056 in chips)
Seat 8: e4c0af0f (14,091 in chips)
5720039a: posts the ante 200
39f04e72: posts the ante 200
9688891c: posts the ante 200
Hero: posts the ante 200
5ad21c6: posts the ante 200
e4c0af0f: posts the ante 200
aba7099b: posts the ante 200
e4c0af0f: posts small blind 750
aba7099b: posts big blind 1,500
*** HOLE CARDS ***
Dealt to aba7099b 
Dealt to Hero [Qh 4d]
Dealt to 5ad21c6 
Dealt to 9688891c 
Dealt to 39f04e72 
Dealt to 5720039a 
Dealt to e4c0af0f 
Hero: folds
5ad21c6: folds
9688891c: raises 1,500 to 3,000
39f04e72: folds
5720039a: folds
e4c0af0f: raises 10,891 to 13,891 and is all-in
aba7099b: folds
9688891c: calls 10,891
e4c0af0f: shows [7d 7h]
9688891c: shows [9d Ad]
*** FLOP *** [8c 9s Kh]
*** TURN *** [8c 9s Kh] [2s]
*** RIVER *** [8c 9s Kh 2s] [Th]
*** SHOWDOWN ***
9688891c collected 30,682 from pot
*** SUMMARY ***
Total pot 30,682 | Rake 0 | Jackpot 0 | Bingo 0 | Fortune 0 | Tax 0
Board [8c 9s Kh 2s Th]
Seat 2: aba7099b (big blind) folded before Flop
Seat 3: Hero folded before Flop
Seat 4: 5ad21c6 folded before Flop
Seat 5: 9688891c showed [9d Ad] and won (30,682) with a pair of Nines
Seat 6: 39f04e72 folded before Flop
Seat 7: 5720039a (button) folded before Flop
Seat 8: e4c0af0f (small blind) showed [7d 7h] and lost with a pair of Sevens


Poker Hand #TM5666461546: Tournament #267726267, Bounty Hunters Deepstack Turbo $8.88 Hold'em No Limit - Level14(750/1,500(200)) - 2026/03/05 16:19:19
Table '99' 8-max Seat #6 is the button
Seat 1: 131f7786 (35,932 in chips)
Seat 2: aba7099b (13,741 in chips)
Seat 3: Hero (72,165 in chips)
Seat 4: 5ad21c6 (67,364 in chips)
Seat 5: 9688891c (40,391 in chips)
Seat 6: 39f04e72 (23,108 in chips)
Seat 7: 5720039a (113,424 in chips)
Seat 8: e4c0af0f (15,791 in chips)
39f04e72: posts the ante 200
5720039a: posts the ante 200
9688891c: posts the ante 200
Hero: posts the ante 200
131f7786: posts the ante 200
5ad21c6: posts the ante 200
e4c0af0f: posts the ante 200
aba7099b: posts the ante 200
5720039a: posts small blind 750
e4c0af0f: posts big blind 1,500
*** HOLE CARDS ***
Dealt to 131f7786 
Dealt to aba7099b 
Dealt to Hero [7c 4s]
Dealt to 5ad21c6 
Dealt to 9688891c 
Dealt to 39f04e72 
Dealt to 5720039a 
Dealt to e4c0af0f 
131f7786: calls 1,500
aba7099b: folds
Hero: folds
5ad21c6: folds
9688891c: folds
39f04e72: folds
5720039a: raises 5,250 to 6,750
e4c0af0f: folds
131f7786: raises 28,982 to 35,732 and is all-in
5720039a: calls 28,982
131f7786: shows [8d 8h]
5720039a: shows [Kh As]
*** FLOP *** [Js Qs 3s]
*** TURN *** [Js Qs 3s] [Qc]
*** RIVER *** [Js Qs 3s Qc] [Td]
*** SHOWDOWN ***
5720039a collected 74,564 from pot
*** SUMMARY ***
Total pot 74,564 | Rake 0 | Jackpot 0 | Bingo 0 | Fortune 0 | Tax 0
Board [Js Qs 3s Qc Td]
Seat 1: 131f7786 showed [8d 8h] and lost with two pair, Queens and Eights
Seat 2: aba7099b folded before Flop
Seat 3: Hero folded before Flop
Seat 4: 5ad21c6 folded before Flop
Seat 5: 9688891c folded before Flop
Seat 6: 39f04e72 (button) folded before Flop
Seat 7: 5720039a (small blind) showed [Kh As] and won (74,564) with a straight, Ace to Ten
Seat 8: e4c0af0f (big blind) folded before Flop


Poker Hand #TM5666461539: Tournament #267726267, Bounty Hunters Deepstack Turbo $8.88 Hold'em No Limit - Level14(750/1,500(200)) - 2026/03/05 16:18:35
Table '99' 8-max Seat #5 is the button
Seat 1: 131f7786 (36,132 in chips)
Seat 2: aba7099b (13,941 in chips)
Seat 3: Hero (72,365 in chips)
Seat 4: 5ad21c6 (67,564 in chips)
Seat 5: 9688891c (40,591 in chips)
Seat 6: 39f04e72 (10,954 in chips)
Seat 7: 5720039a (124,378 in chips)
Seat 8: e4c0af0f (15,991 in chips)
5720039a: posts the ante 200
39f04e72: posts the ante 200
9688891c: posts the ante 200
Hero: posts the ante 200
131f7786: posts the ante 200
5ad21c6: posts the ante 200
e4c0af0f: posts the ante 200
aba7099b: posts the ante 200
39f04e72: posts small blind 750
5720039a: posts big blind 1,500
*** HOLE CARDS ***
Dealt to 131f7786 
Dealt to aba7099b 
Dealt to Hero [Td 6c]
Dealt to 5ad21c6 
Dealt to 9688891c 
Dealt to 39f04e72 
Dealt to 5720039a 
Dealt to e4c0af0f 
e4c0af0f: folds
131f7786: folds
aba7099b: folds
Hero: folds
5ad21c6: folds
9688891c: folds
39f04e72: raises 9,254 to 10,754 and is all-in
5720039a: calls 9,254
39f04e72: shows [9s 9d]
5720039a: shows [9h Ts]
*** FLOP *** [3s 6h 7d]
*** TURN *** [3s 6h 7d] [Ad]
*** RIVER *** [3s 6h 7d Ad] [2c]
*** SHOWDOWN ***
39f04e72 collected 23,108 from pot
*** SUMMARY ***
Total pot 23,108 | Rake 0 | Jackpot 0 | Bingo 0 | Fortune 0 | Tax 0
Board [3s 6h 7d Ad 2c]
Seat 1: 131f7786 folded before Flop
Seat 2: aba7099b folded before Flop
Seat 3: Hero folded before Flop
Seat 4: 5ad21c6 folded before Flop
Seat 5: 9688891c (button) folded before Flop
Seat 6: 39f04e72 (small blind) showed [9s 9d] and won (23,108) with a pair of Nines
Seat 7: 5720039a (big blind) showed [9h Ts] and lost with Ace high
Seat 8: e4c0af0f folded before Flop


Poker Hand #TM5666461530: Tournament #267726267, Bounty Hunters Deepstack Turbo $8.88 Hold'em No Limit - Level14(750/1,500(200)) - 2026/03/05 16:17:54
Table '99' 8-max Seat #4 is the button
Seat 1: 131f7786 (32,482 in chips)
Seat 2: aba7099b (14,141 in chips)
Seat 3: Hero (72,565 in chips)
Seat 4: 5ad21c6 (67,764 in chips)
Seat 5: 9688891c (41,541 in chips)
Seat 6: 39f04e72 (12,654 in chips)
Seat 7: 5720039a (124,578 in chips)
Seat 8: e4c0af0f (16,191 in chips)
5720039a: posts the ante 200
39f04e72: posts the ante 200
Hero: posts the ante 200
9688891c: posts the ante 200
131f7786: posts the ante 200
5ad21c6: posts the ante 200
e4c0af0f: posts the ante 200
aba7099b: posts the ante 200
9688891c: posts small blind 750
39f04e72: posts big blind 1,500
*** HOLE CARDS ***
Dealt to 131f7786 
Dealt to aba7099b 
Dealt to Hero [2c Kc]
Dealt to 5ad21c6 
Dealt to 9688891c 
Dealt to 39f04e72 
Dealt to 5720039a 
Dealt to e4c0af0f 
5720039a: folds
e4c0af0f: folds
131f7786: raises 1,500 to 3,000
aba7099b: folds
Hero: folds
5ad21c6: folds
9688891c: folds
39f04e72: folds
Uncalled bet (1,500) returned to 131f7786
*** SHOWDOWN ***
131f7786 collected 5,350 from pot
*** SUMMARY ***
Total pot 5,350 | Rake 0 | Jackpot 0 | Bingo 0 | Fortune 0 | Tax 0
Seat 1: 131f7786 collected (5,350)
Seat 2: aba7099b folded before Flop
Seat 3: Hero folded before Flop
Seat 4: 5ad21c6 (button) folded before Flop
Seat 5: 9688891c (small blind) folded before Flop
Seat 6: 39f04e72 (big blind) folded before Flop
Seat 7: 5720039a folded before Flop
Seat 8: e4c0af0f folded before Flop


Poker Hand #TM5666461516: Tournament #267726267, Bounty Hunters Deepstack Turbo $8.88 Hold'em No Limit - Level14(750/1,500(200)) - 2026/03/05 16:16:36
Table '99' 8-max Seat #3 is the button
Seat 1: 131f7786 (32,682 in chips)
Seat 2: aba7099b (14,341 in chips)
Seat 3: Hero (72,765 in chips)
Seat 4: 5ad21c6 (70,964 in chips)
Seat 5: 9688891c (47,921 in chips)
Seat 6: 39f04e72 (12,854 in chips)
Seat 7: 5720039a (113,998 in chips)
Seat 8: e4c0af0f (16,391 in chips)
5720039a: posts the ante 200
39f04e72: posts the ante 200
Hero: posts the ante 200
9688891c: posts the ante 200
131f7786: posts the ante 200
5ad21c6: posts the ante 200
e4c0af0f: posts the ante 200
aba7099b: posts the ante 200
5ad21c6: posts small blind 750
9688891c: posts big blind 1,500
*** HOLE CARDS ***
Dealt to 131f7786 
Dealt to aba7099b 
Dealt to Hero [3c Kh]
Dealt to 5ad21c6 
Dealt to 9688891c 
Dealt to 39f04e72 
Dealt to 5720039a 
Dealt to e4c0af0f 
39f04e72: folds
5720039a: raises 1,500 to 3,000
e4c0af0f: folds
131f7786: folds
aba7099b: folds
Hero: folds
5ad21c6: calls 2,250
9688891c: calls 1,500
*** FLOP *** [9h Ad 4s]
5ad21c6: checks
9688891c: checks
5720039a: bets 3,180
5ad21c6: folds
9688891c: calls 3,180
*** TURN *** [9h Ad 4s] [6h]
9688891c: checks
5720039a: bets 12,720
9688891c: folds
Uncalled bet (12,720) returned to 5720039a
*** SHOWDOWN ***
5720039a collected 16,960 from pot
*** SUMMARY ***
Total pot 16,960 | Rake 0 | Jackpot 0 | Bingo 0 | Fortune 0 | Tax 0
Board [9h Ad 4s 6h]
Seat 1: 131f7786 folded before Flop
Seat 2: aba7099b folded before Flop
Seat 3: Hero (button) folded before Flop
Seat 4: 5ad21c6 (small blind) folded on the Flop
Seat 5: 9688891c (big blind) folded on the Turn
Seat 6: 39f04e72 folded before Flop
Seat 7: 5720039a won (16,960)
Seat 8: e4c0af0f folded before Flop


Poker Hand #TM5666461507: Tournament #267726267, Bounty Hunters Deepstack Turbo $8.88 Hold'em No Limit - Level14(750/1,500(200)) - 2026/03/05 16:15:45
Table '99' 8-max Seat #2 is the button
Seat 1: 131f7786 (15,366 in chips)
Seat 2: aba7099b (14,541 in chips)
Seat 3: Hero (73,715 in chips)
Seat 4: 5ad21c6 (86,330 in chips)
Seat 5: 9688891c (48,121 in chips)
Seat 6: 39f04e72 (13,054 in chips)
Seat 7: 5720039a (114,198 in chips)
Seat 8: e4c0af0f (16,591 in chips)
5720039a: posts the ante 200
39f04e72: posts the ante 200
9688891c: posts the ante 200
Hero: posts the ante 200
131f7786: posts the ante 200
5ad21c6: posts the ante 200
e4c0af0f: posts the ante 200
aba7099b: posts the ante 200
Hero: posts small blind 750
5ad21c6: posts big blind 1,500
*** HOLE CARDS ***
Dealt to 131f7786 
Dealt to aba7099b 
Dealt to Hero [Js 6d]
Dealt to 5ad21c6 
Dealt to 9688891c 
Dealt to 39f04e72 
Dealt to 5720039a 
Dealt to e4c0af0f 
9688891c: folds
39f04e72: folds
5720039a: folds
e4c0af0f: folds
131f7786: raises 1,500 to 3,000
aba7099b: folds
Hero: folds
5ad21c6: raises 7,500 to 10,500
131f7786: raises 4,666 to 15,166 and is all-in
5ad21c6: calls 4,666
131f7786: shows [3s 4s]
5ad21c6: shows [Tc Ac]
*** FLOP *** [7c 6c Jh]
*** TURN *** [7c 6c Jh] [Ks]
*** RIVER *** [7c 6c Jh Ks] [5d]
*** SHOWDOWN ***
131f7786 collected 32,682 from pot
*** SUMMARY ***
Total pot 32,682 | Rake 0 | Jackpot 0 | Bingo 0 | Fortune 0 | Tax 0
Board [7c 6c Jh Ks 5d]
Seat 1: 131f7786 showed [3s 4s] and won (32,682) with a straight, Seven to Three
Seat 2: aba7099b (button) folded before Flop
Seat 3: Hero (small blind) folded before Flop
Seat 4: 5ad21c6 (big blind) showed [Tc Ac] and lost with Ace high
Seat 5: 9688891c folded before Flop
Seat 6: 39f04e72 folded before Flop
Seat 7: 5720039a folded before Flop
Seat 8: e4c0af0f folded before Flop


Poker Hand #TM5666461488: Tournament #267726267, Bounty Hunters Deepstack Turbo $8.88 Hold'em No Limit - Level14(750/1,500(200)) - 2026/03/05 16:14:17
Table '99' 8-max Seat #1 is the button
Seat 1: 131f7786 (22,312 in chips)
Seat 2: aba7099b (15,491 in chips)
Seat 3: Hero (58,073 in chips)
Seat 4: 5ad21c6 (86,530 in chips)
Seat 5: 9688891c (48,321 in chips)
Seat 6: 39f04e72 (20,000 in chips)
Seat 7: 5720039a (114,398 in chips)
Seat 8: e4c0af0f (16,791 in chips)
5720039a: posts the ante 200
39f04e72: posts the ante 200
9688891c: posts the ante 200
Hero: posts the ante 200
131f7786: posts the ante 200
5ad21c6: posts the ante 200
e4c0af0f: posts the ante 200
aba7099b: posts the ante 200
aba7099b: posts small blind 750
Hero: posts big blind 1,500
*** HOLE CARDS ***
Dealt to 131f7786 
Dealt to aba7099b 
Dealt to Hero [7s 3s]
Dealt to 5ad21c6 
Dealt to 9688891c 
Dealt to 39f04e72 
Dealt to 5720039a 
Dealt to e4c0af0f 
5ad21c6: folds
9688891c: folds
39f04e72: raises 1,500 to 3,000
5720039a: folds
e4c0af0f: folds
131f7786: calls 3,000
aba7099b: folds
Hero: calls 1,500
*** FLOP *** [Ad 4h 5d]
Hero: checks
39f04e72: bets 3,746
131f7786: calls 3,746
Hero: calls 3,746
*** TURN *** [Ad 4h 5d] [5c]
Hero: checks
39f04e72: checks
131f7786: checks
*** RIVER *** [Ad 4h 5d 5c] [4c]
Hero: bets 22,588
39f04e72: folds
131f7786: folds
Uncalled bet (22,588) returned to Hero
*** SHOWDOWN ***
Hero collected 22,588 from pot
*** SUMMARY ***
Total pot 22,588 | Rake 0 | Jackpot 0 | Bingo 0 | Fortune 0 | Tax 0
Board [Ad 4h 5d 5c 4c]
Seat 1: 131f7786 (button) folded on the River
Seat 2: aba7099b (small blind) folded before Flop
Seat 3: Hero (big blind) showed [7s 3s] and won (22,588)
Seat 4: 5ad21c6 folded before Flop
Seat 5: 9688891c folded before Flop
Seat 6: 39f04e72 folded on the River
Seat 7: 5720039a folded before Flop
Seat 8: e4c0af0f folded before Flop


Poker Hand #TM5666461477: Tournament #267726267, Bounty Hunters Deepstack Turbo $8.88 Hold'em No Limit - Level14(750/1,500(200)) - 2026/03/05 16:13:24
Table '99' 8-max Seat #8 is the button
Seat 1: 131f7786 (23,262 in chips)
Seat 2: aba7099b (17,191 in chips)
Seat 3: Hero (58,273 in chips)
Seat 4: 5ad21c6 (50,530 in chips)
Seat 5: 9688891c (81,071 in chips)
Seat 7: 5720039a (114,598 in chips)
Seat 8: e4c0af0f (16,991 in chips)
5720039a: posts the ante 200
9688891c: posts the ante 200
Hero: posts the ante 200
131f7786: posts the ante 200
5ad21c6: posts the ante 200
e4c0af0f: posts the ante 200
aba7099b: posts the ante 200
131f7786: posts small blind 750
aba7099b: posts big blind 1,500
*** HOLE CARDS ***
Dealt to 131f7786 
Dealt to aba7099b 
Dealt to Hero [4c 6c]
Dealt to 5ad21c6 
Dealt to 9688891c 
Dealt to 5720039a 
Dealt to e4c0af0f 
Hero: folds
5ad21c6: calls 1,500
9688891c: raises 4,500 to 6,000
5720039a: folds
e4c0af0f: folds
131f7786: folds
aba7099b: folds
5ad21c6: calls 4,500
*** FLOP *** [Qh 7d 6s]
5ad21c6: checks
9688891c: bets 5,550
5ad21c6: calls 5,550
*** TURN *** [Qh 7d 6s] [4d]
5ad21c6: checks
9688891c: bets 21,000
5ad21c6: calls 21,000
*** RIVER *** [Qh 7d 6s 4d] [6d]
5ad21c6: checks
9688891c: checks
5ad21c6: shows [8d 7s] (two pair, Sevens and Sixes)
9688891c: shows [Ah 5h] (a pair of Sixes)
*** SHOWDOWN ***
5ad21c6 collected 68,750 from pot
*** SUMMARY ***
Total pot 68,750 | Rake 0 | Jackpot 0 | Bingo 0 | Fortune 0 | Tax 0
Board [Qh 7d 6s 4d 6d]
Seat 1: 131f7786 (small blind) folded before Flop
Seat 2: aba7099b (big blind) folded before Flop
Seat 3: Hero folded before Flop
Seat 4: 5ad21c6 showed [8d 7s] and won (68,750) with two pair, Sevens and Sixes
Seat 5: 9688891c showed [Ah 5h] and lost with a pair of Sixes
Seat 7: 5720039a folded before Flop
Seat 8: e4c0af0f (button) folded before Flop


Poker Hand #TM5666461473: Tournament #267726267, Bounty Hunters Deepstack Turbo $8.88 Hold'em No Limit - Level14(750/1,500(200)) - 2026/03/05 16:13:04
Table '99' 8-max Seat #7 is the button
Seat 1: 131f7786 (21,312 in chips)
Seat 2: aba7099b (17,391 in chips)
Seat 3: Hero (58,473 in chips)
Seat 4: 5ad21c6 (50,730 in chips)
Seat 5: 9688891c (81,271 in chips)
Seat 7: 5720039a (114,798 in chips)
Seat 8: e4c0af0f (17,941 in chips)
5720039a: posts the ante 200
9688891c: posts the ante 200
Hero: posts the ante 200
131f7786: posts the ante 200
5ad21c6: posts the ante 200
e4c0af0f: posts the ante 200
aba7099b: posts the ante 200
e4c0af0f: posts small blind 750
131f7786: posts big blind 1,500
*** HOLE CARDS ***
Dealt to 131f7786 
Dealt to aba7099b 
Dealt to Hero [8s 4h]
Dealt to 5ad21c6 
Dealt to 9688891c 
Dealt to 5720039a 
Dealt to e4c0af0f 
aba7099b: folds
Hero: folds
5ad21c6: folds
9688891c: folds
5720039a: folds
e4c0af0f: folds
Uncalled bet (750) returned to 131f7786
*** SHOWDOWN ***
131f7786 collected 2,900 from pot
*** SUMMARY ***
Total pot 2,900 | Rake 0 | Jackpot 0 | Bingo 0 | Fortune 0 | Tax 0
Seat 1: 131f7786 (big blind) collected (2,900)
Seat 2: aba7099b folded before Flop
Seat 3: Hero folded before Flop
Seat 4: 5ad21c6 folded before Flop
Seat 5: 9688891c folded before Flop
Seat 7: 5720039a (button) folded before Flop
Seat 8: e4c0af0f (small blind) folded before Flop


Poker Hand #TM5666461460: Tournament #267726267, Bounty Hunters Deepstack Turbo $8.88 Hold'em No Limit - Level13(600/1,200(180)) - 2026/03/05 16:12:08
Table '99' 8-max Seat #5 is the button
Seat 1: 131f7786 (27,140 in chips)
Seat 2: aba7099b (17,571 in chips)
Seat 3: Hero (27,850 in chips)
Seat 4: 5ad21c6 (50,910 in chips)
Seat 5: 9688891c (81,451 in chips)
Seat 6: d71297e9 (22,695 in chips)
Seat 7: 5720039a (116,178 in chips)
Seat 8: e4c0af0f (18,121 in chips)
5720039a: posts the ante 180
9688891c: posts the ante 180
Hero: posts the ante 180
131f7786: posts the ante 180
d71297e9: posts the ante 180
5ad21c6: posts the ante 180
e4c0af0f: posts the ante 180
aba7099b: posts the ante 180
d71297e9: posts small blind 600
5720039a: posts big blind 1,200
*** HOLE CARDS ***
Dealt to 131f7786 
Dealt to aba7099b 
Dealt to Hero [Qd Jd]
Dealt to 5ad21c6 
Dealt to 9688891c 
Dealt to d71297e9 
Dealt to 5720039a 
Dealt to e4c0af0f 
e4c0af0f: folds
131f7786: raises 1,200 to 2,400
aba7099b: folds
Hero: calls 2,400
5ad21c6: folds
9688891c: folds
d71297e9: raises 3,248 to 5,648
5720039a: folds
131f7786: calls 3,248
Hero: calls 3,248
*** FLOP *** [3d 3h 6c]
d71297e9: checks
131f7786: checks
Hero: checks
*** TURN *** [3d 3h 6c] [Jh]
d71297e9: checks
131f7786: checks
Hero: bets 22,022 and is all-in
d71297e9: calls 16,867 and is all-in
131f7786: folds
Uncalled bet (5,155) returned to Hero
Hero: shows [Qd Jd] (two pair, Jacks and Threes)
d71297e9: shows [Ac Th] (a pair of Threes)
*** RIVER *** [3d 3h 6c Jh] [8d]
*** SHOWDOWN ***
Hero collected 53,318 from pot
*** SUMMARY ***
Total pot 53,318 | Rake 0 | Jackpot 0 | Bingo 0 | Fortune 0 | Tax 0
Board [3d 3h 6c Jh 8d]
Seat 1: 131f7786 folded on the Turn
Seat 2: aba7099b folded before Flop
Seat 3: Hero showed [Qd Jd] and won (53,318) with two pair, Jacks and Threes
Seat 4: 5ad21c6 folded before Flop
Seat 5: 9688891c (button) folded before Flop
Seat 6: d71297e9 (small blind) showed [Ac Th] and lost with a pair of Threes
Seat 7: 5720039a (big blind) folded before Flop
Seat 8: e4c0af0f folded before Flop


Poker Hand #TM5666461454: Tournament #267726267, Bounty Hunters Deepstack Turbo $8.88 Hold'em No Limit - Level13(600/1,200(180)) - 2026/03/05 16:11:41
Table '99' 8-max Seat #4 is the button
Seat 1: 131f7786 (27,320 in chips)
Seat 2: aba7099b (17,751 in chips)
Seat 3: Hero (30,430 in chips)
Seat 4: 5ad21c6 (43,050 in chips)
Seat 5: 9688891c (82,231 in chips)
Seat 6: d71297e9 (24,075 in chips)
Seat 7: 5720039a (118,758 in chips)
Seat 8: e4c0af0f (18,301 in chips)
5720039a: posts the ante 180
Hero: posts the ante 180
9688891c: posts the ante 180
131f7786: posts the ante 180
d71297e9: posts the ante 180
5ad21c6: posts the ante 180
e4c0af0f: posts the ante 180
aba7099b: posts the ante 180
9688891c: posts small blind 600
d71297e9: posts big blind 1,200
*** HOLE CARDS ***
Dealt to 131f7786 
Dealt to aba7099b 
Dealt to Hero [Kc Tc]
Dealt to 5ad21c6 
Dealt to 9688891c 
Dealt to d71297e9 
Dealt to 5720039a 
Dealt to e4c0af0f 
5720039a: raises 1,200 to 2,400
e4c0af0f: folds
131f7786: folds
aba7099b: folds
Hero: calls 2,400
5ad21c6: raises 10,440 to 12,840
9688891c: folds
d71297e9: folds
5720039a: folds
Hero: folds
Uncalled bet (10,440) returned to 5ad21c6
*** SHOWDOWN ***
5ad21c6 collected 10,440 from pot
*** SUMMARY ***
Total pot 10,440 | Rake 0 | Jackpot 0 | Bingo 0 | Fortune 0 | Tax 0
Seat 1: 131f7786 folded before Flop
Seat 2: aba7099b folded before Flop
Seat 3: Hero folded before Flop
Seat 4: 5ad21c6 (button) collected (10,440)
Seat 5: 9688891c (small blind) folded before Flop
Seat 6: d71297e9 (big blind) folded before Flop
Seat 7: 5720039a folded before Flop
Seat 8: e4c0af0f folded before Flop


Poker Hand #TM5666461439: Tournament #267726267, Bounty Hunters Deepstack Turbo $8.88 Hold'em No Limit - Level13(600/1,200(180)) - 2026/03/05 16:10:17
Table '99' 8-max Seat #3 is the button
Seat 1: 131f7786 (29,900 in chips)
Seat 2: aba7099b (17,931 in chips)
Seat 3: Hero (41,290 in chips)
Seat 4: 5ad21c6 (45,630 in chips)
Seat 5: 9688891c (65,491 in chips)
Seat 6: d71297e9 (24,255 in chips)
Seat 7: 5720039a (118,938 in chips)
Seat 8: e4c0af0f (18,481 in chips)
5720039a: posts the ante 180
Hero: posts the ante 180
9688891c: posts the ante 180
131f7786: posts the ante 180
d71297e9: posts the ante 180
5ad21c6: posts the ante 180
e4c0af0f: posts the ante 180
aba7099b: posts the ante 180
5ad21c6: posts small blind 600
9688891c: posts big blind 1,200
*** HOLE CARDS ***
Dealt to 131f7786 
Dealt to aba7099b 
Dealt to Hero [Qh 6h]
Dealt to 5ad21c6 
Dealt to 9688891c 
Dealt to d71297e9 
Dealt to 5720039a 
Dealt to e4c0af0f 
d71297e9: folds
5720039a: folds
e4c0af0f: folds
131f7786: raises 1,200 to 2,400
aba7099b: folds
Hero: calls 2,400
5ad21c6: calls 1,800
9688891c: calls 1,200
*** FLOP *** [7s 4s 4c]
5ad21c6: checks
9688891c: checks
131f7786: checks
Hero: checks
*** TURN *** [7s 4s 4c] [5h]
5ad21c6: checks
9688891c: bets 8,280
131f7786: folds
Hero: calls 8,280
5ad21c6: folds
*** RIVER *** [7s 4s 4c 5h] [2c]
9688891c: bets 20,400
Hero: folds
Uncalled bet (20,400) returned to 9688891c
*** SHOWDOWN ***
9688891c collected 27,600 from pot
*** SUMMARY ***
Total pot 27,600 | Rake 0 | Jackpot 0 | Bingo 0 | Fortune 0 | Tax 0
Board [7s 4s 4c 5h 2c]
Seat 1: 131f7786 folded on the Turn
Seat 2: aba7099b folded before Flop
Seat 3: Hero (button) folded on the River
Seat 4: 5ad21c6 (small blind) folded on the Turn
Seat 5: 9688891c (big blind) won (27,600)
Seat 6: d71297e9 folded before Flop
Seat 7: 5720039a folded before Flop
Seat 8: e4c0af0f folded before Flop


Poker Hand #TM5666461426: Tournament #267726267, Bounty Hunters Deepstack Turbo $8.88 Hold'em No Limit - Level13(600/1,200(180)) - 2026/03/05 16:09:07
Table '99' 8-max Seat #2 is the button
Seat 1: 131f7786 (20,000 in chips)
Seat 2: aba7099b (18,111 in chips)
Seat 3: Hero (42,070 in chips)
Seat 4: 5ad21c6 (48,210 in chips)
Seat 5: 9688891c (71,311 in chips)
Seat 6: d71297e9 (24,435 in chips)
Seat 7: 5720039a (119,118 in chips)
Seat 8: e4c0af0f (18,661 in chips)
5720039a: posts the ante 180
9688891c: posts the ante 180
Hero: posts the ante 180
131f7786: posts the ante 180
d71297e9: posts the ante 180
5ad21c6: posts the ante 180
e4c0af0f: posts the ante 180
aba7099b: posts the ante 180
Hero: posts small blind 600
5ad21c6: posts big blind 1,200
*** HOLE CARDS ***
Dealt to 131f7786 
Dealt to aba7099b 
Dealt to Hero [9s Qd]
Dealt to 5ad21c6 
Dealt to 9688891c 
Dealt to d71297e9 
Dealt to 5720039a 
Dealt to e4c0af0f 
9688891c: raises 1,200 to 2,400
d71297e9: folds
5720039a: folds
e4c0af0f: folds
131f7786: calls 2,400
aba7099b: folds
Hero: folds
5ad21c6: calls 1,200
*** FLOP *** [4h Ks 2h]
5ad21c6: checks
9688891c: bets 3,240
131f7786: calls 3,240
5ad21c6: folds
*** TURN *** [4h Ks 2h] [3c]
9688891c: checks
131f7786: bets 14,180 and is all-in
9688891c: folds
Uncalled bet (14,180) returned to 131f7786
*** SHOWDOWN ***
131f7786 collected 15,720 from pot
*** SUMMARY ***
Total pot 15,720 | Rake 0 | Jackpot 0 | Bingo 0 | Fortune 0 | Tax 0
Board [4h Ks 2h 3c]
Seat 1: 131f7786 won (15,720)
Seat 2: aba7099b (button) folded before Flop
Seat 3: Hero (small blind) folded before Flop
Seat 4: 5ad21c6 (big blind) folded on the Flop
Seat 5: 9688891c folded on the Turn
Seat 6: d71297e9 folded before Flop
Seat 7: 5720039a folded before Flop
Seat 8: e4c0af0f folded before Flop


Poker Hand #TM5666461416: Tournament #267726267, Bounty Hunters Deepstack Turbo $8.88 Hold'em No Limit - Level13(600/1,200(180)) - 2026/03/05 16:08:13
Table '99' 8-max Seat #8 is the button
Seat 1: a8c634b6 (30,603 in chips)
Seat 2: aba7099b (19,491 in chips)
Seat 3: Hero (42,250 in chips)
Seat 4: 5ad21c6 (49,590 in chips)
Seat 5: 9688891c (71,491 in chips)
Seat 6: d71297e9 (24,615 in chips)
Seat 7: 5720039a (85,035 in chips)
Seat 8: e4c0af0f (18,841 in chips)
5720039a: posts the ante 180
9688891c: posts the ante 180
Hero: posts the ante 180
a8c634b6: posts the ante 180
d71297e9: posts the ante 180
5ad21c6: posts the ante 180
e4c0af0f: posts the ante 180
aba7099b: posts the ante 180
a8c634b6: posts small blind 600
aba7099b: posts big blind 1,200
*** HOLE CARDS ***
Dealt to a8c634b6 
Dealt to aba7099b 
Dealt to Hero [Kc 3c]
Dealt to 5ad21c6 
Dealt to 9688891c 
Dealt to d71297e9 
Dealt to 5720039a 
Dealt to e4c0af0f 
Hero: folds
5ad21c6: calls 1,200
9688891c: folds
d71297e9: folds
5720039a: raises 4,800 to 6,000
e4c0af0f: folds
a8c634b6: raises 24,423 to 30,423 and is all-in
aba7099b: folds
5ad21c6: folds
5720039a: calls 24,423
a8c634b6: shows [7s Ks]
5720039a: shows [Ac Kd]
*** FLOP *** [2c 9c 3s]
*** TURN *** [2c 9c 3s] [3d]
*** RIVER *** [2c 9c 3s 3d] [6d]
*** SHOWDOWN ***
5720039a collected 64,686 from pot
*** SUMMARY ***
Total pot 64,686 | Rake 0 | Jackpot 0 | Bingo 0 | Fortune 0 | Tax 0
Board [2c 9c 3s 3d 6d]
Seat 1: a8c634b6 (small blind) showed [7s Ks] and lost with a pair of Threes
Seat 2: aba7099b (big blind) folded before Flop
Seat 3: Hero folded before Flop
Seat 4: 5ad21c6 folded before Flop
Seat 5: 9688891c folded before Flop
Seat 6: d71297e9 folded before Flop
Seat 7: 5720039a showed [Ac Kd] and won (64,686) with a pair of Threes
Seat 8: e4c0af0f (button) folded before Flop


Poker Hand #TM5666461413: Tournament #267726267, Bounty Hunters Deepstack Turbo $8.88 Hold'em No Limit - Level13(600/1,200(180)) - 2026/03/05 16:07:55
Table '99' 8-max Seat #7 is the button
Seat 1: a8c634b6 (31,983 in chips)
Seat 2: aba7099b (19,671 in chips)
Seat 3: Hero (42,430 in chips)
Seat 4: 5ad21c6 (49,770 in chips)
Seat 5: 9688891c (71,671 in chips)
Seat 6: d71297e9 (24,795 in chips)
Seat 7: 5720039a (81,975 in chips)
Seat 8: e4c0af0f (19,621 in chips)
5720039a: posts the ante 180
9688891c: posts the ante 180
Hero: posts the ante 180
a8c634b6: posts the ante 180
d71297e9: posts the ante 180
5ad21c6: posts the ante 180
e4c0af0f: posts the ante 180
aba7099b: posts the ante 180
e4c0af0f: posts small blind 600
a8c634b6: posts big blind 1,200
*** HOLE CARDS ***
Dealt to a8c634b6 
Dealt to aba7099b 
Dealt to Hero [Kh 8s]
Dealt to 5ad21c6 
Dealt to 9688891c 
Dealt to d71297e9 
Dealt to 5720039a 
Dealt to e4c0af0f 
aba7099b: folds
Hero: folds
5ad21c6: folds
9688891c: folds
d71297e9: folds
5720039a: raises 1,200 to 2,400
e4c0af0f: folds
a8c634b6: folds
Uncalled bet (1,200) returned to 5720039a
*** SHOWDOWN ***
5720039a collected 4,440 from pot
*** SUMMARY ***
Total pot 4,440 | Rake 0 | Jackpot 0 | Bingo 0 | Fortune 0 | Tax 0
Seat 1: a8c634b6 (big blind) folded before Flop
Seat 2: aba7099b folded before Flop
Seat 3: Hero folded before Flop
Seat 4: 5ad21c6 folded before Flop
Seat 5: 9688891c folded before Flop
Seat 6: d71297e9 folded before Flop
Seat 7: 5720039a (button) collected (4,440)
Seat 8: e4c0af0f (small blind) folded before Flop


Poker Hand #TM5666461403: Tournament #267726267, Bounty Hunters Deepstack Turbo $8.88 Hold'em No Limit - Level13(600/1,200(180)) - 2026/03/05 16:07:09
Table '99' 8-max Seat #6 is the button
Seat 1: a8c634b6 (32,163 in chips)
Seat 2: aba7099b (19,851 in chips)
Seat 3: Hero (42,610 in chips)
Seat 4: 5ad21c6 (49,950 in chips)
Seat 5: 9688891c (71,851 in chips)
Seat 6: d71297e9 (27,375 in chips)
Seat 7: 5720039a (82,755 in chips)
Seat 8: e4c0af0f (15,361 in chips)
5720039a: posts the ante 180
9688891c: posts the ante 180
Hero: posts the ante 180
a8c634b6: posts the ante 180
d71297e9: posts the ante 180
5ad21c6: posts the ante 180
e4c0af0f: posts the ante 180
aba7099b: posts the ante 180
5720039a: posts small blind 600
e4c0af0f: posts big blind 1,200
*** HOLE CARDS ***
Dealt to a8c634b6 
Dealt to aba7099b 
Dealt to Hero [Kd 2s]
Dealt to 5ad21c6 
Dealt to 9688891c 
Dealt to d71297e9 
Dealt to 5720039a 
Dealt to e4c0af0f 
a8c634b6: folds
aba7099b: folds
Hero: folds
5ad21c6: folds
9688891c: folds
d71297e9: raises 1,200 to 2,400
5720039a: folds
e4c0af0f: calls 1,200
*** FLOP *** [Qs 6s Js]
e4c0af0f: checks
d71297e9: checks
*** TURN *** [Qs 6s Js] [Th]
e4c0af0f: bets 1,800
d71297e9: folds
Uncalled bet (1,800) returned to e4c0af0f
*** SHOWDOWN ***
e4c0af0f collected 6,840 from pot
*** SUMMARY ***
Total pot 6,840 | Rake 0 | Jackpot 0 | Bingo 0 | Fortune 0 | Tax 0
Board [Qs 6s Js Th]
Seat 1: a8c634b6 folded before Flop
Seat 2: aba7099b folded before Flop
Seat 3: Hero folded before Flop
Seat 4: 5ad21c6 folded before Flop
Seat 5: 9688891c folded before Flop
Seat 6: d71297e9 (button) folded on the Turn
Seat 7: 5720039a (small blind) folded before Flop
Seat 8: e4c0af0f (big blind) won (6,840)


Poker Hand #TM5666461394: Tournament #267726267, Bounty Hunters Deepstack Turbo $8.88 Hold'em No Limit - Level13(600/1,200(180)) - 2026/03/05 16:06:25
Table '99' 8-max Seat #5 is the button
Seat 1: a8c634b6 (52,028 in chips)
Seat 2: aba7099b (20,031 in chips)
Seat 3: Hero (19,865 in chips)
Seat 4: 5ad21c6 (50,130 in chips)
Seat 5: 9688891c (72,031 in chips)
Seat 6: d71297e9 (28,155 in chips)
Seat 7: 5720039a (84,135 in chips)
Seat 8: e4c0af0f (15,541 in chips)
5720039a: posts the ante 180
9688891c: posts the ante 180
Hero: posts the ante 180
a8c634b6: posts the ante 180
d71297e9: posts the ante 180
5ad21c6: posts the ante 180
e4c0af0f: posts the ante 180
aba7099b: posts the ante 180
d71297e9: posts small blind 600
5720039a: posts big blind 1,200
*** HOLE CARDS ***
Dealt to a8c634b6 
Dealt to aba7099b 
Dealt to Hero [Ts Qs]
Dealt to 5ad21c6 
Dealt to 9688891c 
Dealt to d71297e9 
Dealt to 5720039a 
Dealt to e4c0af0f 
e4c0af0f: folds
a8c634b6: raises 1,200 to 2,400
aba7099b: folds
Hero: raises 17,285 to 19,685 and is all-in
5ad21c6: folds
9688891c: folds
d71297e9: folds
5720039a: folds
a8c634b6: calls 17,285
Hero: shows [Ts Qs]
a8c634b6: shows [9c 9s]
*** FLOP *** [4c Ks Jd]
*** TURN *** [4c Ks Jd] [Ad]
*** RIVER *** [4c Ks Jd Ad] [Th]
*** SHOWDOWN ***
Hero collected 42,610 from pot
*** SUMMARY ***
Total pot 42,610 | Rake 0 | Jackpot 0 | Bingo 0 | Fortune 0 | Tax 0
Board [4c Ks Jd Ad Th]
Seat 1: a8c634b6 showed [9c 9s] and lost with a pair of Nines
Seat 2: aba7099b folded before Flop
Seat 3: Hero showed [Ts Qs] and won (42,610) with a straight, Ace to Ten
Seat 4: 5ad21c6 folded before Flop
Seat 5: 9688891c (button) folded before Flop
Seat 6: d71297e9 (small blind) folded before Flop
Seat 7: 5720039a (big blind) folded before Flop
Seat 8: e4c0af0f folded before Flop


Poker Hand #TM5666461382: Tournament #267726267, Bounty Hunters Deepstack Turbo $8.88 Hold'em No Limit - Level13(600/1,200(180)) - 2026/03/05 16:05:20
Table '99' 8-max Seat #4 is the button
Seat 1: a8c634b6 (24,574 in chips)
Seat 2: aba7099b (20,211 in chips)
Seat 3: Hero (20,045 in chips)
Seat 4: 5ad21c6 (50,310 in chips)
Seat 5: 9688891c (72,811 in chips)
Seat 6: d71297e9 (29,535 in chips)
Seat 7: 5720039a (108,709 in chips)
Seat 8: e4c0af0f (15,721 in chips)
5720039a: posts the ante 180
Hero: posts the ante 180
9688891c: posts the ante 180
a8c634b6: posts the ante 180
d71297e9: posts the ante 180
5ad21c6: posts the ante 180
e4c0af0f: posts the ante 180
aba7099b: posts the ante 180
9688891c: posts small blind 600
d71297e9: posts big blind 1,200
*** HOLE CARDS ***
Dealt to a8c634b6 
Dealt to aba7099b 
Dealt to Hero [2c 3d]
Dealt to 5ad21c6 
Dealt to 9688891c 
Dealt to d71297e9 
Dealt to 5720039a 
Dealt to e4c0af0f 
5720039a: raises 1,200 to 2,400
e4c0af0f: folds
a8c634b6: raises 8,040 to 10,440
aba7099b: folds
Hero: folds
5ad21c6: folds
9688891c: folds
d71297e9: folds
5720039a: raises 98,089 to 108,529 and is all-in
a8c634b6: calls 13,954 and is all-in
Uncalled bet (84,135) returned to 5720039a
5720039a: shows [Ad Qh]
a8c634b6: shows [Kc Ac]
*** FLOP *** [5d 3c 8d]
*** TURN *** [5d 3c 8d] [Ah]
*** RIVER *** [5d 3c 8d Ah] [7s]
*** SHOWDOWN ***
a8c634b6 collected 52,028 from pot
*** SUMMARY ***
Total pot 52,028 | Rake 0 | Jackpot 0 | Bingo 0 | Fortune 0 | Tax 0
Board [5d 3c 8d Ah 7s]
Seat 1: a8c634b6 showed [Kc Ac] and won (52,028) with a pair of Aces
Seat 2: aba7099b folded before Flop
Seat 3: Hero folded before Flop
Seat 4: 5ad21c6 (button) folded before Flop
Seat 5: 9688891c (small blind) folded before Flop
Seat 6: d71297e9 (big blind) folded before Flop
Seat 7: 5720039a showed [Ad Qh] and lost with a pair of Aces
Seat 8: e4c0af0f folded before Flop


Poker Hand #TM5666461371: Tournament #267726267, Bounty Hunters Deepstack Turbo $8.88 Hold'em No Limit - Level13(600/1,200(180)) - 2026/03/05 16:04:28
Table '99' 8-max Seat #3 is the button
Seat 1: a8c634b6 (29,412 in chips)
Seat 2: aba7099b (20,391 in chips)
Seat 3: Hero (20,225 in chips)
Seat 4: 5ad21c6 (51,090 in chips)
Seat 5: 9688891c (66,293 in chips)
Seat 6: d71297e9 (29,715 in chips)
Seat 7: 5720039a (108,889 in chips)
Seat 8: e4c0af0f (15,901 in chips)
5720039a: posts the ante 180
Hero: posts the ante 180
9688891c: posts the ante 180
a8c634b6: posts the ante 180
d71297e9: posts the ante 180
5ad21c6: posts the ante 180
e4c0af0f: posts the ante 180
aba7099b: posts the ante 180
5ad21c6: posts small blind 600
9688891c: posts big blind 1,200
*** HOLE CARDS ***
Dealt to a8c634b6 
Dealt to aba7099b 
Dealt to Hero [2d 3c]
Dealt to 5ad21c6 
Dealt to 9688891c 
Dealt to d71297e9 
Dealt to 5720039a 
Dealt to e4c0af0f 
d71297e9: folds
5720039a: folds
e4c0af0f: folds
a8c634b6: raises 1,200 to 2,400
aba7099b: folds
Hero: folds
5ad21c6: folds
9688891c: calls 1,200
*** FLOP *** [As Kd 4c]
9688891c: checks
a8c634b6: bets 2,258
9688891c: calls 2,258
*** TURN *** [As Kd 4c] [5d]
9688891c: checks
a8c634b6: checks
*** RIVER *** [As Kd 4c 5d] [Qc]
9688891c: checks
a8c634b6: checks
9688891c: shows [Js Ks] (a pair of Kings)
a8c634b6: shows [8s 8h] (a pair of Eights)
*** SHOWDOWN ***
9688891c collected 11,356 from pot
*** SUMMARY ***
Total pot 11,356 | Rake 0 | Jackpot 0 | Bingo 0 | Fortune 0 | Tax 0
Board [As Kd 4c 5d Qc]
Seat 1: a8c634b6 showed [8s 8h] and lost with a pair of Eights
Seat 2: aba7099b folded before Flop
Seat 3: Hero (button) folded before Flop
Seat 4: 5ad21c6 (small blind) folded before Flop
Seat 5: 9688891c (big blind) showed [Js Ks] and won (11,356) with a pair of Kings
Seat 6: d71297e9 folded before Flop
Seat 7: 5720039a folded before Flop
Seat 8: e4c0af0f folded before Flop


Poker Hand #TM5666461359: Tournament #267726267, Bounty Hunters Deepstack Turbo $8.88 Hold'em No Limit - Level12(500/1,000(150)) - 2026/03/05 16:03:35
Table '99' 8-max Seat #1 is the button
Seat 1: a8c634b6 (29,562 in chips)
Seat 3: Hero (19,850 in chips)
Seat 4: 5ad21c6 (50,715 in chips)
Seat 5: 9688891c (66,443 in chips)
Seat 6: d71297e9 (29,865 in chips)
Seat 7: 5720039a (109,039 in chips)
Seat 8: e4c0af0f (16,051 in chips)
5720039a: posts the ante 150
9688891c: posts the ante 150
Hero: posts the ante 150
a8c634b6: posts the ante 150
d71297e9: posts the ante 150
5ad21c6: posts the ante 150
e4c0af0f: posts the ante 150
Hero: posts small blind 500
5ad21c6: posts big blind 1,000
*** HOLE CARDS ***
Dealt to a8c634b6 
Dealt to Hero [7d Tc]
Dealt to 5ad21c6 
Dealt to 9688891c 
Dealt to d71297e9 
Dealt to 5720039a 
Dealt to e4c0af0f 
9688891c: folds
d71297e9: folds
5720039a: folds
e4c0af0f: folds
a8c634b6: folds
Hero: calls 500
5ad21c6: checks
*** FLOP *** [Jh 4s Qh]
Hero: checks
5ad21c6: checks
*** TURN *** [Jh 4s Qh] [8s]
Hero: checks
5ad21c6: bets 1,525
Hero: calls 1,525
*** RIVER *** [Jh 4s Qh 8s] [Ts]
Hero: checks
5ad21c6: checks
Hero: shows [7d Tc] (a pair of Tens)
5ad21c6: shows [Td 2c] (a pair of Tens)
*** SHOWDOWN ***
5ad21c6 collected 3,050 from pot
Hero collected 3,050 from pot
*** SUMMARY ***
Total pot 6,100 | Rake 0 | Jackpot 0 | Bingo 0 | Fortune 0 | Tax 0
Board [Jh 4s Qh 8s Ts]
Seat 1: a8c634b6 (button) folded before Flop
Seat 3: Hero (small blind) showed [7d Tc] and won (3,050) with a pair of Tens
Seat 4: 5ad21c6 (big blind) showed [Td 2c] and won (3,050) with a pair of Tens
Seat 5: 9688891c folded before Flop
Seat 6: d71297e9 folded before Flop
Seat 7: 5720039a folded before Flop
Seat 8: e4c0af0f folded before Flop


Poker Hand #TM5666461347: Tournament #267726267, Bounty Hunters Deepstack Turbo $8.88 Hold'em No Limit - Level12(500/1,000(150)) - 2026/03/05 16:02:33
Table '99' 8-max Seat #7 is the button
Seat 1: a8c634b6 (30,712 in chips)
Seat 2: 1395f29a (22,237 in chips)
Seat 3: Hero (20,000 in chips)
Seat 4: 5ad21c6 (58,865 in chips)
Seat 5: 9688891c (66,593 in chips)
Seat 6: d71297e9 (30,015 in chips)
Seat 7: 5720039a (60,302 in chips)
Seat 8: 19d01e53 (16,750 in chips)
5720039a: posts the ante 150
9688891c: posts the ante 150
Hero: posts the ante 150
1395f29a: posts the ante 150
a8c634b6: posts the ante 150
d71297e9: posts the ante 150
5ad21c6: posts the ante 150
19d01e53: posts the ante 150
19d01e53: posts small blind 500
a8c634b6: posts big blind 1,000
*** HOLE CARDS ***
Dealt to a8c634b6 
Dealt to 1395f29a 
Dealt to Hero [8h 4s]
Dealt to 5ad21c6 
Dealt to 9688891c 
Dealt to d71297e9 
Dealt to 5720039a 
Dealt to 19d01e53 
1395f29a: raises 1,000 to 2,000
Hero: folds
5ad21c6: calls 2,000
9688891c: folds
d71297e9: folds
5720039a: raises 6,000 to 8,000
19d01e53: calls 7,500
a8c634b6: folds
1395f29a: calls 6,000
5ad21c6: calls 6,000
*** FLOP *** [2d 2s 9d]
19d01e53: checks
1395f29a: bets 14,087 and is all-in
5ad21c6: folds
5720039a: calls 14,087
19d01e53: calls 8,600 and is all-in
1395f29a: shows [4d 4h] (two pair, Fours and Twos)
5720039a: shows [Ks Ad] (a pair of Twos)
19d01e53: shows [Qh Kd] (a pair of Twos)
*** TURN *** [2d 2s 9d] [Ah]
*** RIVER *** [2d 2s 9d Ah] [Ts]
*** SHOWDOWN ***
5720039a collected 60,000 from pot
5720039a collected 10,974 from pot
*** SUMMARY ***
Total pot 70,974 | Rake 0 | Jackpot 0 | Bingo 0 | Fortune 0 | Tax 0
Board [2d 2s 9d Ah Ts]
Seat 1: a8c634b6 (big blind) folded before Flop
Seat 2: 1395f29a showed [4d 4h] and lost with two pair, Fours and Twos
Seat 3: Hero folded before Flop
Seat 4: 5ad21c6 folded on the Flop
Seat 5: 9688891c folded before Flop
Seat 6: d71297e9 folded before Flop
Seat 7: 5720039a (button) showed [Ks Ad] and won (70,974) with two pair, Aces and Twos
Seat 8: 19d01e53 (small blind) showed [Qh Kd] and lost with a pair of Twos


