Poker Hand #TM5679925638: Tournament #268450696, Bounty Hunters Sunday Special $10.80 Hold'em No Limit - Level14(600/1,200(180)) - 2026/03/08 23:27:55
Table '93' 8-max Seat #2 is the button
Seat 1: d625bdc1 (22,110 in chips)
Seat 2: 4cacb776 (208,967 in chips)
Seat 3: 8b2a0c8e (35,750 in chips)
Seat 4: b8bae433 (11,318 in chips)
Seat 5: Hero (22,373 in chips)
Seat 6: 4db87f38 (108,603 in chips)
Seat 7: d221077b (27,201 in chips)
Seat 8: 2764cbe4 (201,616 in chips)
2764cbe4: posts the ante 180
d221077b: posts the ante 180
Hero: posts the ante 180
4cacb776: posts the ante 180
b8bae433: posts the ante 180
d625bdc1: posts the ante 180
4db87f38: posts the ante 180
8b2a0c8e: posts the ante 180
8b2a0c8e: posts small blind 600
b8bae433: posts big blind 1,200
*** HOLE CARDS ***
Dealt to d625bdc1 
Dealt to 4cacb776 
Dealt to 8b2a0c8e 
Dealt to b8bae433 
Dealt to Hero [4h 4c]
Dealt to 4db87f38 
Dealt to d221077b 
Dealt to 2764cbe4 
Hero: raises 1,200 to 2,400
4db87f38: folds
d221077b: folds
2764cbe4: calls 2,400
d625bdc1: folds
4cacb776: folds
8b2a0c8e: raises 33,170 to 35,570 and is all-in
b8bae433: folds
Hero: calls 19,793 and is all-in
2764cbe4: folds
Uncalled bet (13,377) returned to 8b2a0c8e
8b2a0c8e: shows [As Qs]
Hero: shows [4h 4c]
*** FLOP *** [Ks Jd 2d]
*** TURN *** [Ks Jd 2d] [Tc]
*** RIVER *** [Ks Jd 2d Tc] [9s]
*** SHOWDOWN ***
8b2a0c8e collected 49,426 from pot
*** SUMMARY ***
Total pot 49,426 | Rake 0 | Jackpot 0 | Bingo 0 | Fortune 0 | Tax 0
Board [Ks Jd 2d Tc 9s]
Seat 1: d625bdc1 folded before Flop
Seat 2: 4cacb776 (button) folded before Flop
Seat 3: 8b2a0c8e (small blind) showed [As Qs] and won (49,426) with a straight, Ace to Ten
Seat 4: b8bae433 (big blind) folded before Flop
Seat 5: Hero showed [4h 4c] and lost with a pair of Fours
Seat 6: 4db87f38 folded before Flop
Seat 7: d221077b folded before Flop
Seat 8: 2764cbe4 folded before Flop


Poker Hand #TM5679925602: Tournament #268450696, Bounty Hunters Sunday Special $10.80 Hold'em No Limit - Level14(600/1,200(180)) - 2026/03/08 23:27:13
Table '93' 8-max Seat #1 is the button
Seat 1: d625bdc1 (22,290 in chips)
Seat 2: 4cacb776 (209,747 in chips)
Seat 3: 8b2a0c8e (38,330 in chips)
Seat 4: b8bae433 (11,498 in chips)
Seat 5: Hero (22,553 in chips)
Seat 6: 4db87f38 (108,783 in chips)
Seat 7: d221077b (22,941 in chips)
Seat 8: 2764cbe4 (201,796 in chips)
2764cbe4: posts the ante 180
d221077b: posts the ante 180
Hero: posts the ante 180
4cacb776: posts the ante 180
b8bae433: posts the ante 180
d625bdc1: posts the ante 180
4db87f38: posts the ante 180
8b2a0c8e: posts the ante 180
4cacb776: posts small blind 600
8b2a0c8e: posts big blind 1,200
*** HOLE CARDS ***
Dealt to d625bdc1 
Dealt to 4cacb776 
Dealt to 8b2a0c8e 
Dealt to b8bae433 
Dealt to Hero [5c 9s]
Dealt to 4db87f38 
Dealt to d221077b 
Dealt to 2764cbe4 
b8bae433: folds
Hero: folds
4db87f38: folds
d221077b: raises 1,200 to 2,400
2764cbe4: folds
d625bdc1: folds
4cacb776: folds
8b2a0c8e: calls 1,200
*** FLOP *** [Ah 2d 7c]
8b2a0c8e: checks
d221077b: bets 2,805
8b2a0c8e: folds
Uncalled bet (2,805) returned to d221077b
*** SHOWDOWN ***
d221077b collected 6,840 from pot
*** SUMMARY ***
Total pot 6,840 | Rake 0 | Jackpot 0 | Bingo 0 | Fortune 0 | Tax 0
Board [Ah 2d 7c]
Seat 1: d625bdc1 (button) folded before Flop
Seat 2: 4cacb776 (small blind) folded before Flop
Seat 3: 8b2a0c8e (big blind) folded on the Flop
Seat 4: b8bae433 folded before Flop
Seat 5: Hero folded before Flop
Seat 6: 4db87f38 folded before Flop
Seat 7: d221077b won (6,840)
Seat 8: 2764cbe4 folded before Flop


Poker Hand #TM5679925569: Tournament #268450696, Bounty Hunters Sunday Special $10.80 Hold'em No Limit - Level14(600/1,200(180)) - 2026/03/08 23:26:35
Table '93' 8-max Seat #8 is the button
Seat 1: d625bdc1 (23,070 in chips)
Seat 2: 4cacb776 (211,127 in chips)
Seat 3: 8b2a0c8e (38,510 in chips)
Seat 4: b8bae433 (11,678 in chips)
Seat 5: Hero (22,733 in chips)
Seat 6: 4db87f38 (91,263 in chips)
Seat 7: d221077b (23,121 in chips)
Seat 8: 2764cbe4 (216,436 in chips)
2764cbe4: posts the ante 180
d221077b: posts the ante 180
Hero: posts the ante 180
4cacb776: posts the ante 180
b8bae433: posts the ante 180
d625bdc1: posts the ante 180
4db87f38: posts the ante 180
8b2a0c8e: posts the ante 180
d625bdc1: posts small blind 600
4cacb776: posts big blind 1,200
*** HOLE CARDS ***
Dealt to d625bdc1 
Dealt to 4cacb776 
Dealt to 8b2a0c8e 
Dealt to b8bae433 
Dealt to Hero [7s Jd]
Dealt to 4db87f38 
Dealt to d221077b 
Dealt to 2764cbe4 
8b2a0c8e: folds
b8bae433: folds
Hero: folds
4db87f38: raises 1,200 to 2,400
d221077b: folds
2764cbe4: calls 2,400
d625bdc1: folds
4cacb776: folds
*** FLOP *** [Kh Tc 2h]
4db87f38: bets 4,020
2764cbe4: calls 4,020
*** TURN *** [Kh Tc 2h] [5d]
4db87f38: bets 8,040
2764cbe4: calls 8,040
*** RIVER *** [Kh Tc 2h 5d] [3h]
4db87f38: checks
2764cbe4: checks
4db87f38: shows [Ks Ah] (a pair of Kings)
2764cbe4: shows [4s Kc] (a pair of Kings)
*** SHOWDOWN ***
4db87f38 collected 32,160 from pot
*** SUMMARY ***
Total pot 32,160 | Rake 0 | Jackpot 0 | Bingo 0 | Fortune 0 | Tax 0
Board [Kh Tc 2h 5d 3h]
Seat 1: d625bdc1 (small blind) folded before Flop
Seat 2: 4cacb776 (big blind) folded before Flop
Seat 3: 8b2a0c8e folded before Flop
Seat 4: b8bae433 folded before Flop
Seat 5: Hero folded before Flop
Seat 6: 4db87f38 showed [Ks Ah] and won (32,160) with a pair of Kings
Seat 7: d221077b folded before Flop
Seat 8: 2764cbe4 (button) showed [4s Kc] and lost with a pair of Kings


Poker Hand #TM5679925514: Tournament #268450696, Bounty Hunters Sunday Special $10.80 Hold'em No Limit - Level14(600/1,200(180)) - 2026/03/08 23:25:22
Table '93' 8-max Seat #7 is the button
Seat 1: d625bdc1 (24,450 in chips)
Seat 2: 4cacb776 (209,687 in chips)
Seat 3: 8b2a0c8e (38,690 in chips)
Seat 4: b8bae433 (11,858 in chips)
Seat 5: Hero (22,913 in chips)
Seat 6: 4db87f38 (89,823 in chips)
Seat 7: d221077b (23,301 in chips)
Seat 8: 2764cbe4 (217,216 in chips)
2764cbe4: posts the ante 180
d221077b: posts the ante 180
Hero: posts the ante 180
4cacb776: posts the ante 180
b8bae433: posts the ante 180
d625bdc1: posts the ante 180
4db87f38: posts the ante 180
8b2a0c8e: posts the ante 180
2764cbe4: posts small blind 600
d625bdc1: posts big blind 1,200
*** HOLE CARDS ***
Dealt to d625bdc1 
Dealt to 4cacb776 
Dealt to 8b2a0c8e 
Dealt to b8bae433 
Dealt to Hero [9d 6c]
Dealt to 4db87f38 
Dealt to d221077b 
Dealt to 2764cbe4 
4cacb776: raises 1,200 to 2,400
8b2a0c8e: folds
b8bae433: folds
Hero: folds
4db87f38: raises 6,420 to 8,820
d221077b: folds
2764cbe4: folds
d625bdc1: folds
4cacb776: calls 6,420
*** FLOP *** [Th 8d Ac]
4cacb776: checks
4db87f38: bets 10,440
4cacb776: raises 15,240 to 25,680
4db87f38: calls 15,240
*** TURN *** [Th 8d Ac] [Jh]
4cacb776: bets 55,270
4db87f38: calls 55,143 and is all-in
Uncalled bet (127) returned to 4cacb776
4cacb776: shows [Kc Ah] (a pair of Aces)
4db87f38: shows [Kd Ad] (a pair of Aces)
*** RIVER *** [Th 8d Ac Jh] [6s]
*** SHOWDOWN ***
4db87f38 collected 91,263 from pot
4cacb776 collected 91,263 from pot
*** SUMMARY ***
Total pot 182,526 | Rake 0 | Jackpot 0 | Bingo 0 | Fortune 0 | Tax 0
Board [Th 8d Ac Jh 6s]
Seat 1: d625bdc1 (big blind) folded before Flop
Seat 2: 4cacb776 showed [Kc Ah] and won (91,263) with a pair of Aces
Seat 3: 8b2a0c8e folded before Flop
Seat 4: b8bae433 folded before Flop
Seat 5: Hero folded before Flop
Seat 6: 4db87f38 showed [Kd Ad] and won (91,263) with a pair of Aces
Seat 7: d221077b (button) folded before Flop
Seat 8: 2764cbe4 (small blind) folded before Flop


Poker Hand #TM5679925504: Tournament #268450696, Bounty Hunters Sunday Special $10.80 Hold'em No Limit - Level14(600/1,200(180)) - 2026/03/08 23:25:08
Table '93' 8-max Seat #6 is the button
Seat 1: d625bdc1 (24,630 in chips)
Seat 2: 4cacb776 (209,867 in chips)
Seat 3: 8b2a0c8e (38,870 in chips)
Seat 4: b8bae433 (12,038 in chips)
Seat 5: Hero (23,093 in chips)
Seat 6: 4db87f38 (90,003 in chips)
Seat 7: d221077b (24,081 in chips)
Seat 8: 2764cbe4 (215,356 in chips)
2764cbe4: posts the ante 180
Hero: posts the ante 180
d221077b: posts the ante 180
4cacb776: posts the ante 180
b8bae433: posts the ante 180
d625bdc1: posts the ante 180
4db87f38: posts the ante 180
8b2a0c8e: posts the ante 180
d221077b: posts small blind 600
2764cbe4: posts big blind 1,200
*** HOLE CARDS ***
Dealt to d625bdc1 
Dealt to 4cacb776 
Dealt to 8b2a0c8e 
Dealt to b8bae433 
Dealt to Hero [Th 4h]
Dealt to 4db87f38 
Dealt to d221077b 
Dealt to 2764cbe4 
d625bdc1: folds
4cacb776: folds
8b2a0c8e: folds
b8bae433: folds
Hero: folds
4db87f38: folds
d221077b: folds
Uncalled bet (600) returned to 2764cbe4
*** SHOWDOWN ***
2764cbe4 collected 2,640 from pot
*** SUMMARY ***
Total pot 2,640 | Rake 0 | Jackpot 0 | Bingo 0 | Fortune 0 | Tax 0
Seat 1: d625bdc1 folded before Flop
Seat 2: 4cacb776 folded before Flop
Seat 3: 8b2a0c8e folded before Flop
Seat 4: b8bae433 folded before Flop
Seat 5: Hero folded before Flop
Seat 6: 4db87f38 (button) folded before Flop
Seat 7: d221077b (small blind) folded before Flop
Seat 8: 2764cbe4 (big blind) collected (2,640)


Poker Hand #TM5679925471: Tournament #268450696, Bounty Hunters Sunday Special $10.80 Hold'em No Limit - Level14(600/1,200(180)) - 2026/03/08 23:24:28
Table '93' 8-max Seat #5 is the button
Seat 1: d625bdc1 (24,810 in chips)
Seat 2: 4cacb776 (210,047 in chips)
Seat 3: 8b2a0c8e (39,050 in chips)
Seat 4: b8bae433 (12,218 in chips)
Seat 5: Hero (23,273 in chips)
Seat 6: 4db87f38 (90,783 in chips)
Seat 7: d221077b (19,821 in chips)
Seat 8: 2764cbe4 (217,936 in chips)
2764cbe4: posts the ante 180
Hero: posts the ante 180
d221077b: posts the ante 180
4cacb776: posts the ante 180
b8bae433: posts the ante 180
d625bdc1: posts the ante 180
4db87f38: posts the ante 180
8b2a0c8e: posts the ante 180
4db87f38: posts small blind 600
d221077b: posts big blind 1,200
*** HOLE CARDS ***
Dealt to d625bdc1 
Dealt to 4cacb776 
Dealt to 8b2a0c8e 
Dealt to b8bae433 
Dealt to Hero [6c Td]
Dealt to 4db87f38 
Dealt to d221077b 
Dealt to 2764cbe4 
2764cbe4: raises 1,200 to 2,400
d625bdc1: folds
4cacb776: folds
8b2a0c8e: folds
b8bae433: folds
Hero: folds
4db87f38: folds
d221077b: raises 17,241 to 19,641 and is all-in
2764cbe4: folds
Uncalled bet (17,241) returned to d221077b
*** SHOWDOWN ***
d221077b collected 6,840 from pot
*** SUMMARY ***
Total pot 6,840 | Rake 0 | Jackpot 0 | Bingo 0 | Fortune 0 | Tax 0
Seat 1: d625bdc1 folded before Flop
Seat 2: 4cacb776 folded before Flop
Seat 3: 8b2a0c8e folded before Flop
Seat 4: b8bae433 folded before Flop
Seat 5: Hero (button) folded before Flop
Seat 6: 4db87f38 (small blind) folded before Flop
Seat 7: d221077b (big blind) collected (6,840)
Seat 8: 2764cbe4 folded before Flop


Poker Hand #TM5679925457: Tournament #268450696, Bounty Hunters Sunday Special $10.80 Hold'em No Limit - Level14(600/1,200(180)) - 2026/03/08 23:24:06
Table '93' 8-max Seat #4 is the button
Seat 1: d625bdc1 (24,990 in chips)
Seat 2: 4cacb776 (210,227 in chips)
Seat 3: 8b2a0c8e (39,230 in chips)
Seat 4: b8bae433 (12,398 in chips)
Seat 5: Hero (24,053 in chips)
Seat 6: 4db87f38 (92,163 in chips)
Seat 7: d221077b (16,761 in chips)
Seat 8: 2764cbe4 (218,116 in chips)
2764cbe4: posts the ante 180
d221077b: posts the ante 180
Hero: posts the ante 180
4cacb776: posts the ante 180
b8bae433: posts the ante 180
d625bdc1: posts the ante 180
4db87f38: posts the ante 180
8b2a0c8e: posts the ante 180
Hero: posts small blind 600
4db87f38: posts big blind 1,200
*** HOLE CARDS ***
Dealt to d625bdc1 
Dealt to 4cacb776 
Dealt to 8b2a0c8e 
Dealt to b8bae433 
Dealt to Hero [9d Qd]
Dealt to 4db87f38 
Dealt to d221077b 
Dealt to 2764cbe4 
d221077b: raises 15,381 to 16,581 and is all-in
2764cbe4: folds
d625bdc1: folds
4cacb776: folds
8b2a0c8e: folds
b8bae433: folds
Hero: folds
4db87f38: folds
Uncalled bet (15,381) returned to d221077b
*** SHOWDOWN ***
d221077b collected 4,440 from pot
*** SUMMARY ***
Total pot 4,440 | Rake 0 | Jackpot 0 | Bingo 0 | Fortune 0 | Tax 0
Seat 1: d625bdc1 folded before Flop
Seat 2: 4cacb776 folded before Flop
Seat 3: 8b2a0c8e folded before Flop
Seat 4: b8bae433 (button) folded before Flop
Seat 5: Hero (small blind) folded before Flop
Seat 6: 4db87f38 (big blind) folded before Flop
Seat 7: d221077b collected (4,440)
Seat 8: 2764cbe4 folded before Flop


Poker Hand #TM5679925417: Tournament #268450696, Bounty Hunters Sunday Special $10.80 Hold'em No Limit - Level13(500/1,000(150)) - 2026/03/08 23:23:04
Table '93' 8-max Seat #3 is the button
Seat 1: d625bdc1 (25,140 in chips)
Seat 2: 4cacb776 (210,377 in chips)
Seat 3: 8b2a0c8e (50,231 in chips)
Seat 4: b8bae433 (13,048 in chips)
Seat 5: Hero (25,203 in chips)
Seat 6: 4db87f38 (92,313 in chips)
Seat 7: d221077b (16,911 in chips)
Seat 8: 2764cbe4 (204,715 in chips)
2764cbe4: posts the ante 150
d221077b: posts the ante 150
Hero: posts the ante 150
4cacb776: posts the ante 150
b8bae433: posts the ante 150
d625bdc1: posts the ante 150
4db87f38: posts the ante 150
8b2a0c8e: posts the ante 150
b8bae433: posts small blind 500
Hero: posts big blind 1,000
*** HOLE CARDS ***
Dealt to d625bdc1 
Dealt to 4cacb776 
Dealt to 8b2a0c8e 
Dealt to b8bae433 
Dealt to Hero [3d 6h]
Dealt to 4db87f38 
Dealt to d221077b 
Dealt to 2764cbe4 
4db87f38: folds
d221077b: folds
2764cbe4: raises 1,000 to 2,000
d625bdc1: folds
4cacb776: folds
8b2a0c8e: raises 4,000 to 6,000
b8bae433: folds
Hero: folds
2764cbe4: calls 4,000
*** FLOP *** [As Th 5c]
2764cbe4: checks
8b2a0c8e: bets 4,851
2764cbe4: calls 4,851
*** TURN *** [As Th 5c] [4s]
2764cbe4: checks
8b2a0c8e: checks
*** RIVER *** [As Th 5c 4s] [Kc]
2764cbe4: bets 15,201
8b2a0c8e: folds
Uncalled bet (15,201) returned to 2764cbe4
*** SHOWDOWN ***
2764cbe4 collected 24,402 from pot
*** SUMMARY ***
Total pot 24,402 | Rake 0 | Jackpot 0 | Bingo 0 | Fortune 0 | Tax 0
Board [As Th 5c 4s Kc]
Seat 1: d625bdc1 folded before Flop
Seat 2: 4cacb776 folded before Flop
Seat 3: 8b2a0c8e (button) folded on the River
Seat 4: b8bae433 (small blind) folded before Flop
Seat 5: Hero (big blind) folded before Flop
Seat 6: 4db87f38 folded before Flop
Seat 7: d221077b folded before Flop
Seat 8: 2764cbe4 won (24,402)


Poker Hand #TM5679925390: Tournament #268450696, Bounty Hunters Sunday Special $10.80 Hold'em No Limit - Level13(500/1,000(150)) - 2026/03/08 23:22:21
Table '93' 8-max Seat #2 is the button
Seat 1: d625bdc1 (25,290 in chips)
Seat 2: 4cacb776 (210,527 in chips)
Seat 3: 8b2a0c8e (50,881 in chips)
Seat 4: b8bae433 (14,198 in chips)
Seat 5: Hero (25,353 in chips)
Seat 6: 4db87f38 (84,413 in chips)
Seat 7: d221077b (17,061 in chips)
Seat 8: 2764cbe4 (210,215 in chips)
2764cbe4: posts the ante 150
d221077b: posts the ante 150
Hero: posts the ante 150
4cacb776: posts the ante 150
b8bae433: posts the ante 150
d625bdc1: posts the ante 150
4db87f38: posts the ante 150
8b2a0c8e: posts the ante 150
8b2a0c8e: posts small blind 500
b8bae433: posts big blind 1,000
*** HOLE CARDS ***
Dealt to d625bdc1 
Dealt to 4cacb776 
Dealt to 8b2a0c8e 
Dealt to b8bae433 
Dealt to Hero [6s 2s]
Dealt to 4db87f38 
Dealt to d221077b 
Dealt to 2764cbe4 
Hero: folds
4db87f38: raises 1,000 to 2,000
d221077b: folds
2764cbe4: calls 2,000
d625bdc1: folds
4cacb776: folds
8b2a0c8e: folds
b8bae433: folds
*** FLOP *** [Td 6h 7h]
4db87f38: bets 3,350
2764cbe4: calls 3,350
*** TURN *** [Td 6h 7h] [9d]
4db87f38: checks
2764cbe4: checks
*** RIVER *** [Td 6h 7h 9d] [Qd]
4db87f38: checks
2764cbe4: checks
4db87f38: shows [Qh Ah] (a pair of Queens)
2764cbe4: shows [As 9h] (a pair of Nines)
*** SHOWDOWN ***
4db87f38 collected 13,400 from pot
*** SUMMARY ***
Total pot 13,400 | Rake 0 | Jackpot 0 | Bingo 0 | Fortune 0 | Tax 0
Board [Td 6h 7h 9d Qd]
Seat 1: d625bdc1 folded before Flop
Seat 2: 4cacb776 (button) folded before Flop
Seat 3: 8b2a0c8e (small blind) folded before Flop
Seat 4: b8bae433 (big blind) folded before Flop
Seat 5: Hero folded before Flop
Seat 6: 4db87f38 showed [Qh Ah] and won (13,400) with a pair of Queens
Seat 7: d221077b folded before Flop
Seat 8: 2764cbe4 showed [As 9h] and lost with a pair of Nines


Poker Hand #TM5679925347: Tournament #268450696, Bounty Hunters Sunday Special $10.80 Hold'em No Limit - Level13(500/1,000(150)) - 2026/03/08 23:21:17
Table '93' 8-max Seat #1 is the button
Seat 1: d625bdc1 (25,440 in chips)
Seat 2: 4cacb776 (211,177 in chips)
Seat 3: 8b2a0c8e (50,181 in chips)
Seat 4: b8bae433 (14,348 in chips)
Seat 5: Hero (25,503 in chips)
Seat 6: 4db87f38 (84,563 in chips)
Seat 7: d221077b (17,211 in chips)
Seat 8: 2764cbe4 (209,515 in chips)
2764cbe4: posts the ante 150
d221077b: posts the ante 150
Hero: posts the ante 150
4cacb776: posts the ante 150
b8bae433: posts the ante 150
d625bdc1: posts the ante 150
4db87f38: posts the ante 150
8b2a0c8e: posts the ante 150
4cacb776: posts small blind 500
8b2a0c8e: posts big blind 1,000
*** HOLE CARDS ***
Dealt to d625bdc1 
Dealt to 4cacb776 
Dealt to 8b2a0c8e 
Dealt to b8bae433 
Dealt to Hero [5s Ad]
Dealt to 4db87f38 
Dealt to d221077b 
Dealt to 2764cbe4 
b8bae433: folds
Hero: folds
4db87f38: folds
d221077b: folds
2764cbe4: raises 1,000 to 2,000
d625bdc1: folds
4cacb776: folds
8b2a0c8e: calls 1,000
*** FLOP *** [6s 3h 2s]
8b2a0c8e: checks
2764cbe4: bets 2,850
8b2a0c8e: calls 2,850
*** TURN *** [6s 3h 2s] [4c]
8b2a0c8e: checks
2764cbe4: checks
*** RIVER *** [6s 3h 2s 4c] [5c]
8b2a0c8e: bets 45,181 and is all-in
2764cbe4: calls 45,181
8b2a0c8e: shows [9h Ah] (a straight, Six to Two)
2764cbe4: shows [Tc Ts] (a straight, Six to Two)
*** SHOWDOWN ***
2764cbe4 collected 50,881 from pot
8b2a0c8e collected 50,881 from pot
*** SUMMARY ***
Total pot 101,762 | Rake 0 | Jackpot 0 | Bingo 0 | Fortune 0 | Tax 0
Board [6s 3h 2s 4c 5c]
Seat 1: d625bdc1 (button) folded before Flop
Seat 2: 4cacb776 (small blind) folded before Flop
Seat 3: 8b2a0c8e (big blind) showed [9h Ah] and won (50,881) with a straight, Six to Two
Seat 4: b8bae433 folded before Flop
Seat 5: Hero folded before Flop
Seat 6: 4db87f38 folded before Flop
Seat 7: d221077b folded before Flop
Seat 8: 2764cbe4 showed [Tc Ts] and won (50,881) with a straight, Six to Two


Poker Hand #TM5679925319: Tournament #268450696, Bounty Hunters Sunday Special $10.80 Hold'em No Limit - Level13(500/1,000(150)) - 2026/03/08 23:20:48
Table '93' 8-max Seat #8 is the button
Seat 1: d625bdc1 (26,090 in chips)
Seat 2: 4cacb776 (212,327 in chips)
Seat 3: 8b2a0c8e (50,331 in chips)
Seat 4: b8bae433 (14,498 in chips)
Seat 5: Hero (25,653 in chips)
Seat 6: 4db87f38 (86,713 in chips)
Seat 7: d221077b (17,361 in chips)
Seat 8: 2764cbe4 (204,965 in chips)
2764cbe4: posts the ante 150
d221077b: posts the ante 150
Hero: posts the ante 150
4cacb776: posts the ante 150
b8bae433: posts the ante 150
d625bdc1: posts the ante 150
4db87f38: posts the ante 150
8b2a0c8e: posts the ante 150
d625bdc1: posts small blind 500
4cacb776: posts big blind 1,000
*** HOLE CARDS ***
Dealt to d625bdc1 
Dealt to 4cacb776 
Dealt to 8b2a0c8e 
Dealt to b8bae433 
Dealt to Hero [6h Qd]
Dealt to 4db87f38 
Dealt to d221077b 
Dealt to 2764cbe4 
8b2a0c8e: folds
b8bae433: folds
Hero: folds
4db87f38: raises 1,000 to 2,000
d221077b: folds
2764cbe4: raises 5,350 to 7,350
d625bdc1: folds
4cacb776: folds
4db87f38: folds
Uncalled bet (5,350) returned to 2764cbe4
*** SHOWDOWN ***
2764cbe4 collected 6,700 from pot
*** SUMMARY ***
Total pot 6,700 | Rake 0 | Jackpot 0 | Bingo 0 | Fortune 0 | Tax 0
Seat 1: d625bdc1 (small blind) folded before Flop
Seat 2: 4cacb776 (big blind) folded before Flop
Seat 3: 8b2a0c8e folded before Flop
Seat 4: b8bae433 folded before Flop
Seat 5: Hero folded before Flop
Seat 6: 4db87f38 folded before Flop
Seat 7: d221077b folded before Flop
Seat 8: 2764cbe4 (button) collected (6,700)


Poker Hand #TM5679925307: Tournament #268450696, Bounty Hunters Sunday Special $10.80 Hold'em No Limit - Level13(500/1,000(150)) - 2026/03/08 23:20:29
Table '93' 8-max Seat #7 is the button
Seat 1: d625bdc1 (24,540 in chips)
Seat 2: 4cacb776 (212,477 in chips)
Seat 3: 8b2a0c8e (50,481 in chips)
Seat 4: b8bae433 (14,648 in chips)
Seat 5: Hero (25,803 in chips)
Seat 6: 4db87f38 (86,863 in chips)
Seat 7: d221077b (17,511 in chips)
Seat 8: 2764cbe4 (205,615 in chips)
2764cbe4: posts the ante 150
d221077b: posts the ante 150
Hero: posts the ante 150
4cacb776: posts the ante 150
b8bae433: posts the ante 150
d625bdc1: posts the ante 150
4db87f38: posts the ante 150
8b2a0c8e: posts the ante 150
2764cbe4: posts small blind 500
d625bdc1: posts big blind 1,000
*** HOLE CARDS ***
Dealt to d625bdc1 
Dealt to 4cacb776 
Dealt to 8b2a0c8e 
Dealt to b8bae433 
Dealt to Hero [7h Tc]
Dealt to 4db87f38 
Dealt to d221077b 
Dealt to 2764cbe4 
4cacb776: folds
8b2a0c8e: folds
b8bae433: folds
Hero: folds
4db87f38: folds
d221077b: folds
2764cbe4: folds
Uncalled bet (500) returned to d625bdc1
*** SHOWDOWN ***
d625bdc1 collected 2,200 from pot
*** SUMMARY ***
Total pot 2,200 | Rake 0 | Jackpot 0 | Bingo 0 | Fortune 0 | Tax 0
Seat 1: d625bdc1 (big blind) collected (2,200)
Seat 2: 4cacb776 folded before Flop
Seat 3: 8b2a0c8e folded before Flop
Seat 4: b8bae433 folded before Flop
Seat 5: Hero folded before Flop
Seat 6: 4db87f38 folded before Flop
Seat 7: d221077b (button) folded before Flop
Seat 8: 2764cbe4 (small blind) folded before Flop


Poker Hand #TM5679925282: Tournament #268450696, Bounty Hunters Sunday Special $10.80 Hold'em No Limit - Level13(500/1,000(150)) - 2026/03/08 23:19:48
Table '93' 8-max Seat #6 is the button
Seat 1: d625bdc1 (24,690 in chips)
Seat 2: 4cacb776 (212,627 in chips)
Seat 3: 8b2a0c8e (50,631 in chips)
Seat 4: b8bae433 (14,798 in chips)
Seat 5: Hero (30,803 in chips)
Seat 6: 4db87f38 (87,013 in chips)
Seat 7: d221077b (18,161 in chips)
Seat 8: 2764cbe4 (199,215 in chips)
2764cbe4: posts the ante 150
Hero: posts the ante 150
d221077b: posts the ante 150
4cacb776: posts the ante 150
b8bae433: posts the ante 150
d625bdc1: posts the ante 150
4db87f38: posts the ante 150
8b2a0c8e: posts the ante 150
d221077b: posts small blind 500
2764cbe4: posts big blind 1,000
*** HOLE CARDS ***
Dealt to d625bdc1 
Dealt to 4cacb776 
Dealt to 8b2a0c8e 
Dealt to b8bae433 
Dealt to Hero [Kc 3c]
Dealt to 4db87f38 
Dealt to d221077b 
Dealt to 2764cbe4 
d625bdc1: folds
4cacb776: folds
8b2a0c8e: folds
b8bae433: folds
Hero: raises 1,000 to 2,000
4db87f38: folds
d221077b: folds
2764cbe4: calls 1,000
*** FLOP *** [Qh Jc Ks]
2764cbe4: checks
Hero: bets 2,850
2764cbe4: calls 2,850
*** TURN *** [Qh Jc Ks] [9h]
2764cbe4: bets 5,700
Hero: folds
Uncalled bet (5,700) returned to 2764cbe4
Hero: shows [Kc] (a pair of Kings)
2764cbe4: shows [8s As] (Ace high)
*** SHOWDOWN ***
2764cbe4 collected 11,400 from pot
*** SUMMARY ***
Total pot 11,400 | Rake 0 | Jackpot 0 | Bingo 0 | Fortune 0 | Tax 0
Board [Qh Jc Ks 9h]
Seat 1: d625bdc1 folded before Flop
Seat 2: 4cacb776 folded before Flop
Seat 3: 8b2a0c8e folded before Flop
Seat 4: b8bae433 folded before Flop
Seat 5: Hero folded on the Turn
Seat 6: 4db87f38 (button) folded before Flop
Seat 7: d221077b (small blind) folded before Flop
Seat 8: 2764cbe4 (big blind) showed [8s As] and won (11,400)


Poker Hand #TM5679925255: Tournament #268450696, Bounty Hunters Sunday Special $10.80 Hold'em No Limit - Level13(500/1,000(150)) - 2026/03/08 23:19:10
Table '93' 8-max Seat #5 is the button
Seat 1: d625bdc1 (24,840 in chips)
Seat 2: 4cacb776 (212,777 in chips)
Seat 3: 8b2a0c8e (52,981 in chips)
Seat 4: b8bae433 (14,948 in chips)
Seat 5: Hero (30,953 in chips)
Seat 6: 4db87f38 (87,663 in chips)
Seat 7: d221077b (14,411 in chips)
Seat 8: 2764cbe4 (199,365 in chips)
2764cbe4: posts the ante 150
Hero: posts the ante 150
d221077b: posts the ante 150
4cacb776: posts the ante 150
b8bae433: posts the ante 150
d625bdc1: posts the ante 150
4db87f38: posts the ante 150
8b2a0c8e: posts the ante 150
4db87f38: posts small blind 500
d221077b: posts big blind 1,000
*** HOLE CARDS ***
Dealt to d625bdc1 
Dealt to 4cacb776 
Dealt to 8b2a0c8e 
Dealt to b8bae433 
Dealt to Hero [Qs 9c]
Dealt to 4db87f38 
Dealt to d221077b 
Dealt to 2764cbe4 
2764cbe4: folds
d625bdc1: folds
4cacb776: folds
8b2a0c8e: raises 1,200 to 2,200
b8bae433: folds
Hero: folds
4db87f38: folds
d221077b: calls 1,200
*** FLOP *** [9s 2h Kc]
d221077b: checks
8b2a0c8e: checks
*** TURN *** [9s 2h Kc] [4c]
d221077b: checks
8b2a0c8e: checks
*** RIVER *** [9s 2h Kc 4c] [8s]
d221077b: checks
8b2a0c8e: checks
d221077b: shows [Jh 9h] (a pair of Nines)
8b2a0c8e: shows [Ts Js] (King high)
*** SHOWDOWN ***
d221077b collected 6,100 from pot
*** SUMMARY ***
Total pot 6,100 | Rake 0 | Jackpot 0 | Bingo 0 | Fortune 0 | Tax 0
Board [9s 2h Kc 4c 8s]
Seat 1: d625bdc1 folded before Flop
Seat 2: 4cacb776 folded before Flop
Seat 3: 8b2a0c8e showed [Ts Js] and lost with King high
Seat 4: b8bae433 folded before Flop
Seat 5: Hero (button) folded before Flop
Seat 6: 4db87f38 (small blind) folded before Flop
Seat 7: d221077b (big blind) showed [Jh 9h] and won (6,100) with a pair of Nines
Seat 8: 2764cbe4 folded before Flop


Poker Hand #TM5679925234: Tournament #268450696, Bounty Hunters Sunday Special $10.80 Hold'em No Limit - Level13(500/1,000(150)) - 2026/03/08 23:18:37
Table '93' 8-max Seat #4 is the button
Seat 1: d625bdc1 (24,990 in chips)
Seat 2: 4cacb776 (214,927 in chips)
Seat 3: 8b2a0c8e (53,131 in chips)
Seat 4: b8bae433 (15,098 in chips)
Seat 5: Hero (26,903 in chips)
Seat 6: 4db87f38 (88,813 in chips)
Seat 7: d221077b (14,561 in chips)
Seat 8: 2764cbe4 (199,515 in chips)
2764cbe4: posts the ante 150
d221077b: posts the ante 150
Hero: posts the ante 150
4cacb776: posts the ante 150
b8bae433: posts the ante 150
d625bdc1: posts the ante 150
4db87f38: posts the ante 150
8b2a0c8e: posts the ante 150
Hero: posts small blind 500
4db87f38: posts big blind 1,000
*** HOLE CARDS ***
Dealt to d625bdc1 
Dealt to 4cacb776 
Dealt to 8b2a0c8e 
Dealt to b8bae433 
Dealt to Hero [Th Td]
Dealt to 4db87f38 
Dealt to d221077b 
Dealt to 2764cbe4 
d221077b: folds
2764cbe4: folds
d625bdc1: folds
4cacb776: raises 1,000 to 2,000
8b2a0c8e: folds
b8bae433: folds
Hero: raises 24,753 to 26,753 and is all-in
4db87f38: folds
4cacb776: folds
Uncalled bet (24,753) returned to Hero
*** SHOWDOWN ***
Hero collected 6,200 from pot
*** SUMMARY ***
Total pot 6,200 | Rake 0 | Jackpot 0 | Bingo 0 | Fortune 0 | Tax 0
Seat 1: d625bdc1 folded before Flop
Seat 2: 4cacb776 folded before Flop
Seat 3: 8b2a0c8e folded before Flop
Seat 4: b8bae433 (button) folded before Flop
Seat 5: Hero (small blind) collected (6,200)
Seat 6: 4db87f38 (big blind) folded before Flop
Seat 7: d221077b folded before Flop
Seat 8: 2764cbe4 folded before Flop


Poker Hand #TM5679925211: Tournament #268450696, Bounty Hunters Sunday Special $10.80 Hold'em No Limit - Level13(500/1,000(150)) - 2026/03/08 23:18:09
Table '93' 8-max Seat #3 is the button
Seat 1: d625bdc1 (25,140 in chips)
Seat 2: 4cacb776 (215,077 in chips)
Seat 3: 8b2a0c8e (50,581 in chips)
Seat 4: b8bae433 (15,748 in chips)
Seat 5: Hero (28,053 in chips)
Seat 6: 4db87f38 (88,963 in chips)
Seat 7: d221077b (14,711 in chips)
Seat 8: 2764cbe4 (199,665 in chips)
2764cbe4: posts the ante 150
d221077b: posts the ante 150
Hero: posts the ante 150
4cacb776: posts the ante 150
b8bae433: posts the ante 150
d625bdc1: posts the ante 150
4db87f38: posts the ante 150
8b2a0c8e: posts the ante 150
b8bae433: posts small blind 500
Hero: posts big blind 1,000
*** HOLE CARDS ***
Dealt to d625bdc1 
Dealt to 4cacb776 
Dealt to 8b2a0c8e 
Dealt to b8bae433 
Dealt to Hero [4s 9c]
Dealt to 4db87f38 
Dealt to d221077b 
Dealt to 2764cbe4 
4db87f38: folds
d221077b: folds
2764cbe4: folds
d625bdc1: folds
4cacb776: folds
8b2a0c8e: raises 2,000 to 3,000
b8bae433: folds
Hero: folds
Uncalled bet (2,000) returned to 8b2a0c8e
*** SHOWDOWN ***
8b2a0c8e collected 3,700 from pot
*** SUMMARY ***
Total pot 3,700 | Rake 0 | Jackpot 0 | Bingo 0 | Fortune 0 | Tax 0
Seat 1: d625bdc1 folded before Flop
Seat 2: 4cacb776 folded before Flop
Seat 3: 8b2a0c8e (button) collected (3,700)
Seat 4: b8bae433 (small blind) folded before Flop
Seat 5: Hero (big blind) folded before Flop
Seat 6: 4db87f38 folded before Flop
Seat 7: d221077b folded before Flop
Seat 8: 2764cbe4 folded before Flop


Poker Hand #TM5679925193: Tournament #268450696, Bounty Hunters Sunday Special $10.80 Hold'em No Limit - Level13(500/1,000(150)) - 2026/03/08 23:17:39
Table '93' 8-max Seat #2 is the button
Seat 1: d625bdc1 (25,290 in chips)
Seat 2: 4cacb776 (215,227 in chips)
Seat 3: 8b2a0c8e (51,231 in chips)
Seat 4: b8bae433 (16,898 in chips)
Seat 5: Hero (25,503 in chips)
Seat 6: 4db87f38 (89,113 in chips)
Seat 7: d221077b (14,861 in chips)
Seat 8: 2764cbe4 (199,815 in chips)
2764cbe4: posts the ante 150
d221077b: posts the ante 150
Hero: posts the ante 150
4cacb776: posts the ante 150
b8bae433: posts the ante 150
d625bdc1: posts the ante 150
4db87f38: posts the ante 150
8b2a0c8e: posts the ante 150
8b2a0c8e: posts small blind 500
b8bae433: posts big blind 1,000
*** HOLE CARDS ***
Dealt to d625bdc1 
Dealt to 4cacb776 
Dealt to 8b2a0c8e 
Dealt to b8bae433 
Dealt to Hero [Th Ac]
Dealt to 4db87f38 
Dealt to d221077b 
Dealt to 2764cbe4 
Hero: raises 1,000 to 2,000
4db87f38: folds
d221077b: folds
2764cbe4: folds
d625bdc1: folds
4cacb776: folds
8b2a0c8e: folds
b8bae433: folds
Uncalled bet (1,000) returned to Hero
*** SHOWDOWN ***
Hero collected 3,700 from pot
*** SUMMARY ***
Total pot 3,700 | Rake 0 | Jackpot 0 | Bingo 0 | Fortune 0 | Tax 0
Seat 1: d625bdc1 folded before Flop
Seat 2: 4cacb776 (button) folded before Flop
Seat 3: 8b2a0c8e (small blind) folded before Flop
Seat 4: b8bae433 (big blind) folded before Flop
Seat 5: Hero collected (3,700)
Seat 6: 4db87f38 folded before Flop
Seat 7: d221077b folded before Flop
Seat 8: 2764cbe4 folded before Flop


Poker Hand #TM5679925145: Tournament #268450696, Bounty Hunters Sunday Special $10.80 Hold'em No Limit - Level13(500/1,000(150)) - 2026/03/08 23:16:37
Table '93' 8-max Seat #1 is the button
Seat 1: d625bdc1 (25,440 in chips)
Seat 2: 4cacb776 (215,877 in chips)
Seat 3: 8b2a0c8e (55,381 in chips)
Seat 4: b8bae433 (17,048 in chips)
Seat 5: Hero (25,653 in chips)
Seat 6: 4db87f38 (79,113 in chips)
Seat 7: d221077b (15,011 in chips)
Seat 8: 14442a90 (4,600 in chips)
d221077b: posts the ante 150
Hero: posts the ante 150
4cacb776: posts the ante 150
b8bae433: posts the ante 150
d625bdc1: posts the ante 150
14442a90: posts the ante 150
4db87f38: posts the ante 150
8b2a0c8e: posts the ante 150
4cacb776: posts small blind 500
8b2a0c8e: posts big blind 1,000
*** HOLE CARDS ***
Dealt to d625bdc1 
Dealt to 4cacb776 
Dealt to 8b2a0c8e 
Dealt to b8bae433 
Dealt to Hero [9s Qs]
Dealt to 4db87f38 
Dealt to d221077b 
Dealt to 14442a90 
b8bae433: folds
Hero: folds
4db87f38: raises 1,000 to 2,000
d221077b: folds
14442a90: raises 2,000 to 4,000
d625bdc1: folds
4cacb776: folds
8b2a0c8e: calls 3,000
4db87f38: calls 2,000
*** FLOP *** [Kc 4c 5d]
8b2a0c8e: checks
4db87f38: bets 6,850
14442a90: calls 450 and is all-in
8b2a0c8e: folds
Uncalled bet (6,400) returned to 4db87f38
4db87f38: shows [4h Ah] (a pair of Fours)
14442a90: shows [Qc Tc] (King high)
*** TURN *** [Kc 4c 5d] [Ad]
*** RIVER *** [Kc 4c 5d Ad] [8h]
*** SHOWDOWN ***
4db87f38 collected 14,600 from pot
*** SUMMARY ***
Total pot 14,600 | Rake 0 | Jackpot 0 | Bingo 0 | Fortune 0 | Tax 0
Board [Kc 4c 5d Ad 8h]
Seat 1: d625bdc1 (button) folded before Flop
Seat 2: 4cacb776 (small blind) folded before Flop
Seat 3: 8b2a0c8e (big blind) folded on the Flop
Seat 4: b8bae433 folded before Flop
Seat 5: Hero folded before Flop
Seat 6: 4db87f38 showed [4h Ah] and won (14,600) with two pair, Aces and Fours
Seat 7: d221077b folded before Flop
Seat 8: 14442a90 showed [Qc Tc] and lost with Ace high


Poker Hand #TM5679925117: Tournament #268450696, Bounty Hunters Sunday Special $10.80 Hold'em No Limit - Level12(400/800(120)) - 2026/03/08 23:15:50
Table '93' 8-max Seat #7 is the button
Seat 1: d625bdc1 (25,960 in chips)
Seat 2: 4cacb776 (217,597 in chips)
Seat 3: 8b2a0c8e (55,501 in chips)
Seat 4: b8bae433 (17,168 in chips)
Seat 5: Hero (22,933 in chips)
Seat 6: 4db87f38 (79,233 in chips)
Seat 7: d221077b (15,131 in chips)
d221077b: posts the ante 120
Hero: posts the ante 120
4cacb776: posts the ante 120
b8bae433: posts the ante 120
d625bdc1: posts the ante 120
4db87f38: posts the ante 120
8b2a0c8e: posts the ante 120
d625bdc1: posts small blind 400
4cacb776: posts big blind 800
*** HOLE CARDS ***
Dealt to d625bdc1 
Dealt to 4cacb776 
Dealt to 8b2a0c8e 
Dealt to b8bae433 
Dealt to Hero [Ac Js]
Dealt to 4db87f38 
Dealt to d221077b 
8b2a0c8e: folds
b8bae433: folds
Hero: raises 800 to 1,600
4db87f38: folds
d221077b: folds
d625bdc1: folds
4cacb776: calls 800
*** FLOP *** [9c As 9h]
4cacb776: checks
Hero: bets 1,466
4cacb776: folds
Uncalled bet (1,466) returned to Hero
*** SHOWDOWN ***
Hero collected 4,440 from pot
*** SUMMARY ***
Total pot 4,440 | Rake 0 | Jackpot 0 | Bingo 0 | Fortune 0 | Tax 0
Board [9c As 9h]
Seat 1: d625bdc1 (small blind) folded before Flop
Seat 2: 4cacb776 (big blind) folded on the Flop
Seat 3: 8b2a0c8e folded before Flop
Seat 4: b8bae433 folded before Flop
Seat 5: Hero won (4,440)
Seat 6: 4db87f38 folded before Flop
Seat 7: d221077b (button) folded before Flop


Poker Hand #TM5679925059: Tournament #268450696, Bounty Hunters Sunday Special $10.80 Hold'em No Limit - Level12(400/800(120)) - 2026/03/08 23:14:21
Table '93' 8-max Seat #6 is the button
Seat 1: d625bdc1 (26,080 in chips)
Seat 2: 4cacb776 (203,757 in chips)
Seat 3: 8b2a0c8e (55,621 in chips)
Seat 4: b8bae433 (17,288 in chips)
Seat 5: Hero (23,053 in chips)
Seat 6: 4db87f38 (79,353 in chips)
Seat 7: d221077b (15,651 in chips)
Seat 8: 9652a8a4 (12,720 in chips)
Hero: posts the ante 120
d221077b: posts the ante 120
4cacb776: posts the ante 120
b8bae433: posts the ante 120
9652a8a4: posts the ante 120
d625bdc1: posts the ante 120
4db87f38: posts the ante 120
8b2a0c8e: posts the ante 120
d221077b: posts small blind 400
9652a8a4: posts big blind 800
*** HOLE CARDS ***
Dealt to d625bdc1 
Dealt to 4cacb776 
Dealt to 8b2a0c8e 
Dealt to b8bae433 
Dealt to Hero [6d Ts]
Dealt to 4db87f38 
Dealt to d221077b 
Dealt to 9652a8a4 
d625bdc1: folds
4cacb776: raises 800 to 1,600
8b2a0c8e: folds
b8bae433: folds
Hero: folds
4db87f38: folds
d221077b: folds
9652a8a4: calls 800
*** FLOP *** [Th 4c 6s]
9652a8a4: checks
4cacb776: bets 1,414
9652a8a4: raises 3,694 to 5,108
4cacb776: raises 196,929 to 202,037 and is all-in
9652a8a4: calls 5,892 and is all-in
Uncalled bet (191,037) returned to 4cacb776
4cacb776: shows [Ac Kd] (Ace high)
9652a8a4: shows [3d Ah] (Ace high)
*** TURN *** [Th 4c 6s] [8d]
*** RIVER *** [Th 4c 6s 8d] [4h]
*** SHOWDOWN ***
4cacb776 collected 26,560 from pot
*** SUMMARY ***
Total pot 26,560 | Rake 0 | Jackpot 0 | Bingo 0 | Fortune 0 | Tax 0
Board [Th 4c 6s 8d 4h]
Seat 1: d625bdc1 folded before Flop
Seat 2: 4cacb776 showed [Ac Kd] and won (26,560) with a pair of Fours
Seat 3: 8b2a0c8e folded before Flop
Seat 4: b8bae433 folded before Flop
Seat 5: Hero folded before Flop
Seat 6: 4db87f38 (button) folded before Flop
Seat 7: d221077b (small blind) folded before Flop
Seat 8: 9652a8a4 (big blind) showed [3d Ah] and lost with a pair of Fours


Poker Hand #TM5679925025: Tournament #268450696, Bounty Hunters Sunday Special $10.80 Hold'em No Limit - Level12(400/800(120)) - 2026/03/08 23:13:35
Table '93' 8-max Seat #5 is the button
Seat 1: d625bdc1 (22,760 in chips)
Seat 2: 4cacb776 (203,877 in chips)
Seat 3: 8b2a0c8e (55,741 in chips)
Seat 4: b8bae433 (17,408 in chips)
Seat 5: Hero (23,173 in chips)
Seat 6: 4db87f38 (81,153 in chips)
Seat 7: d221077b (16,571 in chips)
Seat 8: 9652a8a4 (12,840 in chips)
Hero: posts the ante 120
d221077b: posts the ante 120
4cacb776: posts the ante 120
b8bae433: posts the ante 120
9652a8a4: posts the ante 120
d625bdc1: posts the ante 120
4db87f38: posts the ante 120
8b2a0c8e: posts the ante 120
4db87f38: posts small blind 400
d221077b: posts big blind 800
*** HOLE CARDS ***
Dealt to d625bdc1 
Dealt to 4cacb776 
Dealt to 8b2a0c8e 
Dealt to b8bae433 
Dealt to Hero [9d Jh]
Dealt to 4db87f38 
Dealt to d221077b 
Dealt to 9652a8a4 
9652a8a4: folds
d625bdc1: raises 880 to 1,680
4cacb776: folds
8b2a0c8e: folds
b8bae433: folds
Hero: folds
4db87f38: calls 1,280
d221077b: folds
*** FLOP *** [2c 4s Jd]
4db87f38: checks
d625bdc1: bets 2,048
4db87f38: folds
Uncalled bet (2,048) returned to d625bdc1
*** SHOWDOWN ***
d625bdc1 collected 5,120 from pot
*** SUMMARY ***
Total pot 5,120 | Rake 0 | Jackpot 0 | Bingo 0 | Fortune 0 | Tax 0
Board [2c 4s Jd]
Seat 1: d625bdc1 won (5,120)
Seat 2: 4cacb776 folded before Flop
Seat 3: 8b2a0c8e folded before Flop
Seat 4: b8bae433 folded before Flop
Seat 5: Hero (button) folded before Flop
Seat 6: 4db87f38 (small blind) folded on the Flop
Seat 7: d221077b (big blind) folded before Flop
Seat 8: 9652a8a4 folded before Flop


Poker Hand #TM5679924969: Tournament #268450696, Bounty Hunters Sunday Special $10.80 Hold'em No Limit - Level12(400/800(120)) - 2026/03/08 23:12:15
Table '93' 8-max Seat #4 is the button
Seat 1: d625bdc1 (23,680 in chips)
Seat 2: 4cacb776 (203,997 in chips)
Seat 3: 8b2a0c8e (55,861 in chips)
Seat 4: b8bae433 (17,528 in chips)
Seat 5: Hero (23,693 in chips)
Seat 6: 4db87f38 (82,073 in chips)
Seat 7: d221077b (16,691 in chips)
Seat 8: 9652a8a4 (10,000 in chips)
d221077b: posts the ante 120
Hero: posts the ante 120
4cacb776: posts the ante 120
b8bae433: posts the ante 120
9652a8a4: posts the ante 120
d625bdc1: posts the ante 120
4db87f38: posts the ante 120
8b2a0c8e: posts the ante 120
Hero: posts small blind 400
4db87f38: posts big blind 800
*** HOLE CARDS ***
Dealt to d625bdc1 
Dealt to 4cacb776 
Dealt to 8b2a0c8e 
Dealt to b8bae433 
Dealt to Hero [7s 5d]
Dealt to 4db87f38 
Dealt to d221077b 
Dealt to 9652a8a4 
d221077b: folds
9652a8a4: calls 800
d625bdc1: calls 800
4cacb776: folds
8b2a0c8e: folds
b8bae433: folds
Hero: folds
4db87f38: checks
*** FLOP *** [Kc Qs 6h]
4db87f38: checks
9652a8a4: checks
d625bdc1: checks
*** TURN *** [Kc Qs 6h] [6s]
4db87f38: checks
9652a8a4: bets 1,880
d625bdc1: folds
4db87f38: folds
Uncalled bet (1,880) returned to 9652a8a4
*** SHOWDOWN ***
9652a8a4 collected 3,760 from pot
*** SUMMARY ***
Total pot 3,760 | Rake 0 | Jackpot 0 | Bingo 0 | Fortune 0 | Tax 0
Board [Kc Qs 6h 6s]
Seat 1: d625bdc1 folded on the Turn
Seat 2: 4cacb776 folded before Flop
Seat 3: 8b2a0c8e folded before Flop
Seat 4: b8bae433 (button) folded before Flop
Seat 5: Hero (small blind) folded before Flop
Seat 6: 4db87f38 (big blind) folded on the Turn
Seat 7: d221077b folded before Flop
Seat 8: 9652a8a4 won (3,760)


Poker Hand #TM5679924915: Tournament #268450696, Bounty Hunters Sunday Special $10.80 Hold'em No Limit - Level12(400/800(120)) - 2026/03/08 23:10:53
Table '93' 8-max Seat #3 is the button
Seat 1: d625bdc1 (23,800 in chips)
Seat 2: 4cacb776 (192,956 in chips)
Seat 3: 8b2a0c8e (55,981 in chips)
Seat 4: b8bae433 (18,048 in chips)
Seat 5: Hero (33,734 in chips)
Seat 6: 4db87f38 (82,193 in chips)
Seat 7: d221077b (16,811 in chips)
d221077b: posts the ante 120
Hero: posts the ante 120
4cacb776: posts the ante 120
b8bae433: posts the ante 120
d625bdc1: posts the ante 120
4db87f38: posts the ante 120
8b2a0c8e: posts the ante 120
b8bae433: posts small blind 400
Hero: posts big blind 800
*** HOLE CARDS ***
Dealt to d625bdc1 
Dealt to 4cacb776 
Dealt to 8b2a0c8e 
Dealt to b8bae433 
Dealt to Hero [2d 5h]
Dealt to 4db87f38 
Dealt to d221077b 
4db87f38: folds
d221077b: folds
d625bdc1: folds
4cacb776: raises 800 to 1,600
8b2a0c8e: folds
b8bae433: folds
Hero: raises 4,130 to 5,730
4cacb776: calls 4,130
*** FLOP *** [Ac 7c Js]
Hero: bets 4,191
4cacb776: calls 4,191
*** TURN *** [Ac 7c Js] [4s]
Hero: checks
4cacb776: bets 10,541
Hero: folds
Uncalled bet (10,541) returned to 4cacb776
*** SHOWDOWN ***
4cacb776 collected 21,082 from pot
*** SUMMARY ***
Total pot 21,082 | Rake 0 | Jackpot 0 | Bingo 0 | Fortune 0 | Tax 0
Board [Ac 7c Js 4s]
Seat 1: d625bdc1 folded before Flop
Seat 2: 4cacb776 won (21,082)
Seat 3: 8b2a0c8e (button) folded before Flop
Seat 4: b8bae433 (small blind) folded before Flop
Seat 5: Hero (big blind) folded on the Turn
Seat 6: 4db87f38 folded before Flop
Seat 7: d221077b folded before Flop


Poker Hand #TM5679924869: Tournament #268450696, Bounty Hunters Sunday Special $10.80 Hold'em No Limit - Level12(400/800(120)) - 2026/03/08 23:09:39
Table '93' 8-max Seat #2 is the button
Seat 1: d625bdc1 (23,920 in chips)
Seat 2: 4cacb776 (193,076 in chips)
Seat 3: 8b2a0c8e (24,480 in chips)
Seat 4: b8bae433 (18,968 in chips)
Seat 5: Hero (33,854 in chips)
Seat 6: 4db87f38 (83,913 in chips)
Seat 7: d221077b (41,291 in chips)
Seat 8: b00acd9e (4,021 in chips)
b00acd9e: posts the ante 120
d221077b: posts the ante 120
Hero: posts the ante 120
4cacb776: posts the ante 120
b8bae433: posts the ante 120
d625bdc1: posts the ante 120
4db87f38: posts the ante 120
8b2a0c8e: posts the ante 120
8b2a0c8e: posts small blind 400
b8bae433: posts big blind 800
*** HOLE CARDS ***
Dealt to d625bdc1 
Dealt to 4cacb776 
Dealt to 8b2a0c8e 
Dealt to b8bae433 
Dealt to Hero [4c 8s]
Dealt to 4db87f38 
Dealt to d221077b 
Dealt to b00acd9e 
Hero: folds
4db87f38: raises 800 to 1,600
d221077b: calls 1,600
b00acd9e: raises 2,301 to 3,901 and is all-in
d625bdc1: folds
4cacb776: folds
8b2a0c8e: raises 20,459 to 24,360 and is all-in
b8bae433: folds
4db87f38: folds
d221077b: calls 22,760
8b2a0c8e: shows [Td Tc]
d221077b: shows [Qs Ac]
b00acd9e: shows [Ad 4h]
*** FLOP *** [Kd 7d 3h]
*** TURN *** [Kd 7d 3h] [9c]
*** RIVER *** [Kd 7d 3h 9c] [9h]
*** SHOWDOWN ***
8b2a0c8e collected 15,063 from pot
8b2a0c8e collected 40,918 from pot
*** SUMMARY ***
Total pot 55,981 | Rake 0 | Jackpot 0 | Bingo 0 | Fortune 0 | Tax 0
Board [Kd 7d 3h 9c 9h]
Seat 1: d625bdc1 folded before Flop
Seat 2: 4cacb776 (button) folded before Flop
Seat 3: 8b2a0c8e (small blind) showed [Td Tc] and won (55,981) with two pair, Tens and Nines
Seat 4: b8bae433 (big blind) folded before Flop
Seat 5: Hero folded before Flop
Seat 6: 4db87f38 folded before Flop
Seat 7: d221077b showed [Qs Ac] and lost with a pair of Nines
Seat 8: b00acd9e showed [Ad 4h] and lost with a pair of Nines


Poker Hand #TM5679924839: Tournament #268450696, Bounty Hunters Sunday Special $10.80 Hold'em No Limit - Level12(400/800(120)) - 2026/03/08 23:08:51
Table '93' 8-max Seat #1 is the button
Seat 1: d625bdc1 (24,040 in chips)
Seat 2: 4cacb776 (193,596 in chips)
Seat 3: 8b2a0c8e (11,680 in chips)
Seat 4: b8bae433 (19,088 in chips)
Seat 5: Hero (33,974 in chips)
Seat 6: 4db87f38 (84,033 in chips)
Seat 7: d221077b (41,411 in chips)
Seat 8: b00acd9e (15,701 in chips)
b00acd9e: posts the ante 120
d221077b: posts the ante 120
Hero: posts the ante 120
4cacb776: posts the ante 120
b8bae433: posts the ante 120
d625bdc1: posts the ante 120
4db87f38: posts the ante 120
8b2a0c8e: posts the ante 120
4cacb776: posts small blind 400
8b2a0c8e: posts big blind 800
*** HOLE CARDS ***
Dealt to d625bdc1 
Dealt to 4cacb776 
Dealt to 8b2a0c8e 
Dealt to b8bae433 
Dealt to Hero [Qc Ts]
Dealt to 4db87f38 
Dealt to d221077b 
Dealt to b00acd9e 
b8bae433: folds
Hero: folds
4db87f38: folds
d221077b: folds
b00acd9e: raises 14,781 to 15,581 and is all-in
d625bdc1: folds
4cacb776: folds
8b2a0c8e: calls 10,760 and is all-in
Uncalled bet (4,021) returned to b00acd9e
b00acd9e: shows [Jc Td]
8b2a0c8e: shows [Ks Ac]
*** FLOP *** [Kc Kh 7s]
*** TURN *** [Kc Kh 7s] [Kd]
*** RIVER *** [Kc Kh 7s Kd] [6d]
*** SHOWDOWN ***
8b2a0c8e collected 24,480 from pot
*** SUMMARY ***
Total pot 24,480 | Rake 0 | Jackpot 0 | Bingo 0 | Fortune 0 | Tax 0
Board [Kc Kh 7s Kd 6d]
Seat 1: d625bdc1 (button) folded before Flop
Seat 2: 4cacb776 (small blind) folded before Flop
Seat 3: 8b2a0c8e (big blind) showed [Ks Ac] and won (24,480) with four of a kind, Kings
Seat 4: b8bae433 folded before Flop
Seat 5: Hero folded before Flop
Seat 6: 4db87f38 folded before Flop
Seat 7: d221077b folded before Flop
Seat 8: b00acd9e showed [Jc Td] and lost with three of a kind, Kings


Poker Hand #TM5679924824: Tournament #268450696, Bounty Hunters Sunday Special $10.80 Hold'em No Limit - Level12(400/800(120)) - 2026/03/08 23:08:32
Table '93' 8-max Seat #8 is the button
Seat 1: d625bdc1 (24,560 in chips)
Seat 2: 4cacb776 (194,516 in chips)
Seat 3: 8b2a0c8e (11,800 in chips)
Seat 4: b8bae433 (19,208 in chips)
Seat 5: Hero (34,094 in chips)
Seat 6: 4db87f38 (81,993 in chips)
Seat 7: d221077b (41,531 in chips)
Seat 8: b00acd9e (15,821 in chips)
b00acd9e: posts the ante 120
d221077b: posts the ante 120
Hero: posts the ante 120
4cacb776: posts the ante 120
b8bae433: posts the ante 120
d625bdc1: posts the ante 120
4db87f38: posts the ante 120
8b2a0c8e: posts the ante 120
d625bdc1: posts small blind 400
4cacb776: posts big blind 800
*** HOLE CARDS ***
Dealt to d625bdc1 
Dealt to 4cacb776 
Dealt to 8b2a0c8e 
Dealt to b8bae433 
Dealt to Hero [Th Kc]
Dealt to 4db87f38 
Dealt to d221077b 
Dealt to b00acd9e 
8b2a0c8e: folds
b8bae433: folds
Hero: folds
4db87f38: raises 800 to 1,600
d221077b: folds
b00acd9e: folds
d625bdc1: folds
4cacb776: folds
Uncalled bet (800) returned to 4db87f38
*** SHOWDOWN ***
4db87f38 collected 2,960 from pot
*** SUMMARY ***
Total pot 2,960 | Rake 0 | Jackpot 0 | Bingo 0 | Fortune 0 | Tax 0
Seat 1: d625bdc1 (small blind) folded before Flop
Seat 2: 4cacb776 (big blind) folded before Flop
Seat 3: 8b2a0c8e folded before Flop
Seat 4: b8bae433 folded before Flop
Seat 5: Hero folded before Flop
Seat 6: 4db87f38 collected (2,960)
Seat 7: d221077b folded before Flop
Seat 8: b00acd9e (button) folded before Flop


Poker Hand #TM5679924780: Tournament #268450696, Bounty Hunters Sunday Special $10.80 Hold'em No Limit - Level12(400/800(120)) - 2026/03/08 23:07:24
Table '93' 8-max Seat #7 is the button
Seat 1: d625bdc1 (11,920 in chips)
Seat 2: 4cacb776 (194,636 in chips)
Seat 3: 8b2a0c8e (11,920 in chips)
Seat 4: b8bae433 (19,328 in chips)
Seat 5: Hero (34,214 in chips)
Seat 6: 4db87f38 (82,113 in chips)
Seat 7: d221077b (41,651 in chips)
Seat 8: b00acd9e (27,741 in chips)
d221077b: posts the ante 120
Hero: posts the ante 120
b00acd9e: posts the ante 120
4cacb776: posts the ante 120
b8bae433: posts the ante 120
d625bdc1: posts the ante 120
4db87f38: posts the ante 120
8b2a0c8e: posts the ante 120
b00acd9e: posts small blind 400
d625bdc1: posts big blind 800
*** HOLE CARDS ***
Dealt to d625bdc1 
Dealt to 4cacb776 
Dealt to 8b2a0c8e 
Dealt to b8bae433 
Dealt to Hero [Kh 9s]
Dealt to 4db87f38 
Dealt to d221077b 
Dealt to b00acd9e 
4cacb776: folds
8b2a0c8e: folds
b8bae433: folds
Hero: folds
4db87f38: folds
d221077b: folds
b00acd9e: raises 26,821 to 27,621 and is all-in
d625bdc1: calls 11,000 and is all-in
Uncalled bet (15,821) returned to b00acd9e
b00acd9e: shows [7h 8h]
d625bdc1: shows [Ad Th]
*** FLOP *** [4d 3d Ac]
*** TURN *** [4d 3d Ac] [8c]
*** RIVER *** [4d 3d Ac 8c] [2h]
*** SHOWDOWN ***
d625bdc1 collected 24,560 from pot
*** SUMMARY ***
Total pot 24,560 | Rake 0 | Jackpot 0 | Bingo 0 | Fortune 0 | Tax 0
Board [4d 3d Ac 8c 2h]
Seat 1: d625bdc1 (big blind) showed [Ad Th] and won (24,560) with a pair of Aces
Seat 2: 4cacb776 folded before Flop
Seat 3: 8b2a0c8e folded before Flop
Seat 4: b8bae433 folded before Flop
Seat 5: Hero folded before Flop
Seat 6: 4db87f38 folded before Flop
Seat 7: d221077b (button) folded before Flop
Seat 8: b00acd9e (small blind) showed [7h 8h] and lost with a pair of Eights


Poker Hand #TM5679924754: Tournament #268450696, Bounty Hunters Sunday Special $10.80 Hold'em No Limit - Level12(400/800(120)) - 2026/03/08 23:06:41
Table '93' 8-max Seat #6 is the button
Seat 1: d625bdc1 (9,880 in chips)
Seat 2: 4cacb776 (194,756 in chips)
Seat 3: 8b2a0c8e (12,040 in chips)
Seat 4: b8bae433 (19,448 in chips)
Seat 5: Hero (34,334 in chips)
Seat 6: 4db87f38 (82,233 in chips)
Seat 7: d221077b (42,171 in chips)
Seat 8: b00acd9e (28,661 in chips)
Hero: posts the ante 120
b00acd9e: posts the ante 120
d221077b: posts the ante 120
4cacb776: posts the ante 120
b8bae433: posts the ante 120
d625bdc1: posts the ante 120
4db87f38: posts the ante 120
8b2a0c8e: posts the ante 120
d221077b: posts small blind 400
b00acd9e: posts big blind 800
*** HOLE CARDS ***
Dealt to d625bdc1 
Dealt to 4cacb776 
Dealt to 8b2a0c8e 
Dealt to b8bae433 
Dealt to Hero [Jd 5d]
Dealt to 4db87f38 
Dealt to d221077b 
Dealt to b00acd9e 
d625bdc1: raises 8,960 to 9,760 and is all-in
4cacb776: folds
8b2a0c8e: folds
b8bae433: folds
Hero: folds
4db87f38: folds
d221077b: folds
b00acd9e: folds
Uncalled bet (8,960) returned to d625bdc1
*** SHOWDOWN ***
d625bdc1 collected 2,960 from pot
*** SUMMARY ***
Total pot 2,960 | Rake 0 | Jackpot 0 | Bingo 0 | Fortune 0 | Tax 0
Seat 1: d625bdc1 collected (2,960)
Seat 2: 4cacb776 folded before Flop
Seat 3: 8b2a0c8e folded before Flop
Seat 4: b8bae433 folded before Flop
Seat 5: Hero folded before Flop
Seat 6: 4db87f38 (button) folded before Flop
Seat 7: d221077b (small blind) folded before Flop
Seat 8: b00acd9e (big blind) folded before Flop


Poker Hand #TM5679924732: Tournament #268450696, Bounty Hunters Sunday Special $10.80 Hold'em No Limit - Level12(400/800(120)) - 2026/03/08 23:06:07
Table '93' 8-max Seat #5 is the button
Seat 1: d625bdc1 (10,000 in chips)
Seat 2: 4cacb776 (194,876 in chips)
Seat 3: 8b2a0c8e (10,000 in chips)
Seat 4: b8bae433 (19,568 in chips)
Seat 5: Hero (34,454 in chips)
Seat 6: 4db87f38 (82,753 in chips)
Seat 7: d221077b (43,091 in chips)
Seat 8: b00acd9e (28,781 in chips)
Hero: posts the ante 120
b00acd9e: posts the ante 120
d221077b: posts the ante 120
4cacb776: posts the ante 120
b8bae433: posts the ante 120
d625bdc1: posts the ante 120
4db87f38: posts the ante 120
8b2a0c8e: posts the ante 120
4db87f38: posts small blind 400
d221077b: posts big blind 800
*** HOLE CARDS ***
Dealt to d625bdc1 
Dealt to 4cacb776 
Dealt to 8b2a0c8e 
Dealt to b8bae433 
Dealt to Hero [9c 6d]
Dealt to 4db87f38 
Dealt to d221077b 
Dealt to b00acd9e 
b00acd9e: folds
d625bdc1: folds
4cacb776: folds
8b2a0c8e: raises 9,080 to 9,880 and is all-in
b8bae433: folds
Hero: folds
4db87f38: folds
d221077b: folds
Uncalled bet (9,080) returned to 8b2a0c8e
*** SHOWDOWN ***
8b2a0c8e collected 2,960 from pot
*** SUMMARY ***
Total pot 2,960 | Rake 0 | Jackpot 0 | Bingo 0 | Fortune 0 | Tax 0
Seat 1: d625bdc1 folded before Flop
Seat 2: 4cacb776 folded before Flop
Seat 3: 8b2a0c8e collected (2,960)
Seat 4: b8bae433 folded before Flop
Seat 5: Hero (button) folded before Flop
Seat 6: 4db87f38 (small blind) folded before Flop
Seat 7: d221077b (big blind) folded before Flop
Seat 8: b00acd9e folded before Flop


Poker Hand #TM5679924657: Tournament #268450696, Bounty Hunters Sunday Special $10.80 Hold'em No Limit - Level12(400/800(120)) - 2026/03/08 23:04:04
Table '93' 8-max Seat #4 is the button
Seat 2: 4cacb776 (112,808 in chips)
Seat 3: b7fb09cb (80,268 in chips)
Seat 4: b8bae433 (19,688 in chips)
Seat 5: Hero (34,974 in chips)
Seat 6: 4db87f38 (83,673 in chips)
Seat 7: d221077b (43,211 in chips)
Seat 8: b00acd9e (28,901 in chips)
b7fb09cb: posts the ante 120
b00acd9e: posts the ante 120
d221077b: posts the ante 120
Hero: posts the ante 120
4cacb776: posts the ante 120
b8bae433: posts the ante 120
4db87f38: posts the ante 120
Hero: posts small blind 400
4db87f38: posts big blind 800
*** HOLE CARDS ***
Dealt to 4cacb776 
Dealt to b7fb09cb 
Dealt to b8bae433 
Dealt to Hero [5d Ks]
Dealt to 4db87f38 
Dealt to d221077b 
Dealt to b00acd9e 
d221077b: folds
b00acd9e: folds
4cacb776: raises 1,200 to 2,000
b7fb09cb: raises 4,400 to 6,400
b8bae433: folds
Hero: folds
4db87f38: folds
4cacb776: raises 10,800 to 17,200
b7fb09cb: raises 62,948 to 80,148 and is all-in
4cacb776: calls 62,948
b7fb09cb: shows [Qc Qd]
4cacb776: shows [Kh As]
*** FLOP *** [4h 2c Ah]
*** TURN *** [4h 2c Ah] [Js]
*** RIVER *** [4h 2c Ah Js] [9d]
*** SHOWDOWN ***
4cacb776 collected 162,336 from pot
*** SUMMARY ***
Total pot 162,336 | Rake 0 | Jackpot 0 | Bingo 0 | Fortune 0 | Tax 0
Board [4h 2c Ah Js 9d]
Seat 2: 4cacb776 showed [Kh As] and won (162,336) with a pair of Aces
Seat 3: b7fb09cb showed [Qc Qd] and lost with a pair of Queens
Seat 4: b8bae433 (button) folded before Flop
Seat 5: Hero (small blind) folded before Flop
Seat 6: 4db87f38 (big blind) folded before Flop
Seat 7: d221077b folded before Flop
Seat 8: b00acd9e folded before Flop


Poker Hand #TM5679924605: Tournament #268450696, Bounty Hunters Sunday Special $10.80 Hold'em No Limit - Level11(350/700(100)) - 2026/03/08 23:02:52
Table '93' 8-max Seat #3 is the button
Seat 1: 1df125af (10,166 in chips)
Seat 2: 4cacb776 (116,758 in chips)
Seat 3: b7fb09cb (80,368 in chips)
Seat 4: b8bae433 (20,138 in chips)
Seat 5: Hero (35,774 in chips)
Seat 6: 4db87f38 (68,007 in chips)
Seat 7: d221077b (43,311 in chips)
Seat 8: b00acd9e (29,001 in chips)
b7fb09cb: posts the ante 100
b00acd9e: posts the ante 100
d221077b: posts the ante 100
Hero: posts the ante 100
4cacb776: posts the ante 100
b8bae433: posts the ante 100
4db87f38: posts the ante 100
1df125af: posts the ante 100
b8bae433: posts small blind 350
Hero: posts big blind 700
*** HOLE CARDS ***
Dealt to 1df125af 
Dealt to 4cacb776 
Dealt to b7fb09cb 
Dealt to b8bae433 
Dealt to Hero [3c 5h]
Dealt to 4db87f38 
Dealt to d221077b 
Dealt to b00acd9e 
4db87f38: raises 700 to 1,400
d221077b: folds
b00acd9e: folds
1df125af: calls 1,400
4cacb776: raises 2,450 to 3,850
b7fb09cb: folds
b8bae433: folds
Hero: folds
4db87f38: calls 2,450
1df125af: calls 2,450
*** FLOP *** [8h 7s 9h]
4db87f38: checks
1df125af: checks
4cacb776: checks
*** TURN *** [8h 7s 9h] [Ks]
4db87f38: checks
1df125af: bets 6,216 and is all-in
4cacb776: folds
4db87f38: calls 6,216
1df125af: shows [Kh 8s] (two pair, Kings and Eights)
4db87f38: shows [7c 7h] (three of a kind, Sevens)
*** RIVER *** [8h 7s 9h Ks] [5s]
*** SHOWDOWN ***
4db87f38 collected 25,832 from pot
*** SUMMARY ***
Total pot 25,832 | Rake 0 | Jackpot 0 | Bingo 0 | Fortune 0 | Tax 0
Board [8h 7s 9h Ks 5s]
Seat 1: 1df125af showed [Kh 8s] and lost with two pair, Kings and Eights
Seat 2: 4cacb776 folded on the Turn
Seat 3: b7fb09cb (button) folded before Flop
Seat 4: b8bae433 (small blind) folded before Flop
Seat 5: Hero (big blind) folded before Flop
Seat 6: 4db87f38 showed [7c 7h] and won (25,832) with three of a kind, Sevens
Seat 7: d221077b folded before Flop
Seat 8: b00acd9e folded before Flop


Poker Hand #TM5679924540: Tournament #268450696, Bounty Hunters Sunday Special $10.80 Hold'em No Limit - Level11(350/700(100)) - 2026/03/08 22:54:11
Table '93' 8-max Seat #2 is the button
Seat 1: 1df125af (10,266 in chips)
Seat 2: 4cacb776 (107,891 in chips)
Seat 3: b7fb09cb (87,935 in chips)
Seat 4: b8bae433 (20,938 in chips)
Seat 5: Hero (35,874 in chips)
Seat 6: 4db87f38 (68,107 in chips)
Seat 7: d221077b (43,411 in chips)
Seat 8: b00acd9e (29,101 in chips)
b7fb09cb: posts the ante 100
b00acd9e: posts the ante 100
d221077b: posts the ante 100
Hero: posts the ante 100
4cacb776: posts the ante 100
b8bae433: posts the ante 100
4db87f38: posts the ante 100
1df125af: posts the ante 100
b7fb09cb: posts small blind 350
b8bae433: posts big blind 700
*** HOLE CARDS ***
Dealt to 1df125af 
Dealt to 4cacb776 
Dealt to b7fb09cb 
Dealt to b8bae433 
Dealt to Hero [9s 4h]
Dealt to 4db87f38 
Dealt to d221077b 
Dealt to b00acd9e 
Hero: folds
4db87f38: folds
d221077b: folds
b00acd9e: folds
1df125af: folds
4cacb776: raises 700 to 1,400
b7fb09cb: raises 2,800 to 4,200
b8bae433: folds
4cacb776: calls 2,800
*** FLOP *** [Td 2c 7h]
b7fb09cb: bets 3,267
4cacb776: calls 3,267
*** TURN *** [Td 2c 7h] [9c]
b7fb09cb: checks
4cacb776: bets 15,034
b7fb09cb: folds
Uncalled bet (15,034) returned to 4cacb776
*** SHOWDOWN ***
4cacb776 collected 16,434 from pot
*** SUMMARY ***
Total pot 16,434 | Rake 0 | Jackpot 0 | Bingo 0 | Fortune 0 | Tax 0
Board [Td 2c 7h 9c]
Seat 1: 1df125af folded before Flop
Seat 2: 4cacb776 (button) won (16,434)
Seat 3: b7fb09cb (small blind) folded on the Turn
Seat 4: b8bae433 (big blind) folded before Flop
Seat 5: Hero folded before Flop
Seat 6: 4db87f38 folded before Flop
Seat 7: d221077b folded before Flop
Seat 8: b00acd9e folded before Flop


Poker Hand #TM5679924503: Tournament #268450696, Bounty Hunters Sunday Special $10.80 Hold'em No Limit - Level11(350/700(100)) - 2026/03/08 22:52:58
Table '93' 8-max Seat #1 is the button
Seat 1: 1df125af (10,366 in chips)
Seat 2: 4cacb776 (108,341 in chips)
Seat 3: b7fb09cb (105,397 in chips)
Seat 4: b8bae433 (21,038 in chips)
Seat 5: Hero (17,462 in chips)
Seat 6: 4db87f38 (68,207 in chips)
Seat 7: d221077b (43,511 in chips)
Seat 8: b00acd9e (29,201 in chips)
b7fb09cb: posts the ante 100
b00acd9e: posts the ante 100
d221077b: posts the ante 100
Hero: posts the ante 100
4cacb776: posts the ante 100
b8bae433: posts the ante 100
4db87f38: posts the ante 100
1df125af: posts the ante 100
4cacb776: posts small blind 350
b7fb09cb: posts big blind 700
*** HOLE CARDS ***
Dealt to 1df125af 
Dealt to 4cacb776 
Dealt to b7fb09cb 
Dealt to b8bae433 
Dealt to Hero [9h Th]
Dealt to 4db87f38 
Dealt to d221077b 
Dealt to b00acd9e 
b8bae433: folds
Hero: raises 700 to 1,400
4db87f38: folds
d221077b: folds
b00acd9e: folds
1df125af: folds
4cacb776: folds
b7fb09cb: calls 700
*** FLOP *** [Td 3h 8d]
b7fb09cb: checks
Hero: bets 1,975
b7fb09cb: calls 1,975
*** TURN *** [Td 3h 8d] [Tc]
b7fb09cb: checks
Hero: bets 4,650
b7fb09cb: calls 4,650
*** RIVER *** [Td 3h 8d Tc] [Ks]
b7fb09cb: checks
Hero: bets 9,337 and is all-in
b7fb09cb: calls 9,337
Hero: shows [9h Th] (three of a kind, Tens)
b7fb09cb: shows [8h 9d] (two pair, Tens and Eights)
*** SHOWDOWN ***
Hero collected 35,874 from pot
*** SUMMARY ***
Total pot 35,874 | Rake 0 | Jackpot 0 | Bingo 0 | Fortune 0 | Tax 0
Board [Td 3h 8d Tc Ks]
Seat 1: 1df125af (button) folded before Flop
Seat 2: 4cacb776 (small blind) folded before Flop
Seat 3: b7fb09cb (big blind) showed [8h 9d] and lost with two pair, Tens and Eights
Seat 4: b8bae433 folded before Flop
Seat 5: Hero showed [9h Th] and won (35,874) with three of a kind, Tens
Seat 6: 4db87f38 folded before Flop
Seat 7: d221077b folded before Flop
Seat 8: b00acd9e folded before Flop


Poker Hand #TM5679924474: Tournament #268450696, Bounty Hunters Sunday Special $10.80 Hold'em No Limit - Level11(350/700(100)) - 2026/03/08 22:52:04
Table '93' 8-max Seat #8 is the button
Seat 1: 1df125af (10,816 in chips)
Seat 2: 4cacb776 (109,141 in chips)
Seat 3: b7fb09cb (105,497 in chips)
Seat 4: b8bae433 (21,138 in chips)
Seat 5: Hero (17,948 in chips)
Seat 6: 4db87f38 (86,155 in chips)
Seat 7: d221077b (43,611 in chips)
Seat 8: b00acd9e (9,217 in chips)
b7fb09cb: posts the ante 100
b00acd9e: posts the ante 100
d221077b: posts the ante 100
Hero: posts the ante 100
4cacb776: posts the ante 100
b8bae433: posts the ante 100
4db87f38: posts the ante 100
1df125af: posts the ante 100
1df125af: posts small blind 350
4cacb776: posts big blind 700
*** HOLE CARDS ***
Dealt to 1df125af 
Dealt to 4cacb776 
Dealt to b7fb09cb 
Dealt to b8bae433 
Dealt to Hero [5s 5h]
Dealt to 4db87f38 
Dealt to d221077b 
Dealt to b00acd9e 
b7fb09cb: folds
b8bae433: folds
Hero: raises 700 to 1,400
4db87f38: calls 1,400
d221077b: folds
b00acd9e: raises 3,500 to 4,900
1df125af: folds
4cacb776: folds
Hero: raises 12,948 to 17,848 and is all-in
4db87f38: calls 16,448
b00acd9e: calls 4,217 and is all-in
Hero: shows [5s 5h]
4db87f38: shows [4s 4h]
b00acd9e: shows [7d 7s]
*** FLOP *** [9s 8h 6s]
*** TURN *** [9s 8h 6s] [Ad]
*** RIVER *** [9s 8h 6s Ad] [2d]
*** SHOWDOWN ***
b00acd9e collected 29,201 from pot
Hero collected 17,462 from pot
*** SUMMARY ***
Total pot 46,663 | Rake 0 | Jackpot 0 | Bingo 0 | Fortune 0 | Tax 0
Board [9s 8h 6s Ad 2d]
Seat 1: 1df125af (small blind) folded before Flop
Seat 2: 4cacb776 (big blind) folded before Flop
Seat 3: b7fb09cb folded before Flop
Seat 4: b8bae433 folded before Flop
Seat 5: Hero showed [5s 5h] and won (17,462) with a pair of Fives
Seat 6: 4db87f38 showed [4s 4h] and lost with a pair of Fours
Seat 7: d221077b folded before Flop
Seat 8: b00acd9e (button) showed [7d 7s] and won (29,201) with a pair of Sevens


Poker Hand #TM5679924455: Tournament #268450696, Bounty Hunters Sunday Special $10.80 Hold'em No Limit - Level11(350/700(100)) - 2026/03/08 22:51:30
Table '93' 8-max Seat #7 is the button
Seat 1: 1df125af (11,616 in chips)
Seat 2: 4cacb776 (109,241 in chips)
Seat 3: b7fb09cb (105,597 in chips)
Seat 4: b8bae433 (21,238 in chips)
Seat 5: Hero (18,048 in chips)
Seat 6: 4db87f38 (87,655 in chips)
Seat 7: d221077b (40,461 in chips)
Seat 8: b00acd9e (9,667 in chips)
b7fb09cb: posts the ante 100
d221077b: posts the ante 100
Hero: posts the ante 100
b00acd9e: posts the ante 100
4cacb776: posts the ante 100
b8bae433: posts the ante 100
4db87f38: posts the ante 100
1df125af: posts the ante 100
b00acd9e: posts small blind 350
1df125af: posts big blind 700
*** HOLE CARDS ***
Dealt to 1df125af 
Dealt to 4cacb776 
Dealt to b7fb09cb 
Dealt to b8bae433 
Dealt to Hero [9d 7s]
Dealt to 4db87f38 
Dealt to d221077b 
Dealt to b00acd9e 
4cacb776: folds
b7fb09cb: folds
b8bae433: folds
Hero: folds
4db87f38: raises 700 to 1,400
d221077b: raises 2,651 to 4,051
b00acd9e: folds
1df125af: folds
4db87f38: folds
Uncalled bet (2,651) returned to d221077b
*** SHOWDOWN ***
d221077b collected 4,650 from pot
*** SUMMARY ***
Total pot 4,650 | Rake 0 | Jackpot 0 | Bingo 0 | Fortune 0 | Tax 0
Seat 1: 1df125af (big blind) folded before Flop
Seat 2: 4cacb776 folded before Flop
Seat 3: b7fb09cb folded before Flop
Seat 4: b8bae433 folded before Flop
Seat 5: Hero folded before Flop
Seat 6: 4db87f38 folded before Flop
Seat 7: d221077b (button) collected (4,650)
Seat 8: b00acd9e (small blind) folded before Flop


Poker Hand #TM5679924434: Tournament #268450696, Bounty Hunters Sunday Special $10.80 Hold'em No Limit - Level11(350/700(100)) - 2026/03/08 22:50:55
Table '93' 8-max Seat #5 is the button
Seat 1: 1df125af (9,966 in chips)
Seat 2: 4cacb776 (109,341 in chips)
Seat 3: b7fb09cb (105,697 in chips)
Seat 4: b8bae433 (21,338 in chips)
Seat 5: Hero (18,148 in chips)
Seat 7: d221077b (40,911 in chips)
Seat 8: b00acd9e (10,467 in chips)
b7fb09cb: posts the ante 100
Hero: posts the ante 100
b00acd9e: posts the ante 100
d221077b: posts the ante 100
4cacb776: posts the ante 100
b8bae433: posts the ante 100
1df125af: posts the ante 100
d221077b: posts small blind 350
b00acd9e: posts big blind 700
*** HOLE CARDS ***
Dealt to 1df125af 
Dealt to 4cacb776 
Dealt to b7fb09cb 
Dealt to b8bae433 
Dealt to Hero [2d Qh]
Dealt to d221077b 
Dealt to b00acd9e 
1df125af: raises 700 to 1,400
4cacb776: folds
b7fb09cb: folds
b8bae433: folds
Hero: folds
d221077b: folds
b00acd9e: folds
Uncalled bet (700) returned to 1df125af
*** SHOWDOWN ***
1df125af collected 2,450 from pot
*** SUMMARY ***
Total pot 2,450 | Rake 0 | Jackpot 0 | Bingo 0 | Fortune 0 | Tax 0
Seat 1: 1df125af collected (2,450)
Seat 2: 4cacb776 folded before Flop
Seat 3: b7fb09cb folded before Flop
Seat 4: b8bae433 folded before Flop
Seat 5: Hero (button) folded before Flop
Seat 7: d221077b (small blind) folded before Flop
Seat 8: b00acd9e (big blind) folded before Flop


Poker Hand #TM5679924360: Tournament #268450696, Bounty Hunters Sunday Special $10.80 Hold'em No Limit - Level11(350/700(100)) - 2026/03/08 22:48:40
Table '93' 8-max Seat #4 is the button
Seat 1: 1df125af (10,066 in chips)
Seat 2: 4cacb776 (70,977 in chips)
Seat 3: b7fb09cb (107,197 in chips)
Seat 4: b8bae433 (21,438 in chips)
Seat 5: Hero (18,598 in chips)
Seat 6: 72fe2041 (36,014 in chips)
Seat 7: d221077b (41,011 in chips)
Seat 8: b00acd9e (10,567 in chips)
b7fb09cb: posts the ante 100
b00acd9e: posts the ante 100
d221077b: posts the ante 100
Hero: posts the ante 100
4cacb776: posts the ante 100
b8bae433: posts the ante 100
72fe2041: posts the ante 100
1df125af: posts the ante 100
Hero: posts small blind 350
72fe2041: posts big blind 700
*** HOLE CARDS ***
Dealt to 1df125af 
Dealt to 4cacb776 
Dealt to b7fb09cb 
Dealt to b8bae433 
Dealt to Hero [Qh 4c]
Dealt to 72fe2041 
Dealt to d221077b 
Dealt to b00acd9e 
d221077b: folds
b00acd9e: folds
1df125af: folds
4cacb776: raises 700 to 1,400
b7fb09cb: calls 1,400
b8bae433: folds
Hero: folds
72fe2041: calls 700
*** FLOP *** [9s 9h 6d]
72fe2041: checks
4cacb776: bets 1,659
b7fb09cb: folds
72fe2041: raises 4,401 to 6,060
4cacb776: calls 4,401
*** TURN *** [9s 9h 6d] [Jc]
72fe2041: checks
4cacb776: bets 5,066
72fe2041: calls 5,066
*** RIVER *** [9s 9h 6d Jc] [5h]
72fe2041: bets 23,388 and is all-in
4cacb776: calls 23,388
72fe2041: shows [Kc 6c] (two pair, Nines and Sixes)
4cacb776: shows [9c Jd] (a full house, Nines full of Jacks)
*** SHOWDOWN ***
4cacb776 collected 74,378 from pot
*** SUMMARY ***
Total pot 74,378 | Rake 0 | Jackpot 0 | Bingo 0 | Fortune 0 | Tax 0
Board [9s 9h 6d Jc 5h]
Seat 1: 1df125af folded before Flop
Seat 2: 4cacb776 showed [9c Jd] and won (74,378) with a full house, Nines full of Jacks
Seat 3: b7fb09cb folded on the Flop
Seat 4: b8bae433 (button) folded before Flop
Seat 5: Hero (small blind) folded before Flop
Seat 6: 72fe2041 (big blind) showed [Kc 6c] and lost with two pair, Nines and Sixes
Seat 7: d221077b folded before Flop
Seat 8: b00acd9e folded before Flop


Poker Hand #TM5679924328: Tournament #268450696, Bounty Hunters Sunday Special $10.80 Hold'em No Limit - Level11(350/700(100)) - 2026/03/08 22:47:42
Table '93' 8-max Seat #3 is the button
Seat 1: 1df125af (10,166 in chips)
Seat 2: 4cacb776 (71,077 in chips)
Seat 3: b7fb09cb (107,297 in chips)
Seat 4: b8bae433 (21,888 in chips)
Seat 5: Hero (17,548 in chips)
Seat 6: 72fe2041 (36,114 in chips)
Seat 7: d221077b (41,111 in chips)
Seat 8: b00acd9e (10,667 in chips)
b7fb09cb: posts the ante 100
b00acd9e: posts the ante 100
d221077b: posts the ante 100
Hero: posts the ante 100
4cacb776: posts the ante 100
b8bae433: posts the ante 100
72fe2041: posts the ante 100
1df125af: posts the ante 100
b8bae433: posts small blind 350
Hero: posts big blind 700
*** HOLE CARDS ***
Dealt to 1df125af 
Dealt to 4cacb776 
Dealt to b7fb09cb 
Dealt to b8bae433 
Dealt to Hero [7h 8d]
Dealt to 72fe2041 
Dealt to d221077b 
Dealt to b00acd9e 
72fe2041: folds
d221077b: folds
b00acd9e: folds
1df125af: folds
4cacb776: folds
b7fb09cb: folds
b8bae433: folds
Uncalled bet (350) returned to Hero
*** SHOWDOWN ***
Hero collected 1,500 from pot
*** SUMMARY ***
Total pot 1,500 | Rake 0 | Jackpot 0 | Bingo 0 | Fortune 0 | Tax 0
Seat 1: 1df125af folded before Flop
Seat 2: 4cacb776 folded before Flop
Seat 3: b7fb09cb (button) folded before Flop
Seat 4: b8bae433 (small blind) folded before Flop
Seat 5: Hero (big blind) collected (1,500)
Seat 6: 72fe2041 folded before Flop
Seat 7: d221077b folded before Flop
Seat 8: b00acd9e folded before Flop


Poker Hand #TM5679924296: Tournament #268450696, Bounty Hunters Sunday Special $10.80 Hold'em No Limit - Level11(350/700(100)) - 2026/03/08 22:46:52
Table '93' 8-max Seat #2 is the button
Seat 1: 1df125af (8,416 in chips)
Seat 2: 4cacb776 (71,177 in chips)
Seat 3: b7fb09cb (107,747 in chips)
Seat 4: b8bae433 (22,688 in chips)
Seat 5: Hero (17,648 in chips)
Seat 6: 72fe2041 (36,214 in chips)
Seat 7: d221077b (41,211 in chips)
Seat 8: b00acd9e (10,767 in chips)
b7fb09cb: posts the ante 100
b00acd9e: posts the ante 100
d221077b: posts the ante 100
Hero: posts the ante 100
4cacb776: posts the ante 100
b8bae433: posts the ante 100
72fe2041: posts the ante 100
1df125af: posts the ante 100
b7fb09cb: posts small blind 350
b8bae433: posts big blind 700
*** HOLE CARDS ***
Dealt to 1df125af 
Dealt to 4cacb776 
Dealt to b7fb09cb 
Dealt to b8bae433 
Dealt to Hero [3s 5d]
Dealt to 72fe2041 
Dealt to d221077b 
Dealt to b00acd9e 
Hero: folds
72fe2041: folds
d221077b: folds
b00acd9e: folds
1df125af: raises 1,400 to 2,100
4cacb776: folds
b7fb09cb: folds
b8bae433: folds
Uncalled bet (1,400) returned to 1df125af
*** SHOWDOWN ***
1df125af collected 2,550 from pot
*** SUMMARY ***
Total pot 2,550 | Rake 0 | Jackpot 0 | Bingo 0 | Fortune 0 | Tax 0
Seat 1: 1df125af collected (2,550)
Seat 2: 4cacb776 (button) folded before Flop
Seat 3: b7fb09cb (small blind) folded before Flop
Seat 4: b8bae433 (big blind) folded before Flop
Seat 5: Hero folded before Flop
Seat 6: 72fe2041 folded before Flop
Seat 7: d221077b folded before Flop
Seat 8: b00acd9e folded before Flop


Poker Hand #TM5679924256: Tournament #268450696, Bounty Hunters Sunday Special $10.80 Hold'em No Limit - Level11(350/700(100)) - 2026/03/08 22:45:44
Table '93' 8-max Seat #8 is the button
Seat 1: fefd3716 (5,401 in chips)
Seat 2: 4cacb776 (65,176 in chips)
Seat 3: b7fb09cb (107,847 in chips)
Seat 4: b8bae433 (22,788 in chips)
Seat 5: Hero (17,748 in chips)
Seat 6: 72fe2041 (36,314 in chips)
Seat 7: d221077b (41,311 in chips)
Seat 8: b00acd9e (10,867 in chips)
b7fb09cb: posts the ante 100
fefd3716: posts the ante 100
b00acd9e: posts the ante 100
d221077b: posts the ante 100
Hero: posts the ante 100
4cacb776: posts the ante 100
b8bae433: posts the ante 100
72fe2041: posts the ante 100
fefd3716: posts small blind 350
4cacb776: posts big blind 700
*** HOLE CARDS ***
Dealt to fefd3716 
Dealt to 4cacb776 
Dealt to b7fb09cb 
Dealt to b8bae433 
Dealt to Hero [5h 2c]
Dealt to 72fe2041 
Dealt to d221077b 
Dealt to b00acd9e 
b7fb09cb: folds
b8bae433: folds
Hero: folds
72fe2041: folds
d221077b: folds
b00acd9e: folds
fefd3716: raises 4,601 to 5,301 and is all-in
4cacb776: calls 4,601
fefd3716: shows [6d 5d]
4cacb776: shows [Kh 4c]
*** FLOP *** [9h 4s Ts]
*** TURN *** [9h 4s Ts] [Td]
*** RIVER *** [9h 4s Ts Td] [8h]
*** SHOWDOWN ***
4cacb776 collected 11,402 from pot
*** SUMMARY ***
Total pot 11,402 | Rake 0 | Jackpot 0 | Bingo 0 | Fortune 0 | Tax 0
Board [9h 4s Ts Td 8h]
Seat 1: fefd3716 (small blind) showed [6d 5d] and lost with a pair of Tens
Seat 2: 4cacb776 (big blind) showed [Kh 4c] and won (11,402) with two pair, Tens and Fours
Seat 3: b7fb09cb folded before Flop
Seat 4: b8bae433 folded before Flop
Seat 5: Hero folded before Flop
Seat 6: 72fe2041 folded before Flop
Seat 7: d221077b folded before Flop
Seat 8: b00acd9e (button) folded before Flop


Poker Hand #TM5679924223: Tournament #268450696, Bounty Hunters Sunday Special $10.80 Hold'em No Limit - Level11(350/700(100)) - 2026/03/08 22:44:38
Table '93' 8-max Seat #7 is the button
Seat 1: fefd3716 (6,901 in chips)
Seat 2: 4cacb776 (68,426 in chips)
Seat 3: b7fb09cb (107,947 in chips)
Seat 4: b8bae433 (22,888 in chips)
Seat 5: Hero (17,848 in chips)
Seat 6: 72fe2041 (30,714 in chips)
Seat 7: d221077b (41,411 in chips)
Seat 8: b00acd9e (11,317 in chips)
b7fb09cb: posts the ante 100
fefd3716: posts the ante 100
d221077b: posts the ante 100
Hero: posts the ante 100
b00acd9e: posts the ante 100
4cacb776: posts the ante 100
b8bae433: posts the ante 100
72fe2041: posts the ante 100
b00acd9e: posts small blind 350
fefd3716: posts big blind 700
*** HOLE CARDS ***
Dealt to fefd3716 
Dealt to 4cacb776 
Dealt to b7fb09cb 
Dealt to b8bae433 
Dealt to Hero [Jd Qd]
Dealt to 72fe2041 
Dealt to d221077b 
Dealt to b00acd9e 
4cacb776: raises 700 to 1,400
b7fb09cb: folds
b8bae433: folds
Hero: folds
72fe2041: calls 1,400
d221077b: folds
b00acd9e: folds
fefd3716: calls 700
*** FLOP *** [4h Ah Jc]
fefd3716: checks
4cacb776: checks
72fe2041: checks
*** TURN *** [4h Ah Jc] [Kd]
fefd3716: checks
4cacb776: bets 1,750
72fe2041: calls 1,750
fefd3716: folds
*** RIVER *** [4h Ah Jc Kd] [2h]
4cacb776: checks
72fe2041: checks
4cacb776: shows [As 8s] (a pair of Aces)
72fe2041: shows [Ac 9c] (a pair of Aces)
*** SHOWDOWN ***
72fe2041 collected 8,850 from pot
*** SUMMARY ***
Total pot 8,850 | Rake 0 | Jackpot 0 | Bingo 0 | Fortune 0 | Tax 0
Board [4h Ah Jc Kd 2h]
Seat 1: fefd3716 (big blind) folded on the Turn
Seat 2: 4cacb776 showed [As 8s] and lost with a pair of Aces
Seat 3: b7fb09cb folded before Flop
Seat 4: b8bae433 folded before Flop
Seat 5: Hero folded before Flop
Seat 6: 72fe2041 showed [Ac 9c] and won (8,850) with a pair of Aces
Seat 7: d221077b (button) folded before Flop
Seat 8: b00acd9e (small blind) folded before Flop


Poker Hand #TM5679924191: Tournament #268450696, Bounty Hunters Sunday Special $10.80 Hold'em No Limit - Level10(300/600(90)) - 2026/03/08 22:43:46
Table '93' 8-max Seat #6 is the button
Seat 1: fefd3716 (9,730 in chips)
Seat 2: 4cacb776 (68,516 in chips)
Seat 3: b7fb09cb (108,037 in chips)
Seat 4: b8bae433 (22,978 in chips)
Seat 5: Hero (17,938 in chips)
Seat 6: 72fe2041 (30,804 in chips)
Seat 7: d221077b (41,801 in chips)
Seat 8: b00acd9e (7,648 in chips)
b7fb09cb: posts the ante 90
fefd3716: posts the ante 90
Hero: posts the ante 90
b00acd9e: posts the ante 90
d221077b: posts the ante 90
4cacb776: posts the ante 90
b8bae433: posts the ante 90
72fe2041: posts the ante 90
d221077b: posts small blind 300
b00acd9e: posts big blind 600
*** HOLE CARDS ***
Dealt to fefd3716 
Dealt to 4cacb776 
Dealt to b7fb09cb 
Dealt to b8bae433 
Dealt to Hero [Qd 7c]
Dealt to 72fe2041 
Dealt to d221077b 
Dealt to b00acd9e 
fefd3716: raises 600 to 1,200
4cacb776: folds
b7fb09cb: folds
b8bae433: folds
Hero: folds
72fe2041: folds
d221077b: folds
b00acd9e: calls 600
*** FLOP *** [6h 4d Jh]
b00acd9e: checks
fefd3716: checks
*** TURN *** [6h 4d Jh] [Qs]
b00acd9e: bets 1,539
fefd3716: calls 1,539
*** RIVER *** [6h 4d Jh Qs] [2h]
b00acd9e: bets 4,819 and is all-in
fefd3716: folds
Uncalled bet (4,819) returned to b00acd9e
*** SHOWDOWN ***
b00acd9e collected 6,498 from pot
*** SUMMARY ***
Total pot 6,498 | Rake 0 | Jackpot 0 | Bingo 0 | Fortune 0 | Tax 0
Board [6h 4d Jh Qs 2h]
Seat 1: fefd3716 folded on the River
Seat 2: 4cacb776 folded before Flop
Seat 3: b7fb09cb folded before Flop
Seat 4: b8bae433 folded before Flop
Seat 5: Hero folded before Flop
Seat 6: 72fe2041 (button) folded before Flop
Seat 7: d221077b (small blind) folded before Flop
Seat 8: b00acd9e (big blind) won (6,498)


Poker Hand #TM5679924155: Tournament #268450696, Bounty Hunters Sunday Special $10.80 Hold'em No Limit - Level10(300/600(90)) - 2026/03/08 22:42:50
Table '93' 8-max Seat #5 is the button
Seat 1: fefd3716 (9,820 in chips)
Seat 2: 4cacb776 (68,606 in chips)
Seat 3: b7fb09cb (108,127 in chips)
Seat 4: b8bae433 (23,068 in chips)
Seat 5: Hero (18,028 in chips)
Seat 6: 72fe2041 (24,174 in chips)
Seat 7: d221077b (42,491 in chips)
Seat 8: b00acd9e (13,138 in chips)
b7fb09cb: posts the ante 90
fefd3716: posts the ante 90
Hero: posts the ante 90
b00acd9e: posts the ante 90
d221077b: posts the ante 90
4cacb776: posts the ante 90
b8bae433: posts the ante 90
72fe2041: posts the ante 90
72fe2041: posts small blind 300
d221077b: posts big blind 600
*** HOLE CARDS ***
Dealt to fefd3716 
Dealt to 4cacb776 
Dealt to b7fb09cb 
Dealt to b8bae433 
Dealt to Hero [7c 2s]
Dealt to 72fe2041 
Dealt to d221077b 
Dealt to b00acd9e 
b00acd9e: raises 4,800 to 5,400
fefd3716: folds
4cacb776: folds
b7fb09cb: folds
b8bae433: folds
Hero: folds
72fe2041: raises 18,684 to 24,084 and is all-in
d221077b: folds
b00acd9e: folds
Uncalled bet (18,684) returned to 72fe2041
*** SHOWDOWN ***
72fe2041 collected 12,120 from pot
*** SUMMARY ***
Total pot 12,120 | Rake 0 | Jackpot 0 | Bingo 0 | Fortune 0 | Tax 0
Seat 1: fefd3716 folded before Flop
Seat 2: 4cacb776 folded before Flop
Seat 3: b7fb09cb folded before Flop
Seat 4: b8bae433 folded before Flop
Seat 5: Hero (button) folded before Flop
Seat 6: 72fe2041 (small blind) collected (12,120)
Seat 7: d221077b (big blind) folded before Flop
Seat 8: b00acd9e folded before Flop


Poker Hand #TM5679924131: Tournament #268450696, Bounty Hunters Sunday Special $10.80 Hold'em No Limit - Level10(300/600(90)) - 2026/03/08 22:42:05
Table '93' 8-max Seat #4 is the button
Seat 1: fefd3716 (9,910 in chips)
Seat 2: 4cacb776 (68,696 in chips)
Seat 3: b7fb09cb (108,217 in chips)
Seat 4: b8bae433 (23,158 in chips)
Seat 5: Hero (18,418 in chips)
Seat 6: 72fe2041 (25,644 in chips)
Seat 7: d221077b (42,581 in chips)
Seat 8: b00acd9e (10,828 in chips)
b7fb09cb: posts the ante 90
fefd3716: posts the ante 90
b00acd9e: posts the ante 90
d221077b: posts the ante 90
Hero: posts the ante 90
4cacb776: posts the ante 90
b8bae433: posts the ante 90
72fe2041: posts the ante 90
Hero: posts small blind 300
72fe2041: posts big blind 600
*** HOLE CARDS ***
Dealt to fefd3716 
Dealt to 4cacb776 
Dealt to b7fb09cb 
Dealt to b8bae433 
Dealt to Hero [Kc 2s]
Dealt to 72fe2041 
Dealt to d221077b 
Dealt to b00acd9e 
d221077b: folds
b00acd9e: raises 780 to 1,380
fefd3716: folds
4cacb776: folds
b7fb09cb: folds
b8bae433: folds
Hero: folds
72fe2041: calls 780
*** FLOP *** [Ks Qh 4h]
72fe2041: checks
b00acd9e: bets 1,701
72fe2041: folds
Uncalled bet (1,701) returned to b00acd9e
*** SHOWDOWN ***
b00acd9e collected 3,780 from pot
*** SUMMARY ***
Total pot 3,780 | Rake 0 | Jackpot 0 | Bingo 0 | Fortune 0 | Tax 0
Board [Ks Qh 4h]
Seat 1: fefd3716 folded before Flop
Seat 2: 4cacb776 folded before Flop
Seat 3: b7fb09cb folded before Flop
Seat 4: b8bae433 (button) folded before Flop
Seat 5: Hero (small blind) folded before Flop
Seat 6: 72fe2041 (big blind) folded on the Flop
Seat 7: d221077b folded before Flop
Seat 8: b00acd9e won (3,780)


Poker Hand #TM5679924098: Tournament #268450696, Bounty Hunters Sunday Special $10.80 Hold'em No Limit - Level10(300/600(90)) - 2026/03/08 22:41:12
Table '93' 8-max Seat #3 is the button
Seat 1: fefd3716 (10,000 in chips)
Seat 2: 4cacb776 (68,786 in chips)
Seat 3: b7fb09cb (108,307 in chips)
Seat 4: b8bae433 (20,241 in chips)
Seat 5: Hero (20,795 in chips)
Seat 6: 72fe2041 (25,734 in chips)
Seat 7: d221077b (42,671 in chips)
Seat 8: b00acd9e (10,918 in chips)
b7fb09cb: posts the ante 90
fefd3716: posts the ante 90
b00acd9e: posts the ante 90
d221077b: posts the ante 90
Hero: posts the ante 90
4cacb776: posts the ante 90
b8bae433: posts the ante 90
72fe2041: posts the ante 90
b8bae433: posts small blind 300
Hero: posts big blind 600
*** HOLE CARDS ***
Dealt to fefd3716 
Dealt to 4cacb776 
Dealt to b7fb09cb 
Dealt to b8bae433 
Dealt to Hero [8h Ac]
Dealt to 72fe2041 
Dealt to d221077b 
Dealt to b00acd9e 
72fe2041: folds
d221077b: folds
b00acd9e: folds
fefd3716: folds
4cacb776: folds
b7fb09cb: folds
b8bae433: calls 300
Hero: checks
*** FLOP *** [4s Td 9h]
b8bae433: checks
Hero: checks
*** TURN *** [4s Td 9h] [9s]
b8bae433: bets 634
Hero: calls 634
*** RIVER *** [4s Td 9h 9s] [Tc]
b8bae433: bets 1,053
Hero: calls 1,053
b8bae433: shows [7s 9d] (a full house, Nines full of Tens)
Hero: shows [8h Ac] (two pair, Tens and Nines)
*** SHOWDOWN ***
b8bae433 collected 5,294 from pot
*** SUMMARY ***
Total pot 5,294 | Rake 0 | Jackpot 0 | Bingo 0 | Fortune 0 | Tax 0
Board [4s Td 9h 9s Tc]
Seat 1: fefd3716 folded before Flop
Seat 2: 4cacb776 folded before Flop
Seat 3: b7fb09cb (button) folded before Flop
Seat 4: b8bae433 (small blind) showed [7s 9d] and won (5,294) with a full house, Nines full of Tens
Seat 5: Hero (big blind) showed [8h Ac] and lost with two pair, Tens and Nines
Seat 6: 72fe2041 folded before Flop
Seat 7: d221077b folded before Flop
Seat 8: b00acd9e folded before Flop


Poker Hand #TM5679924055: Tournament #268450696, Bounty Hunters Sunday Special $10.80 Hold'em No Limit - Level10(300/600(90)) - 2026/03/08 22:39:48
Table '93' 8-max Seat #2 is the button
Seat 2: 4cacb776 (65,713 in chips)
Seat 3: b7fb09cb (108,697 in chips)
Seat 4: b8bae433 (22,564 in chips)
Seat 5: Hero (20,885 in chips)
Seat 6: 72fe2041 (25,824 in chips)
Seat 7: d221077b (42,761 in chips)
Seat 8: b00acd9e (11,008 in chips)
b7fb09cb: posts the ante 90
b00acd9e: posts the ante 90
d221077b: posts the ante 90
Hero: posts the ante 90
4cacb776: posts the ante 90
b8bae433: posts the ante 90
72fe2041: posts the ante 90
b7fb09cb: posts small blind 300
b8bae433: posts big blind 600
*** HOLE CARDS ***
Dealt to 4cacb776 
Dealt to b7fb09cb 
Dealt to b8bae433 
Dealt to Hero [9h Kc]
Dealt to 72fe2041 
Dealt to d221077b 
Dealt to b00acd9e 
Hero: folds
72fe2041: folds
d221077b: folds
b00acd9e: folds
4cacb776: raises 600 to 1,200
b7fb09cb: folds
b8bae433: calls 600
*** FLOP *** [As 2d 6s]
b8bae433: checks
4cacb776: bets 1,033
b8bae433: calls 1,033
*** TURN *** [As 2d 6s] [Jh]
b8bae433: checks
4cacb776: checks
*** RIVER *** [As 2d 6s Jh] [7c]
b8bae433: checks
4cacb776: bets 2,273
b8bae433: folds
Uncalled bet (2,273) returned to 4cacb776
*** SHOWDOWN ***
4cacb776 collected 5,396 from pot
*** SUMMARY ***
Total pot 5,396 | Rake 0 | Jackpot 0 | Bingo 0 | Fortune 0 | Tax 0
Board [As 2d 6s Jh 7c]
Seat 2: 4cacb776 (button) won (5,396)
Seat 3: b7fb09cb (small blind) folded before Flop
Seat 4: b8bae433 (big blind) folded on the River
Seat 5: Hero folded before Flop
Seat 6: 72fe2041 folded before Flop
Seat 7: d221077b folded before Flop
Seat 8: b00acd9e folded before Flop


Poker Hand #TM5679924026: Tournament #268450696, Bounty Hunters Sunday Special $10.80 Hold'em No Limit - Level10(300/600(90)) - 2026/03/08 22:38:56
Table '93' 8-max Seat #8 is the button
Seat 1: 7fa7b8c6 (19,820 in chips)
Seat 2: 4cacb776 (66,403 in chips)
Seat 3: b7fb09cb (108,787 in chips)
Seat 4: b8bae433 (22,654 in chips)
Seat 5: Hero (20,975 in chips)
Seat 6: 72fe2041 (25,914 in chips)
Seat 7: d221077b (21,801 in chips)
Seat 8: b00acd9e (11,098 in chips)
b7fb09cb: posts the ante 90
b00acd9e: posts the ante 90
d221077b: posts the ante 90
Hero: posts the ante 90
7fa7b8c6: posts the ante 90
4cacb776: posts the ante 90
b8bae433: posts the ante 90
72fe2041: posts the ante 90
7fa7b8c6: posts small blind 300
4cacb776: posts big blind 600
*** HOLE CARDS ***
Dealt to 7fa7b8c6 
Dealt to 4cacb776 
Dealt to b7fb09cb 
Dealt to b8bae433 
Dealt to Hero [8c Qs]
Dealt to 72fe2041 
Dealt to d221077b 
Dealt to b00acd9e 
b7fb09cb: folds
b8bae433: folds
Hero: folds
72fe2041: folds
d221077b: raises 720 to 1,320
b00acd9e: folds
7fa7b8c6: raises 18,410 to 19,730 and is all-in
4cacb776: folds
d221077b: calls 18,410
7fa7b8c6: shows [Tc Ah]
d221077b: shows [Kd Ks]
*** FLOP *** [8d 6s 3d]
*** TURN *** [8d 6s 3d] [Ad]
*** RIVER *** [8d 6s 3d Ad] [Kh]
*** SHOWDOWN ***
d221077b collected 40,780 from pot
*** SUMMARY ***
Total pot 40,780 | Rake 0 | Jackpot 0 | Bingo 0 | Fortune 0 | Tax 0
Board [8d 6s 3d Ad Kh]
Seat 1: 7fa7b8c6 (small blind) showed [Tc Ah] and lost with a pair of Aces
Seat 2: 4cacb776 (big blind) folded before Flop
Seat 3: b7fb09cb folded before Flop
Seat 4: b8bae433 folded before Flop
Seat 5: Hero folded before Flop
Seat 6: 72fe2041 folded before Flop
Seat 7: d221077b showed [Kd Ks] and won (40,780) with three of a kind, Kings
Seat 8: b00acd9e (button) folded before Flop


Poker Hand #TM5679923983: Tournament #268450696, Bounty Hunters Sunday Special $10.80 Hold'em No Limit - Level10(300/600(90)) - 2026/03/08 22:37:45
Table '93' 8-max Seat #7 is the button
Seat 1: 7fa7b8c6 (9,640 in chips)
Seat 2: 4cacb776 (66,493 in chips)
Seat 3: b7fb09cb (108,877 in chips)
Seat 4: b8bae433 (22,744 in chips)
Seat 5: Hero (21,065 in chips)
Seat 6: 72fe2041 (26,004 in chips)
Seat 7: d221077b (21,891 in chips)
Seat 8: b00acd9e (20,738 in chips)
b7fb09cb: posts the ante 90
d221077b: posts the ante 90
Hero: posts the ante 90
7fa7b8c6: posts the ante 90
b00acd9e: posts the ante 90
4cacb776: posts the ante 90
b8bae433: posts the ante 90
72fe2041: posts the ante 90
b00acd9e: posts small blind 300
7fa7b8c6: posts big blind 600
*** HOLE CARDS ***
Dealt to 7fa7b8c6 
Dealt to 4cacb776 
Dealt to b7fb09cb 
Dealt to b8bae433 
Dealt to Hero [Tc 6h]
Dealt to 72fe2041 
Dealt to d221077b 
Dealt to b00acd9e 
4cacb776: folds
b7fb09cb: folds
b8bae433: folds
Hero: folds
72fe2041: folds
d221077b: folds
b00acd9e: raises 20,048 to 20,648 and is all-in
7fa7b8c6: calls 8,950 and is all-in
Uncalled bet (11,098) returned to b00acd9e
b00acd9e: shows [Jc Th]
7fa7b8c6: shows [Kd 7h]
*** FLOP *** [6d 7c 6c]
*** TURN *** [6d 7c 6c] [4d]
*** RIVER *** [6d 7c 6c 4d] [3s]
*** SHOWDOWN ***
7fa7b8c6 collected 19,820 from pot
*** SUMMARY ***
Total pot 19,820 | Rake 0 | Jackpot 0 | Bingo 0 | Fortune 0 | Tax 0
Board [6d 7c 6c 4d 3s]
Seat 1: 7fa7b8c6 (big blind) showed [Kd 7h] and won (19,820) with two pair, Sevens and Sixes
Seat 2: 4cacb776 folded before Flop
Seat 3: b7fb09cb folded before Flop
Seat 4: b8bae433 folded before Flop
Seat 5: Hero folded before Flop
Seat 6: 72fe2041 folded before Flop
Seat 7: d221077b (button) folded before Flop
Seat 8: b00acd9e (small blind) showed [Jc Th] and lost with a pair of Sixes


Poker Hand #TM5679923940: Tournament #268450696, Bounty Hunters Sunday Special $10.80 Hold'em No Limit - Level10(300/600(90)) - 2026/03/08 22:36:07
Table '93' 8-max Seat #6 is the button
Seat 1: 7fa7b8c6 (9,730 in chips)
Seat 2: 4cacb776 (62,516 in chips)
Seat 3: b7fb09cb (108,967 in chips)
Seat 4: b8bae433 (25,281 in chips)
Seat 5: Hero (21,155 in chips)
Seat 6: 72fe2041 (26,094 in chips)
Seat 7: d221077b (22,281 in chips)
Seat 8: b00acd9e (21,428 in chips)
b7fb09cb: posts the ante 90
Hero: posts the ante 90
7fa7b8c6: posts the ante 90
b00acd9e: posts the ante 90
d221077b: posts the ante 90
4cacb776: posts the ante 90
b8bae433: posts the ante 90
72fe2041: posts the ante 90
d221077b: posts small blind 300
b00acd9e: posts big blind 600
*** HOLE CARDS ***
Dealt to 7fa7b8c6 
Dealt to 4cacb776 
Dealt to b7fb09cb 
Dealt to b8bae433 
Dealt to Hero [6h 4d]
Dealt to 72fe2041 
Dealt to d221077b 
Dealt to b00acd9e 
7fa7b8c6: folds
4cacb776: raises 600 to 1,200
b7fb09cb: folds
b8bae433: calls 1,200
Hero: folds
72fe2041: folds
d221077b: folds
b00acd9e: folds
*** FLOP *** [4s 3s Jc]
4cacb776: bets 1,247
b8bae433: calls 1,247
*** TURN *** [4s 3s Jc] [As]
4cacb776: checks
b8bae433: checks
*** RIVER *** [4s 3s Jc As] [Tc]
4cacb776: bets 5,147
b8bae433: folds
Uncalled bet (5,147) returned to 4cacb776
*** SHOWDOWN ***
4cacb776 collected 6,514 from pot
*** SUMMARY ***
Total pot 6,514 | Rake 0 | Jackpot 0 | Bingo 0 | Fortune 0 | Tax 0
Board [4s 3s Jc As Tc]
Seat 1: 7fa7b8c6 folded before Flop
Seat 2: 4cacb776 won (6,514)
Seat 3: b7fb09cb folded before Flop
Seat 4: b8bae433 folded on the River
Seat 5: Hero folded before Flop
Seat 6: 72fe2041 (button) folded before Flop
Seat 7: d221077b (small blind) folded before Flop
Seat 8: b00acd9e (big blind) folded before Flop


Poker Hand #TM5679923920: Tournament #268450696, Bounty Hunters Sunday Special $10.80 Hold'em No Limit - Level10(300/600(90)) - 2026/03/08 22:35:34
Table '93' 8-max Seat #5 is the button
Seat 1: 7fa7b8c6 (9,820 in chips)
Seat 2: 4cacb776 (62,606 in chips)
Seat 3: b7fb09cb (109,057 in chips)
Seat 4: b8bae433 (25,371 in chips)
Seat 5: Hero (21,245 in chips)
Seat 6: 72fe2041 (26,484 in chips)
Seat 7: d221077b (22,971 in chips)
Seat 8: b00acd9e (19,898 in chips)
b7fb09cb: posts the ante 90
Hero: posts the ante 90
7fa7b8c6: posts the ante 90
b00acd9e: posts the ante 90
d221077b: posts the ante 90
4cacb776: posts the ante 90
b8bae433: posts the ante 90
72fe2041: posts the ante 90
72fe2041: posts small blind 300
d221077b: posts big blind 600
*** HOLE CARDS ***
Dealt to 7fa7b8c6 
Dealt to 4cacb776 
Dealt to b7fb09cb 
Dealt to b8bae433 
Dealt to Hero [6d Qc]
Dealt to 72fe2041 
Dealt to d221077b 
Dealt to b00acd9e 
b00acd9e: raises 780 to 1,380
7fa7b8c6: folds
4cacb776: folds
b7fb09cb: folds
b8bae433: folds
Hero: folds
72fe2041: folds
d221077b: folds
Uncalled bet (780) returned to b00acd9e
*** SHOWDOWN ***
b00acd9e collected 2,220 from pot
*** SUMMARY ***
Total pot 2,220 | Rake 0 | Jackpot 0 | Bingo 0 | Fortune 0 | Tax 0
Seat 1: 7fa7b8c6 folded before Flop
Seat 2: 4cacb776 folded before Flop
Seat 3: b7fb09cb folded before Flop
Seat 4: b8bae433 folded before Flop
Seat 5: Hero (button) folded before Flop
Seat 6: 72fe2041 (small blind) folded before Flop
Seat 7: d221077b (big blind) folded before Flop
Seat 8: b00acd9e collected (2,220)


Poker Hand #TM5679923891: Tournament #268450696, Bounty Hunters Sunday Special $10.80 Hold'em No Limit - Level10(300/600(90)) - 2026/03/08 22:34:36
Table '93' 8-max Seat #4 is the button
Seat 1: 7fa7b8c6 (9,910 in chips)
Seat 2: 4cacb776 (60,476 in chips)
Seat 3: b7fb09cb (109,147 in chips)
Seat 4: b8bae433 (25,461 in chips)
Seat 5: Hero (21,635 in chips)
Seat 6: 72fe2041 (27,774 in chips)
Seat 7: d221077b (23,061 in chips)
Seat 8: b00acd9e (19,988 in chips)
b7fb09cb: posts the ante 90
7fa7b8c6: posts the ante 90
b00acd9e: posts the ante 90
d221077b: posts the ante 90
Hero: posts the ante 90
4cacb776: posts the ante 90
b8bae433: posts the ante 90
72fe2041: posts the ante 90
Hero: posts small blind 300
72fe2041: posts big blind 600
*** HOLE CARDS ***
Dealt to 7fa7b8c6 
Dealt to 4cacb776 
Dealt to b7fb09cb 
Dealt to b8bae433 
Dealt to Hero [3s Js]
Dealt to 72fe2041 
Dealt to d221077b 
Dealt to b00acd9e 
d221077b: folds
b00acd9e: folds
7fa7b8c6: folds
4cacb776: raises 600 to 1,200
b7fb09cb: folds
b8bae433: folds
Hero: folds
72fe2041: calls 600
*** FLOP *** [7h Qc 5d]
72fe2041: checks
4cacb776: bets 1,061
72fe2041: folds
Uncalled bet (1,061) returned to 4cacb776
*** SHOWDOWN ***
4cacb776 collected 3,420 from pot
*** SUMMARY ***
Total pot 3,420 | Rake 0 | Jackpot 0 | Bingo 0 | Fortune 0 | Tax 0
Board [7h Qc 5d]
Seat 1: 7fa7b8c6 folded before Flop
Seat 2: 4cacb776 won (3,420)
Seat 3: b7fb09cb folded before Flop
Seat 4: b8bae433 (button) folded before Flop
Seat 5: Hero (small blind) folded before Flop
Seat 6: 72fe2041 (big blind) folded on the Flop
Seat 7: d221077b folded before Flop
Seat 8: b00acd9e folded before Flop


Poker Hand #TM5679923858: Tournament #268450696, Bounty Hunters Sunday Special $10.80 Hold'em No Limit - Level10(300/600(90)) - 2026/03/08 22:33:28
Table '93' 8-max Seat #3 is the button
Seat 1: 7fa7b8c6 (10,000 in chips)
Seat 2: 4cacb776 (56,097 in chips)
Seat 3: b7fb09cb (109,237 in chips)
Seat 4: b8bae433 (25,851 in chips)
Seat 5: Hero (22,325 in chips)
Seat 6: 72fe2041 (27,864 in chips)
Seat 7: d221077b (26,000 in chips)
Seat 8: b00acd9e (20,078 in chips)
b7fb09cb: posts the ante 90
7fa7b8c6: posts the ante 90
b00acd9e: posts the ante 90
d221077b: posts the ante 90
Hero: posts the ante 90
4cacb776: posts the ante 90
b8bae433: posts the ante 90
72fe2041: posts the ante 90
b8bae433: posts small blind 300
Hero: posts big blind 600
*** HOLE CARDS ***
Dealt to 7fa7b8c6 
Dealt to 4cacb776 
Dealt to b7fb09cb 
Dealt to b8bae433 
Dealt to Hero [Js 4h]
Dealt to 72fe2041 
Dealt to d221077b 
Dealt to b00acd9e 
72fe2041: folds
d221077b: raises 600 to 1,200
b00acd9e: folds
7fa7b8c6: folds
4cacb776: calls 1,200
b7fb09cb: folds
b8bae433: folds
Hero: folds
*** FLOP *** [6h 2s Tc]
d221077b: bets 1,649
4cacb776: calls 1,649
*** TURN *** [6h 2s Tc] [2d]
d221077b: checks
4cacb776: bets 5,782
d221077b: folds
Uncalled bet (5,782) returned to 4cacb776
*** SHOWDOWN ***
4cacb776 collected 7,318 from pot
*** SUMMARY ***
Total pot 7,318 | Rake 0 | Jackpot 0 | Bingo 0 | Fortune 0 | Tax 0
Board [6h 2s Tc 2d]
Seat 1: 7fa7b8c6 folded before Flop
Seat 2: 4cacb776 won (7,318)
Seat 3: b7fb09cb (button) folded before Flop
Seat 4: b8bae433 (small blind) folded before Flop
Seat 5: Hero (big blind) folded before Flop
Seat 6: 72fe2041 folded before Flop
Seat 7: d221077b folded on the Turn
Seat 8: b00acd9e folded before Flop


Poker Hand #TM5679923807: Tournament #268450696, Bounty Hunters Sunday Special $10.80 Hold'em No Limit - Level9(250/500(75)) - 2026/03/08 22:31:59
Table '93' 8-max Seat #2 is the button
Seat 2: 4cacb776 (56,172 in chips)
Seat 3: b7fb09cb (109,562 in chips)
Seat 4: b8bae433 (12,613 in chips)
Seat 5: Hero (22,400 in chips)
Seat 6: 72fe2041 (27,939 in chips)
Seat 7: d221077b (26,075 in chips)
Seat 8: b00acd9e (32,691 in chips)
b7fb09cb: posts the ante 75
b00acd9e: posts the ante 75
d221077b: posts the ante 75
Hero: posts the ante 75
4cacb776: posts the ante 75
b8bae433: posts the ante 75
72fe2041: posts the ante 75
b7fb09cb: posts small blind 250
b8bae433: posts big blind 500
*** HOLE CARDS ***
Dealt to 4cacb776 
Dealt to b7fb09cb 
Dealt to b8bae433 
Dealt to Hero [Th Jc]
Dealt to 72fe2041 
Dealt to d221077b 
Dealt to b00acd9e 
Hero: folds
72fe2041: folds
d221077b: folds
b00acd9e: raises 2,000 to 2,500
4cacb776: folds
b7fb09cb: folds
b8bae433: calls 2,000
*** FLOP *** [Tc 8c 4c]
b8bae433: checks
b00acd9e: bets 1,444
b8bae433: raises 2,859 to 4,303
b00acd9e: calls 2,859
*** TURN *** [Tc 8c 4c] [4s]
b8bae433: checks
b00acd9e: bets 6,472
b8bae433: calls 5,735 and is all-in
Uncalled bet (737) returned to b00acd9e
b00acd9e: shows [9h Qd] (a pair of Fours)
b8bae433: shows [Qc 8d] (two pair, Eights and Fours)
*** RIVER *** [Tc 8c 4c 4s] [3d]
*** SHOWDOWN ***
b8bae433 collected 25,851 from pot
*** SUMMARY ***
Total pot 25,851 | Rake 0 | Jackpot 0 | Bingo 0 | Fortune 0 | Tax 0
Board [Tc 8c 4c 4s 3d]
Seat 2: 4cacb776 (button) folded before Flop
Seat 3: b7fb09cb (small blind) folded before Flop
Seat 4: b8bae433 (big blind) showed [Qc 8d] and won (25,851) with two pair, Eights and Fours
Seat 5: Hero folded before Flop
Seat 6: 72fe2041 folded before Flop
Seat 7: d221077b folded before Flop
Seat 8: b00acd9e showed [9h Qd] and lost with a pair of Fours


Poker Hand #TM5679923772: Tournament #268450696, Bounty Hunters Sunday Special $10.80 Hold'em No Limit - Level9(250/500(75)) - 2026/03/08 22:30:47
Table '93' 8-max Seat #7 is the button
Seat 1: 652e7f42 (9,625 in chips)
Seat 2: 4cacb776 (35,108 in chips)
Seat 3: b7fb09cb (109,637 in chips)
Seat 4: b8bae433 (12,688 in chips)
Seat 5: Hero (22,475 in chips)
Seat 6: 72fe2041 (28,014 in chips)
Seat 7: d221077b (26,150 in chips)
Seat 8: dd590e74 (11,064 in chips)
b7fb09cb: posts the ante 75
d221077b: posts the ante 75
Hero: posts the ante 75
4cacb776: posts the ante 75
b8bae433: posts the ante 75
652e7f42: posts the ante 75
72fe2041: posts the ante 75
dd590e74: posts the ante 75
dd590e74: posts small blind 250
652e7f42: posts big blind 500
*** HOLE CARDS ***
Dealt to 652e7f42 
Dealt to 4cacb776 
Dealt to b7fb09cb 
Dealt to b8bae433 
Dealt to Hero [9h Ac]
Dealt to 72fe2041 
Dealt to d221077b 
Dealt to dd590e74 
4cacb776: raises 500 to 1,000
b7fb09cb: folds
b8bae433: folds
Hero: folds
72fe2041: folds
d221077b: folds
dd590e74: calls 750
652e7f42: raises 8,550 to 9,550 and is all-in
4cacb776: raises 25,483 to 35,033 and is all-in
dd590e74: calls 9,989 and is all-in
Uncalled bet (24,044) returned to 4cacb776
4cacb776: shows [Qc As]
dd590e74: shows [2d 2s]
652e7f42: shows [Kd Qh]
*** FLOP *** [5c Qd 7c]
*** TURN *** [5c Qd 7c] [Ah]
*** RIVER *** [5c Qd 7c Ah] [8h]
*** SHOWDOWN ***
4cacb776 collected 29,250 from pot
4cacb776 collected 2,878 from pot
*** SUMMARY ***
Total pot 32,128 | Rake 0 | Jackpot 0 | Bingo 0 | Fortune 0 | Tax 0
Board [5c Qd 7c Ah 8h]
Seat 1: 652e7f42 (big blind) showed [Kd Qh] and lost with a pair of Queens
Seat 2: 4cacb776 showed [Qc As] and won (32,128) with two pair, Aces and Queens
Seat 3: b7fb09cb folded before Flop
Seat 4: b8bae433 folded before Flop
Seat 5: Hero folded before Flop
Seat 6: 72fe2041 folded before Flop
Seat 7: d221077b (button) folded before Flop
Seat 8: dd590e74 (small blind) showed [2d 2s] and lost with a pair of Twos


Poker Hand #TM5679923744: Tournament #268450696, Bounty Hunters Sunday Special $10.80 Hold'em No Limit - Level9(250/500(75)) - 2026/03/08 22:30:01
Table '93' 8-max Seat #6 is the button
Seat 1: 652e7f42 (9,700 in chips)
Seat 2: 4cacb776 (35,183 in chips)
Seat 3: b7fb09cb (109,712 in chips)
Seat 4: b8bae433 (12,763 in chips)
Seat 5: Hero (22,550 in chips)
Seat 6: 72fe2041 (28,089 in chips)
Seat 7: d221077b (26,475 in chips)
Seat 8: dd590e74 (10,289 in chips)
b7fb09cb: posts the ante 75
Hero: posts the ante 75
d221077b: posts the ante 75
4cacb776: posts the ante 75
b8bae433: posts the ante 75
652e7f42: posts the ante 75
72fe2041: posts the ante 75
dd590e74: posts the ante 75
d221077b: posts small blind 250
dd590e74: posts big blind 500
*** HOLE CARDS ***
Dealt to 652e7f42 
Dealt to 4cacb776 
Dealt to b7fb09cb 
Dealt to b8bae433 
Dealt to Hero [6c 4c]
Dealt to 72fe2041 
Dealt to d221077b 
Dealt to dd590e74 
652e7f42: folds
4cacb776: folds
b7fb09cb: folds
b8bae433: folds
Hero: folds
72fe2041: folds
d221077b: folds
Uncalled bet (250) returned to dd590e74
*** SHOWDOWN ***
dd590e74 collected 1,100 from pot
*** SUMMARY ***
Total pot 1,100 | Rake 0 | Jackpot 0 | Bingo 0 | Fortune 0 | Tax 0
Seat 1: 652e7f42 folded before Flop
Seat 2: 4cacb776 folded before Flop
Seat 3: b7fb09cb folded before Flop
Seat 4: b8bae433 folded before Flop
Seat 5: Hero folded before Flop
Seat 6: 72fe2041 (button) folded before Flop
Seat 7: d221077b (small blind) folded before Flop
Seat 8: dd590e74 (big blind) showed [As Ad] and collected (1,100)


Poker Hand #TM5679923725: Tournament #268450696, Bounty Hunters Sunday Special $10.80 Hold'em No Limit - Level9(250/500(75)) - 2026/03/08 22:29:10
Table '93' 8-max Seat #5 is the button
Seat 1: 652e7f42 (9,775 in chips)
Seat 2: 4cacb776 (35,258 in chips)
Seat 3: b7fb09cb (109,787 in chips)
Seat 4: b8bae433 (13,838 in chips)
Seat 5: Hero (20,275 in chips)
Seat 6: 72fe2041 (28,414 in chips)
Seat 7: d221077b (27,050 in chips)
Seat 8: dd590e74 (10,364 in chips)
b7fb09cb: posts the ante 75
Hero: posts the ante 75
d221077b: posts the ante 75
4cacb776: posts the ante 75
b8bae433: posts the ante 75
652e7f42: posts the ante 75
72fe2041: posts the ante 75
dd590e74: posts the ante 75
72fe2041: posts small blind 250
d221077b: posts big blind 500
*** HOLE CARDS ***
Dealt to 652e7f42 
Dealt to 4cacb776 
Dealt to b7fb09cb 
Dealt to b8bae433 
Dealt to Hero [6c Kc]
Dealt to 72fe2041 
Dealt to d221077b 
Dealt to dd590e74 
dd590e74: folds
652e7f42: folds
4cacb776: folds
b7fb09cb: folds
b8bae433: raises 500 to 1,000
Hero: calls 1,000
72fe2041: folds
d221077b: folds
*** FLOP *** [Th 8h 6h]
b8bae433: checks
Hero: checks
*** TURN *** [Th 8h 6h] [Tc]
b8bae433: checks
Hero: bets 1,106
b8bae433: folds
Uncalled bet (1,106) returned to Hero
*** SHOWDOWN ***
Hero collected 3,350 from pot
*** SUMMARY ***
Total pot 3,350 | Rake 0 | Jackpot 0 | Bingo 0 | Fortune 0 | Tax 0
Board [Th 8h 6h Tc]
Seat 1: 652e7f42 folded before Flop
Seat 2: 4cacb776 folded before Flop
Seat 3: b7fb09cb folded before Flop
Seat 4: b8bae433 folded on the Turn
Seat 5: Hero (button) won (3,350)
Seat 6: 72fe2041 (small blind) folded before Flop
Seat 7: d221077b (big blind) folded before Flop
Seat 8: dd590e74 folded before Flop


Poker Hand #TM5679923696: Tournament #268450696, Bounty Hunters Sunday Special $10.80 Hold'em No Limit - Level9(250/500(75)) - 2026/03/08 22:27:59
Table '93' 8-max Seat #4 is the button
Seat 1: 652e7f42 (9,850 in chips)
Seat 2: 4cacb776 (36,333 in chips)
Seat 3: b7fb09cb (110,862 in chips)
Seat 4: b8bae433 (10,563 in chips)
Seat 5: Hero (20,600 in chips)
Seat 6: 72fe2041 (28,989 in chips)
Seat 7: d221077b (27,125 in chips)
Seat 8: dd590e74 (10,439 in chips)
b7fb09cb: posts the ante 75
d221077b: posts the ante 75
Hero: posts the ante 75
4cacb776: posts the ante 75
b8bae433: posts the ante 75
652e7f42: posts the ante 75
72fe2041: posts the ante 75
dd590e74: posts the ante 75
Hero: posts small blind 250
72fe2041: posts big blind 500
*** HOLE CARDS ***
Dealt to 652e7f42 
Dealt to 4cacb776 
Dealt to b7fb09cb 
Dealt to b8bae433 
Dealt to Hero [5h Kd]
Dealt to 72fe2041 
Dealt to d221077b 
Dealt to dd590e74 
d221077b: folds
dd590e74: folds
652e7f42: folds
4cacb776: raises 500 to 1,000
b7fb09cb: calls 1,000
b8bae433: raises 3,263 to 4,263
Hero: folds
72fe2041: folds
4cacb776: folds
b7fb09cb: folds
Uncalled bet (3,263) returned to b8bae433
*** SHOWDOWN ***
b8bae433 collected 4,350 from pot
*** SUMMARY ***
Total pot 4,350 | Rake 0 | Jackpot 0 | Bingo 0 | Fortune 0 | Tax 0
Seat 1: 652e7f42 folded before Flop
Seat 2: 4cacb776 folded before Flop
Seat 3: b7fb09cb folded before Flop
Seat 4: b8bae433 (button) collected (4,350)
Seat 5: Hero (small blind) folded before Flop
Seat 6: 72fe2041 (big blind) folded before Flop
Seat 7: d221077b folded before Flop
Seat 8: dd590e74 folded before Flop


Poker Hand #TM5679923678: Tournament #268450696, Bounty Hunters Sunday Special $10.80 Hold'em No Limit - Level9(250/500(75)) - 2026/03/08 22:27:16
Table '93' 8-max Seat #3 is the button
Seat 1: 652e7f42 (9,925 in chips)
Seat 2: 4cacb776 (36,408 in chips)
Seat 3: b7fb09cb (110,937 in chips)
Seat 4: b8bae433 (11,638 in chips)
Seat 5: Hero (25,275 in chips)
Seat 6: 72fe2041 (29,064 in chips)
Seat 7: d221077b (21,000 in chips)
Seat 8: dd590e74 (10,514 in chips)
b7fb09cb: posts the ante 75
d221077b: posts the ante 75
Hero: posts the ante 75
4cacb776: posts the ante 75
b8bae433: posts the ante 75
652e7f42: posts the ante 75
72fe2041: posts the ante 75
dd590e74: posts the ante 75
b8bae433: posts small blind 250
Hero: posts big blind 500
*** HOLE CARDS ***
Dealt to 652e7f42 
Dealt to 4cacb776 
Dealt to b7fb09cb 
Dealt to b8bae433 
Dealt to Hero [Kh Qh]
Dealt to 72fe2041 
Dealt to d221077b 
Dealt to dd590e74 
72fe2041: folds
d221077b: raises 500 to 1,000
dd590e74: folds
652e7f42: folds
4cacb776: folds
b7fb09cb: folds
b8bae433: calls 750
Hero: raises 3,600 to 4,600
d221077b: raises 16,325 to 20,925 and is all-in
b8bae433: folds
Hero: folds
Uncalled bet (16,325) returned to d221077b
*** SHOWDOWN ***
d221077b collected 10,800 from pot
*** SUMMARY ***
Total pot 10,800 | Rake 0 | Jackpot 0 | Bingo 0 | Fortune 0 | Tax 0
Seat 1: 652e7f42 folded before Flop
Seat 2: 4cacb776 folded before Flop
Seat 3: b7fb09cb (button) folded before Flop
Seat 4: b8bae433 (small blind) folded before Flop
Seat 5: Hero (big blind) folded before Flop
Seat 6: 72fe2041 folded before Flop
Seat 7: d221077b collected (10,800)
Seat 8: dd590e74 folded before Flop


Poker Hand #TM5679923660: Tournament #268450696, Bounty Hunters Sunday Special $10.80 Hold'em No Limit - Level9(250/500(75)) - 2026/03/08 22:26:27
Table '93' 8-max Seat #2 is the button
Seat 1: 652e7f42 (10,000 in chips)
Seat 2: 4cacb776 (36,483 in chips)
Seat 3: b7fb09cb (111,262 in chips)
Seat 4: b8bae433 (21,788 in chips)
Seat 5: Hero (25,350 in chips)
Seat 6: 72fe2041 (29,139 in chips)
Seat 7: d221077b (10,150 in chips)
Seat 8: dd590e74 (10,589 in chips)
b7fb09cb: posts the ante 75
d221077b: posts the ante 75
Hero: posts the ante 75
4cacb776: posts the ante 75
b8bae433: posts the ante 75
652e7f42: posts the ante 75
72fe2041: posts the ante 75
dd590e74: posts the ante 75
b7fb09cb: posts small blind 250
b8bae433: posts big blind 500
*** HOLE CARDS ***
Dealt to 652e7f42 
Dealt to 4cacb776 
Dealt to b7fb09cb 
Dealt to b8bae433 
Dealt to Hero [4c Qs]
Dealt to 72fe2041 
Dealt to d221077b 
Dealt to dd590e74 
Hero: folds
72fe2041: folds
d221077b: raises 9,575 to 10,075 and is all-in
dd590e74: folds
652e7f42: folds
4cacb776: folds
b7fb09cb: folds
b8bae433: calls 9,575
d221077b: shows [Qh Ad]
b8bae433: shows [5d 5h]
*** FLOP *** [9s As 9h]
*** TURN *** [9s As 9h] [Kd]
*** RIVER *** [9s As 9h Kd] [Js]
*** SHOWDOWN ***
d221077b collected 21,000 from pot
*** SUMMARY ***
Total pot 21,000 | Rake 0 | Jackpot 0 | Bingo 0 | Fortune 0 | Tax 0
Board [9s As 9h Kd Js]
Seat 1: 652e7f42 folded before Flop
Seat 2: 4cacb776 (button) folded before Flop
Seat 3: b7fb09cb (small blind) folded before Flop
Seat 4: b8bae433 (big blind) showed [5d 5h] and lost with two pair, Nines and Fives
Seat 5: Hero folded before Flop
Seat 6: 72fe2041 folded before Flop
Seat 7: d221077b showed [Qh Ad] and won (21,000) with two pair, Aces and Nines
Seat 8: dd590e74 folded before Flop


Poker Hand #TM5679923641: Tournament #268450696, Bounty Hunters Sunday Special $10.80 Hold'em No Limit - Level9(250/500(75)) - 2026/03/08 22:25:55
Table '93' 8-max Seat #1 is the button
Seat 1: 36d2ebef (31,060 in chips)
Seat 2: 4cacb776 (36,808 in chips)
Seat 3: b7fb09cb (111,837 in chips)
Seat 4: b8bae433 (21,863 in chips)
Seat 5: Hero (25,425 in chips)
Seat 6: 72fe2041 (29,214 in chips)
Seat 7: d221077b (10,225 in chips)
Seat 8: dd590e74 (9,314 in chips)
b7fb09cb: posts the ante 75
d221077b: posts the ante 75
Hero: posts the ante 75
4cacb776: posts the ante 75
b8bae433: posts the ante 75
72fe2041: posts the ante 75
dd590e74: posts the ante 75
36d2ebef: posts the ante 75
4cacb776: posts small blind 250
b7fb09cb: posts big blind 500
*** HOLE CARDS ***
Dealt to 36d2ebef 
Dealt to 4cacb776 
Dealt to b7fb09cb 
Dealt to b8bae433 
Dealt to Hero [7d Kh]
Dealt to 72fe2041 
Dealt to d221077b 
Dealt to dd590e74 
b8bae433: folds
Hero: folds
72fe2041: folds
d221077b: folds
dd590e74: raises 750 to 1,250
36d2ebef: folds
4cacb776: folds
b7fb09cb: folds
Uncalled bet (750) returned to dd590e74
*** SHOWDOWN ***
dd590e74 collected 1,850 from pot
*** SUMMARY ***
Total pot 1,850 | Rake 0 | Jackpot 0 | Bingo 0 | Fortune 0 | Tax 0
Seat 1: 36d2ebef (button) folded before Flop
Seat 2: 4cacb776 (small blind) folded before Flop
Seat 3: b7fb09cb (big blind) folded before Flop
Seat 4: b8bae433 folded before Flop
Seat 5: Hero folded before Flop
Seat 6: 72fe2041 folded before Flop
Seat 7: d221077b folded before Flop
Seat 8: dd590e74 collected (1,850)


Poker Hand #TM5679923618: Tournament #268450696, Bounty Hunters Sunday Special $10.80 Hold'em No Limit - Level9(250/500(75)) - 2026/03/08 22:25:06
Table '93' 8-max Seat #8 is the button
Seat 1: 36d2ebef (33,160 in chips)
Seat 2: 4cacb776 (37,383 in chips)
Seat 3: b7fb09cb (111,912 in chips)
Seat 4: b8bae433 (16,788 in chips)
Seat 5: Hero (27,525 in chips)
Seat 6: 72fe2041 (29,289 in chips)
Seat 7: d221077b (10,300 in chips)
Seat 8: dd590e74 (9,389 in chips)
b7fb09cb: posts the ante 75
d221077b: posts the ante 75
Hero: posts the ante 75
4cacb776: posts the ante 75
b8bae433: posts the ante 75
72fe2041: posts the ante 75
dd590e74: posts the ante 75
36d2ebef: posts the ante 75
36d2ebef: posts small blind 250
4cacb776: posts big blind 500
*** HOLE CARDS ***
Dealt to 36d2ebef 
Dealt to 4cacb776 
Dealt to b7fb09cb 
Dealt to b8bae433 
Dealt to Hero [2h 2d]
Dealt to 72fe2041 
Dealt to d221077b 
Dealt to dd590e74 
b7fb09cb: folds
b8bae433: raises 500 to 1,000
Hero: calls 1,000
72fe2041: folds
d221077b: folds
dd590e74: folds
36d2ebef: calls 750
4cacb776: folds
*** FLOP *** [3c Kd 6d]
36d2ebef: checks
b8bae433: checks
Hero: checks
*** TURN *** [3c Kd 6d] [As]
36d2ebef: bets 1,025
b8bae433: calls 1,025
Hero: calls 1,025
*** RIVER *** [3c Kd 6d As] [Ts]
36d2ebef: checks
b8bae433: checks
Hero: checks
36d2ebef: shows [9s Ks] (a pair of Kings)
b8bae433: shows [Ac 7c] (a pair of Aces)
Hero: shows [2h 2d] (a pair of Twos)
*** SHOWDOWN ***
b8bae433 collected 7,175 from pot
*** SUMMARY ***
Total pot 7,175 | Rake 0 | Jackpot 0 | Bingo 0 | Fortune 0 | Tax 0
Board [3c Kd 6d As Ts]
Seat 1: 36d2ebef (small blind) showed [9s Ks] and lost with a pair of Kings
Seat 2: 4cacb776 (big blind) folded before Flop
Seat 3: b7fb09cb folded before Flop
Seat 4: b8bae433 showed [Ac 7c] and won (7,175) with a pair of Aces
Seat 5: Hero showed [2h 2d] and lost with a pair of Twos
Seat 6: 72fe2041 folded before Flop
Seat 7: d221077b folded before Flop
Seat 8: dd590e74 (button) folded before Flop


Poker Hand #TM5679923583: Tournament #268450696, Bounty Hunters Sunday Special $10.80 Hold'em No Limit - Level9(250/500(75)) - 2026/03/08 22:23:48
Table '93' 8-max Seat #7 is the button
Seat 1: 36d2ebef (35,506 in chips)
Seat 2: 4cacb776 (37,458 in chips)
Seat 3: b7fb09cb (107,866 in chips)
Seat 4: b8bae433 (16,863 in chips)
Seat 5: Hero (27,600 in chips)
Seat 6: 72fe2041 (30,364 in chips)
Seat 7: d221077b (10,375 in chips)
Seat 8: dd590e74 (9,714 in chips)
b7fb09cb: posts the ante 75
d221077b: posts the ante 75
Hero: posts the ante 75
4cacb776: posts the ante 75
b8bae433: posts the ante 75
72fe2041: posts the ante 75
dd590e74: posts the ante 75
36d2ebef: posts the ante 75
dd590e74: posts small blind 250
36d2ebef: posts big blind 500
*** HOLE CARDS ***
Dealt to 36d2ebef 
Dealt to 4cacb776 
Dealt to b7fb09cb 
Dealt to b8bae433 
Dealt to Hero [Qs 7c]
Dealt to 72fe2041 
Dealt to d221077b 
Dealt to dd590e74 
4cacb776: folds
b7fb09cb: raises 500 to 1,000
b8bae433: folds
Hero: folds
72fe2041: calls 1,000
d221077b: folds
dd590e74: folds
36d2ebef: calls 500
*** FLOP *** [Kh Qc 4d]
36d2ebef: checks
b7fb09cb: bets 1,271
72fe2041: folds
36d2ebef: calls 1,271
*** TURN *** [Kh Qc 4d] [8s]
36d2ebef: checks
b7fb09cb: bets 3,500
36d2ebef: folds
Uncalled bet (3,500) returned to b7fb09cb
*** SHOWDOWN ***
b7fb09cb collected 6,392 from pot
*** SUMMARY ***
Total pot 6,392 | Rake 0 | Jackpot 0 | Bingo 0 | Fortune 0 | Tax 0
Board [Kh Qc 4d 8s]
Seat 1: 36d2ebef (big blind) folded on the Turn
Seat 2: 4cacb776 folded before Flop
Seat 3: b7fb09cb won (6,392)
Seat 4: b8bae433 folded before Flop
Seat 5: Hero folded before Flop
Seat 6: 72fe2041 folded on the Flop
Seat 7: d221077b (button) folded before Flop
Seat 8: dd590e74 (small blind) folded before Flop


Poker Hand #TM5679923561: Tournament #268450696, Bounty Hunters Sunday Special $10.80 Hold'em No Limit - Level9(250/500(75)) - 2026/03/08 22:22:48
Table '93' 8-max Seat #6 is the button
Seat 1: 36d2ebef (35,581 in chips)
Seat 2: 4cacb776 (37,533 in chips)
Seat 3: b7fb09cb (100,065 in chips)
Seat 4: b8bae433 (16,938 in chips)
Seat 5: Hero (27,675 in chips)
Seat 6: 72fe2041 (33,952 in chips)
Seat 7: d221077b (10,700 in chips)
Seat 8: dd590e74 (13,302 in chips)
b7fb09cb: posts the ante 75
Hero: posts the ante 75
d221077b: posts the ante 75
4cacb776: posts the ante 75
b8bae433: posts the ante 75
72fe2041: posts the ante 75
dd590e74: posts the ante 75
36d2ebef: posts the ante 75
d221077b: posts small blind 250
dd590e74: posts big blind 500
*** HOLE CARDS ***
Dealt to 36d2ebef 
Dealt to 4cacb776 
Dealt to b7fb09cb 
Dealt to b8bae433 
Dealt to Hero [Td 2c]
Dealt to 72fe2041 
Dealt to d221077b 
Dealt to dd590e74 
36d2ebef: folds
4cacb776: folds
b7fb09cb: raises 500 to 1,000
b8bae433: folds
Hero: folds
72fe2041: raises 2,513 to 3,513
d221077b: folds
dd590e74: calls 3,013
b7fb09cb: calls 2,513
*** FLOP *** [Ks 7d Ts]
dd590e74: checks
b7fb09cb: checks
72fe2041: checks
*** TURN *** [Ks 7d Ts] [6h]
dd590e74: checks
b7fb09cb: bets 3,759
72fe2041: folds
dd590e74: folds
Uncalled bet (3,759) returned to b7fb09cb
*** SHOWDOWN ***
b7fb09cb collected 11,389 from pot
*** SUMMARY ***
Total pot 11,389 | Rake 0 | Jackpot 0 | Bingo 0 | Fortune 0 | Tax 0
Board [Ks 7d Ts 6h]
Seat 1: 36d2ebef folded before Flop
Seat 2: 4cacb776 folded before Flop
Seat 3: b7fb09cb won (11,389)
Seat 4: b8bae433 folded before Flop
Seat 5: Hero folded before Flop
Seat 6: 72fe2041 (button) folded on the Turn
Seat 7: d221077b (small blind) folded before Flop
Seat 8: dd590e74 (big blind) folded on the Turn


Poker Hand #TM5679923533: Tournament #268450696, Bounty Hunters Sunday Special $10.80 Hold'em No Limit - Level9(250/500(75)) - 2026/03/08 22:21:54
Table '93' 8-max Seat #5 is the button
Seat 1: 36d2ebef (35,656 in chips)
Seat 2: 4cacb776 (37,608 in chips)
Seat 3: b7fb09cb (100,140 in chips)
Seat 4: b8bae433 (20,188 in chips)
Seat 5: Hero (23,225 in chips)
Seat 6: 72fe2041 (34,277 in chips)
Seat 7: d221077b (11,275 in chips)
Seat 8: dd590e74 (13,377 in chips)
b7fb09cb: posts the ante 75
Hero: posts the ante 75
d221077b: posts the ante 75
4cacb776: posts the ante 75
b8bae433: posts the ante 75
72fe2041: posts the ante 75
dd590e74: posts the ante 75
36d2ebef: posts the ante 75
72fe2041: posts small blind 250
d221077b: posts big blind 500
*** HOLE CARDS ***
Dealt to 36d2ebef 
Dealt to 4cacb776 
Dealt to b7fb09cb 
Dealt to b8bae433 
Dealt to Hero [Td As]
Dealt to 72fe2041 
Dealt to d221077b 
Dealt to dd590e74 
dd590e74: folds
36d2ebef: folds
4cacb776: folds
b7fb09cb: folds
b8bae433: raises 500 to 1,000
Hero: raises 2,175 to 3,175
72fe2041: folds
d221077b: folds
b8bae433: calls 2,175
*** FLOP *** [2c 3d 2h]
b8bae433: checks
Hero: checks
*** TURN *** [2c 3d 2h] [5c]
b8bae433: checks
Hero: checks
*** RIVER *** [2c 3d 2h 5c] [7d]
b8bae433: checks
Hero: checks
b8bae433: shows [Ah 8c] (a pair of Twos)
Hero: shows [Td As] (a pair of Twos)
*** SHOWDOWN ***
Hero collected 7,700 from pot
*** SUMMARY ***
Total pot 7,700 | Rake 0 | Jackpot 0 | Bingo 0 | Fortune 0 | Tax 0
Board [2c 3d 2h 5c 7d]
Seat 1: 36d2ebef folded before Flop
Seat 2: 4cacb776 folded before Flop
Seat 3: b7fb09cb folded before Flop
Seat 4: b8bae433 showed [Ah 8c] and lost with a pair of Twos
Seat 5: Hero (button) showed [Td As] and won (7,700) with a pair of Twos
Seat 6: 72fe2041 (small blind) folded before Flop
Seat 7: d221077b (big blind) folded before Flop
Seat 8: dd590e74 folded before Flop


Poker Hand #TM5679923523: Tournament #268450696, Bounty Hunters Sunday Special $10.80 Hold'em No Limit - Level9(250/500(75)) - 2026/03/08 22:21:22
Table '93' 8-max Seat #4 is the button
Seat 1: 36d2ebef (35,731 in chips)
Seat 2: 4cacb776 (37,683 in chips)
Seat 3: b7fb09cb (100,215 in chips)
Seat 4: b8bae433 (20,263 in chips)
Seat 5: Hero (23,550 in chips)
Seat 6: 72fe2041 (34,852 in chips)
Seat 7: d221077b (10,000 in chips)
Seat 8: dd590e74 (13,452 in chips)
b7fb09cb: posts the ante 75
d221077b: posts the ante 75
Hero: posts the ante 75
4cacb776: posts the ante 75
b8bae433: posts the ante 75
72fe2041: posts the ante 75
dd590e74: posts the ante 75
36d2ebef: posts the ante 75
Hero: posts small blind 250
72fe2041: posts big blind 500
*** HOLE CARDS ***
Dealt to 36d2ebef 
Dealt to 4cacb776 
Dealt to b7fb09cb 
Dealt to b8bae433 
Dealt to Hero [Qs 7d]
Dealt to 72fe2041 
Dealt to d221077b 
Dealt to dd590e74 
d221077b: raises 9,425 to 9,925 and is all-in
dd590e74: folds
36d2ebef: folds
4cacb776: folds
b7fb09cb: folds
b8bae433: folds
Hero: folds
72fe2041: folds
Uncalled bet (9,425) returned to d221077b
72fe2041: shows [2c 9d]
dd590e74: shows [Ac]
*** SHOWDOWN ***
d221077b collected 1,850 from pot
*** SUMMARY ***
Total pot 1,850 | Rake 0 | Jackpot 0 | Bingo 0 | Fortune 0 | Tax 0
Seat 1: 36d2ebef folded before Flop
Seat 2: 4cacb776 folded before Flop
Seat 3: b7fb09cb folded before Flop
Seat 4: b8bae433 (button) folded before Flop
Seat 5: Hero (small blind) folded before Flop
Seat 6: 72fe2041 (big blind) folded before Flop
Seat 7: d221077b collected (1,850)
Seat 8: dd590e74 folded before Flop


Poker Hand #TM5679923502: Tournament #268450696, Bounty Hunters Sunday Special $10.80 Hold'em No Limit - Level9(250/500(75)) - 2026/03/08 22:20:33
Table '93' 8-max Seat #3 is the button
Seat 1: 36d2ebef (35,806 in chips)
Seat 2: 4cacb776 (28,214 in chips)
Seat 3: b7fb09cb (100,290 in chips)
Seat 4: b8bae433 (20,588 in chips)
Seat 5: Hero (24,125 in chips)
Seat 6: 72fe2041 (34,927 in chips)
Seat 7: a2a3523b (8,269 in chips)
Seat 8: dd590e74 (13,527 in chips)
b7fb09cb: posts the ante 75
a2a3523b: posts the ante 75
Hero: posts the ante 75
4cacb776: posts the ante 75
b8bae433: posts the ante 75
72fe2041: posts the ante 75
dd590e74: posts the ante 75
36d2ebef: posts the ante 75
b8bae433: posts small blind 250
Hero: posts big blind 500
*** HOLE CARDS ***
Dealt to 36d2ebef 
Dealt to 4cacb776 
Dealt to b7fb09cb 
Dealt to b8bae433 
Dealt to Hero [4h 6c]
Dealt to 72fe2041 
Dealt to a2a3523b 
Dealt to dd590e74 
72fe2041: folds
a2a3523b: raises 7,694 to 8,194 and is all-in
dd590e74: folds
36d2ebef: folds
4cacb776: raises 19,945 to 28,139 and is all-in
b7fb09cb: folds
b8bae433: folds
Hero: folds
Uncalled bet (19,945) returned to 4cacb776
4cacb776: shows [Js Jh]
a2a3523b: shows [Ad 6h]
*** FLOP *** [5h Ts 7s]
*** TURN *** [5h Ts 7s] [8s]
*** RIVER *** [5h Ts 7s 8s] [3c]
*** SHOWDOWN ***
4cacb776 collected 17,738 from pot
*** SUMMARY ***
Total pot 17,738 | Rake 0 | Jackpot 0 | Bingo 0 | Fortune 0 | Tax 0
Board [5h Ts 7s 8s 3c]
Seat 1: 36d2ebef folded before Flop
Seat 2: 4cacb776 showed [Js Jh] and won (17,738) with a pair of Jacks
Seat 3: b7fb09cb (button) folded before Flop
Seat 4: b8bae433 (small blind) folded before Flop
Seat 5: Hero (big blind) folded before Flop
Seat 6: 72fe2041 folded before Flop
Seat 7: a2a3523b showed [Ad 6h] and lost with Ace high
Seat 8: dd590e74 folded before Flop


Poker Hand #TM5679923469: Tournament #268450696, Bounty Hunters Sunday Special $10.80 Hold'em No Limit - Level8(200/400(60)) - 2026/03/08 22:19:25
Table '93' 8-max Seat #2 is the button
Seat 1: 36d2ebef (35,866 in chips)
Seat 2: 4cacb776 (26,594 in chips)
Seat 3: b7fb09cb (101,150 in chips)
Seat 4: b8bae433 (21,048 in chips)
Seat 5: Hero (24,185 in chips)
Seat 6: 72fe2041 (34,987 in chips)
Seat 7: a2a3523b (8,329 in chips)
Seat 8: dd590e74 (13,587 in chips)
b7fb09cb: posts the ante 60
a2a3523b: posts the ante 60
Hero: posts the ante 60
4cacb776: posts the ante 60
b8bae433: posts the ante 60
72fe2041: posts the ante 60
dd590e74: posts the ante 60
36d2ebef: posts the ante 60
b7fb09cb: posts small blind 200
b8bae433: posts big blind 400
*** HOLE CARDS ***
Dealt to 36d2ebef 
Dealt to 4cacb776 
Dealt to b7fb09cb 
Dealt to b8bae433 
Dealt to Hero [9s Th]
Dealt to 72fe2041 
Dealt to a2a3523b 
Dealt to dd590e74 
Hero: folds
72fe2041: folds
a2a3523b: folds
dd590e74: folds
36d2ebef: folds
4cacb776: raises 400 to 800
b7fb09cb: calls 600
b8bae433: folds
*** FLOP *** [Td As Js]
b7fb09cb: checks
4cacb776: checks
*** TURN *** [Td As Js] [5h]
b7fb09cb: checks
4cacb776: bets 769
b7fb09cb: folds
Uncalled bet (769) returned to 4cacb776
*** SHOWDOWN ***
4cacb776 collected 2,480 from pot
*** SUMMARY ***
Total pot 2,480 | Rake 0 | Jackpot 0 | Bingo 0 | Fortune 0 | Tax 0
Board [Td As Js 5h]
Seat 1: 36d2ebef folded before Flop
Seat 2: 4cacb776 (button) won (2,480)
Seat 3: b7fb09cb (small blind) folded on the Turn
Seat 4: b8bae433 (big blind) folded before Flop
Seat 5: Hero folded before Flop
Seat 6: 72fe2041 folded before Flop
Seat 7: a2a3523b folded before Flop
Seat 8: dd590e74 folded before Flop


Poker Hand #TM5679923447: Tournament #268450696, Bounty Hunters Sunday Special $10.80 Hold'em No Limit - Level8(200/400(60)) - 2026/03/08 22:18:46
Table '93' 8-max Seat #1 is the button
Seat 1: 36d2ebef (35,926 in chips)
Seat 2: 4cacb776 (26,854 in chips)
Seat 3: b7fb09cb (99,730 in chips)
Seat 4: b8bae433 (21,108 in chips)
Seat 5: Hero (25,045 in chips)
Seat 6: 72fe2041 (35,047 in chips)
Seat 7: a2a3523b (8,389 in chips)
Seat 8: dd590e74 (13,647 in chips)
b7fb09cb: posts the ante 60
a2a3523b: posts the ante 60
Hero: posts the ante 60
4cacb776: posts the ante 60
b8bae433: posts the ante 60
72fe2041: posts the ante 60
dd590e74: posts the ante 60
36d2ebef: posts the ante 60
4cacb776: posts small blind 200
b7fb09cb: posts big blind 400
*** HOLE CARDS ***
Dealt to 36d2ebef 
Dealt to 4cacb776 
Dealt to b7fb09cb 
Dealt to b8bae433 
Dealt to Hero [Qd Jh]
Dealt to 72fe2041 
Dealt to a2a3523b 
Dealt to dd590e74 
b8bae433: folds
Hero: raises 400 to 800
72fe2041: folds
a2a3523b: folds
dd590e74: folds
36d2ebef: folds
4cacb776: folds
b7fb09cb: calls 400
*** FLOP *** [5c 9s 6s]
b7fb09cb: checks
Hero: checks
*** TURN *** [5c 9s 6s] [9c]
b7fb09cb: bets 800
Hero: folds
Uncalled bet (800) returned to b7fb09cb
*** SHOWDOWN ***
b7fb09cb collected 2,280 from pot
*** SUMMARY ***
Total pot 2,280 | Rake 0 | Jackpot 0 | Bingo 0 | Fortune 0 | Tax 0
Board [5c 9s 6s 9c]
Seat 1: 36d2ebef (button) folded before Flop
Seat 2: 4cacb776 (small blind) folded before Flop
Seat 3: b7fb09cb (big blind) won (2,280)
Seat 4: b8bae433 folded before Flop
Seat 5: Hero folded on the Turn
Seat 6: 72fe2041 folded before Flop
Seat 7: a2a3523b folded before Flop
Seat 8: dd590e74 folded before Flop


Poker Hand #TM5679923412: Tournament #268450696, Bounty Hunters Sunday Special $10.80 Hold'em No Limit - Level8(200/400(60)) - 2026/03/08 22:17:12
Table '93' 8-max Seat #8 is the button
Seat 1: 36d2ebef (36,186 in chips)
Seat 2: 4cacb776 (28,731 in chips)
Seat 3: b7fb09cb (99,790 in chips)
Seat 4: b8bae433 (21,168 in chips)
Seat 5: Hero (25,105 in chips)
Seat 6: 72fe2041 (31,810 in chips)
Seat 7: a2a3523b (8,449 in chips)
Seat 8: dd590e74 (14,507 in chips)
b7fb09cb: posts the ante 60
a2a3523b: posts the ante 60
Hero: posts the ante 60
4cacb776: posts the ante 60
b8bae433: posts the ante 60
72fe2041: posts the ante 60
dd590e74: posts the ante 60
36d2ebef: posts the ante 60
36d2ebef: posts small blind 200
4cacb776: posts big blind 400
*** HOLE CARDS ***
Dealt to 36d2ebef 
Dealt to 4cacb776 
Dealt to b7fb09cb 
Dealt to b8bae433 
Dealt to Hero [9c 3d]
Dealt to 72fe2041 
Dealt to a2a3523b 
Dealt to dd590e74 
b7fb09cb: folds
b8bae433: folds
Hero: folds
72fe2041: raises 400 to 800
a2a3523b: folds
dd590e74: calls 800
36d2ebef: folds
4cacb776: calls 400
*** FLOP *** [3h Jh Qd]
4cacb776: checks
72fe2041: bets 1,017
dd590e74: folds
4cacb776: calls 1,017
*** TURN *** [3h Jh Qd] [Kd]
4cacb776: checks
72fe2041: checks
*** RIVER *** [3h Jh Qd Kd] [4h]
4cacb776: checks
72fe2041: bets 4,236
4cacb776: folds
Uncalled bet (4,236) returned to 72fe2041
*** SHOWDOWN ***
72fe2041 collected 5,114 from pot
*** SUMMARY ***
Total pot 5,114 | Rake 0 | Jackpot 0 | Bingo 0 | Fortune 0 | Tax 0
Board [3h Jh Qd Kd 4h]
Seat 1: 36d2ebef (small blind) folded before Flop
Seat 2: 4cacb776 (big blind) folded on the River
Seat 3: b7fb09cb folded before Flop
Seat 4: b8bae433 folded before Flop
Seat 5: Hero folded before Flop
Seat 6: 72fe2041 won (5,114)
Seat 7: a2a3523b folded before Flop
Seat 8: dd590e74 (button) folded on the Flop


Poker Hand #TM5679923378: Tournament #268450696, Bounty Hunters Sunday Special $10.80 Hold'em No Limit - Level8(200/400(60)) - 2026/03/08 22:15:50
Table '93' 8-max Seat #7 is the button
Seat 1: 36d2ebef (38,486 in chips)
Seat 2: 4cacb776 (28,791 in chips)
Seat 3: b7fb09cb (99,850 in chips)
Seat 4: b8bae433 (21,228 in chips)
Seat 5: Hero (25,165 in chips)
Seat 6: 72fe2041 (26,910 in chips)
Seat 7: a2a3523b (8,509 in chips)
Seat 8: dd590e74 (16,807 in chips)
b7fb09cb: posts the ante 60
a2a3523b: posts the ante 60
Hero: posts the ante 60
4cacb776: posts the ante 60
b8bae433: posts the ante 60
72fe2041: posts the ante 60
dd590e74: posts the ante 60
36d2ebef: posts the ante 60
dd590e74: posts small blind 200
36d2ebef: posts big blind 400
*** HOLE CARDS ***
Dealt to 36d2ebef 
Dealt to 4cacb776 
Dealt to b7fb09cb 
Dealt to b8bae433 
Dealt to Hero [Ts 9d]
Dealt to 72fe2041 
Dealt to a2a3523b 
Dealt to dd590e74 
4cacb776: folds
b7fb09cb: folds
b8bae433: folds
Hero: folds
72fe2041: raises 400 to 800
a2a3523b: folds
dd590e74: calls 600
36d2ebef: calls 400
*** FLOP *** [Ks 6h Tc]
dd590e74: checks
36d2ebef: checks
72fe2041: bets 1,440
dd590e74: calls 1,440
36d2ebef: calls 1,440
*** TURN *** [Ks 6h Tc] [7s]
dd590e74: checks
36d2ebef: checks
72fe2041: bets 4,600
dd590e74: folds
36d2ebef: folds
Uncalled bet (4,600) returned to 72fe2041
*** SHOWDOWN ***
72fe2041 collected 7,200 from pot
*** SUMMARY ***
Total pot 7,200 | Rake 0 | Jackpot 0 | Bingo 0 | Fortune 0 | Tax 0
Board [Ks 6h Tc 7s]
Seat 1: 36d2ebef (big blind) folded on the Turn
Seat 2: 4cacb776 folded before Flop
Seat 3: b7fb09cb folded before Flop
Seat 4: b8bae433 folded before Flop
Seat 5: Hero folded before Flop
Seat 6: 72fe2041 won (7,200)
Seat 7: a2a3523b (button) folded before Flop
Seat 8: dd590e74 (small blind) folded on the Turn


Poker Hand #TM5679923339: Tournament #268450696, Bounty Hunters Sunday Special $10.80 Hold'em No Limit - Level8(200/400(60)) - 2026/03/08 22:14:14
Table '93' 8-max Seat #6 is the button
Seat 1: 36d2ebef (34,564 in chips)
Seat 2: 4cacb776 (28,851 in chips)
Seat 3: b7fb09cb (99,910 in chips)
Seat 4: b8bae433 (21,288 in chips)
Seat 5: Hero (25,225 in chips)
Seat 6: 72fe2041 (26,970 in chips)
Seat 7: a2a3523b (10,320 in chips)
Seat 8: dd590e74 (18,618 in chips)
b7fb09cb: posts the ante 60
a2a3523b: posts the ante 60
Hero: posts the ante 60
4cacb776: posts the ante 60
b8bae433: posts the ante 60
72fe2041: posts the ante 60
dd590e74: posts the ante 60
36d2ebef: posts the ante 60
a2a3523b: posts small blind 200
dd590e74: posts big blind 400
*** HOLE CARDS ***
Dealt to 36d2ebef 
Dealt to 4cacb776 
Dealt to b7fb09cb 
Dealt to b8bae433 
Dealt to Hero [9s 8c]
Dealt to 72fe2041 
Dealt to a2a3523b 
Dealt to dd590e74 
36d2ebef: raises 400 to 800
4cacb776: folds
b7fb09cb: folds
b8bae433: folds
Hero: folds
72fe2041: folds
a2a3523b: calls 600
dd590e74: calls 400
*** FLOP *** [Th 7h Js]
a2a3523b: checks
dd590e74: checks
36d2ebef: checks
*** TURN *** [Th 7h Js] [3s]
a2a3523b: bets 951
dd590e74: calls 951
36d2ebef: calls 951
*** RIVER *** [Th 7h Js 3s] [5s]
a2a3523b: checks
dd590e74: checks
36d2ebef: bets 4,300
a2a3523b: folds
dd590e74: folds
Uncalled bet (4,300) returned to 36d2ebef
*** SHOWDOWN ***
36d2ebef collected 5,733 from pot
*** SUMMARY ***
Total pot 5,733 | Rake 0 | Jackpot 0 | Bingo 0 | Fortune 0 | Tax 0
Board [Th 7h Js 3s 5s]
Seat 1: 36d2ebef won (5,733)
Seat 2: 4cacb776 folded before Flop
Seat 3: b7fb09cb folded before Flop
Seat 4: b8bae433 folded before Flop
Seat 5: Hero folded before Flop
Seat 6: 72fe2041 (button) folded before Flop
Seat 7: a2a3523b (small blind) folded on the River
Seat 8: dd590e74 (big blind) folded on the River


Poker Hand #TM5679923333: Tournament #268450696, Bounty Hunters Sunday Special $10.80 Hold'em No Limit - Level8(200/400(60)) - 2026/03/08 22:13:59
Table '93' 8-max Seat #5 is the button
Seat 1: 36d2ebef (34,624 in chips)
Seat 2: 4cacb776 (28,911 in chips)
Seat 3: b7fb09cb (99,970 in chips)
Seat 4: b8bae433 (21,348 in chips)
Seat 5: Hero (25,285 in chips)
Seat 6: 72fe2041 (27,230 in chips)
Seat 7: a2a3523b (9,700 in chips)
Seat 8: dd590e74 (18,678 in chips)
b7fb09cb: posts the ante 60
a2a3523b: posts the ante 60
Hero: posts the ante 60
4cacb776: posts the ante 60
b8bae433: posts the ante 60
72fe2041: posts the ante 60
dd590e74: posts the ante 60
36d2ebef: posts the ante 60
72fe2041: posts small blind 200
a2a3523b: posts big blind 400
*** HOLE CARDS ***
Dealt to 36d2ebef 
Dealt to 4cacb776 
Dealt to b7fb09cb 
Dealt to b8bae433 
Dealt to Hero [Ks 2c]
Dealt to 72fe2041 
Dealt to a2a3523b 
Dealt to dd590e74 
dd590e74: folds
36d2ebef: folds
4cacb776: folds
b7fb09cb: folds
b8bae433: folds
Hero: folds
72fe2041: folds
Uncalled bet (200) returned to a2a3523b
*** SHOWDOWN ***
a2a3523b collected 880 from pot
*** SUMMARY ***
Total pot 880 | Rake 0 | Jackpot 0 | Bingo 0 | Fortune 0 | Tax 0
Seat 1: 36d2ebef folded before Flop
Seat 2: 4cacb776 folded before Flop
Seat 3: b7fb09cb folded before Flop
Seat 4: b8bae433 folded before Flop
Seat 5: Hero (button) folded before Flop
Seat 6: 72fe2041 (small blind) folded before Flop
Seat 7: a2a3523b (big blind) collected (880)
Seat 8: dd590e74 folded before Flop


Poker Hand #TM5679923316: Tournament #268450696, Bounty Hunters Sunday Special $10.80 Hold'em No Limit - Level8(200/400(60)) - 2026/03/08 22:13:17
Table '93' 8-max Seat #4 is the button
Seat 1: 36d2ebef (34,684 in chips)
Seat 2: 4cacb776 (27,291 in chips)
Seat 3: b7fb09cb (100,030 in chips)
Seat 4: b8bae433 (21,408 in chips)
Seat 5: Hero (26,145 in chips)
Seat 6: 72fe2041 (27,690 in chips)
Seat 7: a2a3523b (9,760 in chips)
Seat 8: dd590e74 (18,738 in chips)
b7fb09cb: posts the ante 60
a2a3523b: posts the ante 60
Hero: posts the ante 60
4cacb776: posts the ante 60
b8bae433: posts the ante 60
72fe2041: posts the ante 60
dd590e74: posts the ante 60
36d2ebef: posts the ante 60
Hero: posts small blind 200
72fe2041: posts big blind 400
*** HOLE CARDS ***
Dealt to 36d2ebef 
Dealt to 4cacb776 
Dealt to b7fb09cb 
Dealt to b8bae433 
Dealt to Hero [6d Kd]
Dealt to 72fe2041 
Dealt to a2a3523b 
Dealt to dd590e74 
a2a3523b: folds
dd590e74: folds
36d2ebef: folds
4cacb776: raises 400 to 800
b7fb09cb: folds
b8bae433: folds
Hero: calls 600
72fe2041: folds
*** FLOP *** [8c Js Qh]
Hero: checks
4cacb776: checks
*** TURN *** [8c Js Qh] [3c]
Hero: checks
4cacb776: bets 969
Hero: folds
Uncalled bet (969) returned to 4cacb776
*** SHOWDOWN ***
4cacb776 collected 2,480 from pot
*** SUMMARY ***
Total pot 2,480 | Rake 0 | Jackpot 0 | Bingo 0 | Fortune 0 | Tax 0
Board [8c Js Qh 3c]
Seat 1: 36d2ebef folded before Flop
Seat 2: 4cacb776 won (2,480)
Seat 3: b7fb09cb folded before Flop
Seat 4: b8bae433 (button) folded before Flop
Seat 5: Hero (small blind) folded on the Turn
Seat 6: 72fe2041 (big blind) folded before Flop
Seat 7: a2a3523b folded before Flop
Seat 8: dd590e74 folded before Flop


Poker Hand #TM5679923297: Tournament #268450696, Bounty Hunters Sunday Special $10.80 Hold'em No Limit - Level8(200/400(60)) - 2026/03/08 22:12:19
Table '93' 8-max Seat #3 is the button
Seat 1: 36d2ebef (34,744 in chips)
Seat 2: 4cacb776 (27,351 in chips)
Seat 3: b7fb09cb (100,090 in chips)
Seat 4: b8bae433 (21,668 in chips)
Seat 5: Hero (27,205 in chips)
Seat 6: 72fe2041 (27,750 in chips)
Seat 7: a2a3523b (9,820 in chips)
Seat 8: dd590e74 (17,118 in chips)
b7fb09cb: posts the ante 60
a2a3523b: posts the ante 60
Hero: posts the ante 60
4cacb776: posts the ante 60
b8bae433: posts the ante 60
72fe2041: posts the ante 60
dd590e74: posts the ante 60
36d2ebef: posts the ante 60
b8bae433: posts small blind 200
Hero: posts big blind 400
*** HOLE CARDS ***
Dealt to 36d2ebef 
Dealt to 4cacb776 
Dealt to b7fb09cb 
Dealt to b8bae433 
Dealt to Hero [Ah 4s]
Dealt to 72fe2041 
Dealt to a2a3523b 
Dealt to dd590e74 
72fe2041: folds
a2a3523b: folds
dd590e74: raises 600 to 1,000
36d2ebef: folds
4cacb776: folds
b7fb09cb: folds
b8bae433: folds
Hero: calls 600
*** FLOP *** [6c 9s Tc]
Hero: checks
dd590e74: bets 2,010
Hero: folds
Uncalled bet (2,010) returned to dd590e74
*** SHOWDOWN ***
dd590e74 collected 2,680 from pot
*** SUMMARY ***
Total pot 2,680 | Rake 0 | Jackpot 0 | Bingo 0 | Fortune 0 | Tax 0
Board [6c 9s Tc]
Seat 1: 36d2ebef folded before Flop
Seat 2: 4cacb776 folded before Flop
Seat 3: b7fb09cb (button) folded before Flop
Seat 4: b8bae433 (small blind) folded before Flop
Seat 5: Hero (big blind) folded on the Flop
Seat 6: 72fe2041 folded before Flop
Seat 7: a2a3523b folded before Flop
Seat 8: dd590e74 won (2,680)


Poker Hand #TM5679923272: Tournament #268450696, Bounty Hunters Sunday Special $10.80 Hold'em No Limit - Level8(200/400(60)) - 2026/03/08 22:11:36
Table '93' 8-max Seat #2 is the button
Seat 1: 36d2ebef (34,804 in chips)
Seat 2: 4cacb776 (28,411 in chips)
Seat 3: b7fb09cb (98,270 in chips)
Seat 4: b8bae433 (22,128 in chips)
Seat 5: Hero (27,265 in chips)
Seat 6: 72fe2041 (27,810 in chips)
Seat 7: a2a3523b (9,880 in chips)
Seat 8: dd590e74 (17,178 in chips)
b7fb09cb: posts the ante 60
a2a3523b: posts the ante 60
Hero: posts the ante 60
4cacb776: posts the ante 60
b8bae433: posts the ante 60
72fe2041: posts the ante 60
dd590e74: posts the ante 60
36d2ebef: posts the ante 60
b7fb09cb: posts small blind 200
b8bae433: posts big blind 400
*** HOLE CARDS ***
Dealt to 36d2ebef 
Dealt to 4cacb776 
Dealt to b7fb09cb 
Dealt to b8bae433 
Dealt to Hero [2c Jd]
Dealt to 72fe2041 
Dealt to a2a3523b 
Dealt to dd590e74 
Hero: folds
72fe2041: folds
a2a3523b: folds
dd590e74: folds
36d2ebef: folds
4cacb776: raises 600 to 1,000
b7fb09cb: raises 2,200 to 3,200
b8bae433: folds
4cacb776: folds
Uncalled bet (2,200) returned to b7fb09cb
*** SHOWDOWN ***
b7fb09cb collected 2,880 from pot
*** SUMMARY ***
Total pot 2,880 | Rake 0 | Jackpot 0 | Bingo 0 | Fortune 0 | Tax 0
Seat 1: 36d2ebef folded before Flop
Seat 2: 4cacb776 (button) folded before Flop
Seat 3: b7fb09cb (small blind) collected (2,880)
Seat 4: b8bae433 (big blind) folded before Flop
Seat 5: Hero folded before Flop
Seat 6: 72fe2041 folded before Flop
Seat 7: a2a3523b folded before Flop
Seat 8: dd590e74 folded before Flop


Poker Hand #TM5679923243: Tournament #268450696, Bounty Hunters Sunday Special $10.80 Hold'em No Limit - Level8(200/400(60)) - 2026/03/08 22:10:21
Table '93' 8-max Seat #1 is the button
Seat 1: 36d2ebef (35,864 in chips)
Seat 2: 4cacb776 (28,671 in chips)
Seat 3: b7fb09cb (85,990 in chips)
Seat 4: b8bae433 (22,188 in chips)
Seat 5: Hero (27,325 in chips)
Seat 6: 72fe2041 (27,870 in chips)
Seat 7: a2a3523b (9,940 in chips)
Seat 8: dd590e74 (27,898 in chips)
b7fb09cb: posts the ante 60
a2a3523b: posts the ante 60
Hero: posts the ante 60
4cacb776: posts the ante 60
b8bae433: posts the ante 60
72fe2041: posts the ante 60
dd590e74: posts the ante 60
36d2ebef: posts the ante 60
4cacb776: posts small blind 200
b7fb09cb: posts big blind 400
*** HOLE CARDS ***
Dealt to 36d2ebef 
Dealt to 4cacb776 
Dealt to b7fb09cb 
Dealt to b8bae433 
Dealt to Hero [2h 9s]
Dealt to 72fe2041 
Dealt to a2a3523b 
Dealt to dd590e74 
b8bae433: folds
Hero: folds
72fe2041: folds
a2a3523b: folds
dd590e74: raises 600 to 1,000
36d2ebef: calls 1,000
4cacb776: folds
b7fb09cb: calls 600
*** FLOP *** [As Qc 3s]
b7fb09cb: checks
dd590e74: bets 2,760
36d2ebef: folds
b7fb09cb: calls 2,760
*** TURN *** [As Qc 3s] [Kh]
b7fb09cb: checks
dd590e74: bets 6,900
b7fb09cb: calls 6,900
*** RIVER *** [As Qc 3s Kh] [Tc]
b7fb09cb: checks
dd590e74: checks
b7fb09cb: shows [Ad Jd] (a straight, Ace to Ten)
dd590e74: shows [Ah Ts] (two pair, Aces and Tens)
*** SHOWDOWN ***
b7fb09cb collected 23,000 from pot
*** SUMMARY ***
Total pot 23,000 | Rake 0 | Jackpot 0 | Bingo 0 | Fortune 0 | Tax 0
Board [As Qc 3s Kh Tc]
Seat 1: 36d2ebef (button) folded on the Flop
Seat 2: 4cacb776 (small blind) folded before Flop
Seat 3: b7fb09cb (big blind) showed [Ad Jd] and won (23,000) with a straight, Ace to Ten
Seat 4: b8bae433 folded before Flop
Seat 5: Hero folded before Flop
Seat 6: 72fe2041 folded before Flop
Seat 7: a2a3523b folded before Flop
Seat 8: dd590e74 showed [Ah Ts] and lost with two pair, Aces and Tens


Poker Hand #TM5679923219: Tournament #268450696, Bounty Hunters Sunday Special $10.80 Hold'em No Limit - Level8(200/400(60)) - 2026/03/08 22:09:17
Table '93' 8-max Seat #8 is the button
Seat 1: 36d2ebef (35,044 in chips)
Seat 2: 4cacb776 (29,131 in chips)
Seat 3: b7fb09cb (86,050 in chips)
Seat 4: b8bae433 (22,248 in chips)
Seat 5: Hero (27,385 in chips)
Seat 6: 72fe2041 (27,930 in chips)
Seat 7: a2a3523b (10,000 in chips)
Seat 8: dd590e74 (27,958 in chips)
b7fb09cb: posts the ante 60
a2a3523b: posts the ante 60
Hero: posts the ante 60
4cacb776: posts the ante 60
b8bae433: posts the ante 60
72fe2041: posts the ante 60
dd590e74: posts the ante 60
36d2ebef: posts the ante 60
36d2ebef: posts small blind 200
4cacb776: posts big blind 400
*** HOLE CARDS ***
Dealt to 36d2ebef 
Dealt to 4cacb776 
Dealt to b7fb09cb 
Dealt to b8bae433 
Dealt to Hero [3h 8c]
Dealt to 72fe2041 
Dealt to a2a3523b 
Dealt to dd590e74 
b7fb09cb: folds
b8bae433: folds
Hero: folds
72fe2041: folds
a2a3523b: folds
dd590e74: folds
36d2ebef: calls 200
4cacb776: checks
*** FLOP *** [Jd Th Jc]
36d2ebef: checks
4cacb776: checks
*** TURN *** [Jd Th Jc] [4s]
36d2ebef: bets 400
4cacb776: folds
Uncalled bet (400) returned to 36d2ebef
*** SHOWDOWN ***
36d2ebef collected 1,280 from pot
*** SUMMARY ***
Total pot 1,280 | Rake 0 | Jackpot 0 | Bingo 0 | Fortune 0 | Tax 0
Board [Jd Th Jc 4s]
Seat 1: 36d2ebef (small blind) won (1,280)
Seat 2: 4cacb776 (big blind) folded on the Turn
Seat 3: b7fb09cb folded before Flop
Seat 4: b8bae433 folded before Flop
Seat 5: Hero folded before Flop
Seat 6: 72fe2041 folded before Flop
Seat 7: a2a3523b folded before Flop
Seat 8: dd590e74 (button) folded before Flop


Poker Hand #TM5679923200: Tournament #268450696, Bounty Hunters Sunday Special $10.80 Hold'em No Limit - Level8(200/400(60)) - 2026/03/08 22:08:31
Table '93' 8-max Seat #6 is the button
Seat 1: 36d2ebef (37,304 in chips)
Seat 2: 4cacb776 (29,191 in chips)
Seat 3: b7fb09cb (86,110 in chips)
Seat 4: b8bae433 (22,308 in chips)
Seat 5: Hero (27,445 in chips)
Seat 6: 72fe2041 (25,170 in chips)
Seat 8: dd590e74 (28,218 in chips)
b7fb09cb: posts the ante 60
Hero: posts the ante 60
4cacb776: posts the ante 60
b8bae433: posts the ante 60
72fe2041: posts the ante 60
dd590e74: posts the ante 60
36d2ebef: posts the ante 60
dd590e74: posts small blind 200
36d2ebef: posts big blind 400
*** HOLE CARDS ***
Dealt to 36d2ebef 
Dealt to 4cacb776 
Dealt to b7fb09cb 
Dealt to b8bae433 
Dealt to Hero [9s 4s]
Dealt to 72fe2041 
Dealt to dd590e74 
4cacb776: folds
b7fb09cb: folds
b8bae433: folds
Hero: folds
72fe2041: raises 400 to 800
dd590e74: folds
36d2ebef: calls 400
*** FLOP *** [Qh 5h Ks]
36d2ebef: checks
72fe2041: checks
*** TURN *** [Qh 5h Ks] [8c]
36d2ebef: bets 1,400
72fe2041: calls 1,400
*** RIVER *** [Qh 5h Ks 8c] [6h]
36d2ebef: checks
72fe2041: checks
36d2ebef: shows [6s As] (a pair of Sixes)
72fe2041: shows [Qc 4c] (a pair of Queens)
*** SHOWDOWN ***
72fe2041 collected 5,020 from pot
*** SUMMARY ***
Total pot 5,020 | Rake 0 | Jackpot 0 | Bingo 0 | Fortune 0 | Tax 0
Board [Qh 5h Ks 8c 6h]
Seat 1: 36d2ebef (big blind) showed [6s As] and lost with a pair of Sixes
Seat 2: 4cacb776 folded before Flop
Seat 3: b7fb09cb folded before Flop
Seat 4: b8bae433 folded before Flop
Seat 5: Hero folded before Flop
Seat 6: 72fe2041 (button) showed [Qc 4c] and won (5,020) with a pair of Queens
Seat 8: dd590e74 (small blind) folded before Flop


Poker Hand #TM5679923165: Tournament #268450696, Bounty Hunters Sunday Special $10.80 Hold'em No Limit - Level7(175/350(50)) - 2026/03/08 22:07:14
Table '93' 8-max Seat #5 is the button
Seat 1: 36d2ebef (37,354 in chips)
Seat 2: 4cacb776 (25,129 in chips)
Seat 3: b7fb09cb (86,160 in chips)
Seat 4: b8bae433 (22,358 in chips)
Seat 5: Hero (27,495 in chips)
Seat 6: 72fe2041 (25,395 in chips)
Seat 8: dd590e74 (31,855 in chips)
b7fb09cb: posts the ante 50
Hero: posts the ante 50
4cacb776: posts the ante 50
b8bae433: posts the ante 50
72fe2041: posts the ante 50
dd590e74: posts the ante 50
36d2ebef: posts the ante 50
72fe2041: posts small blind 175
dd590e74: posts big blind 350
*** HOLE CARDS ***
Dealt to 36d2ebef 
Dealt to 4cacb776 
Dealt to b7fb09cb 
Dealt to b8bae433 
Dealt to Hero [5d Jc]
Dealt to 72fe2041 
Dealt to dd590e74 
36d2ebef: folds
4cacb776: raises 350 to 700
b7fb09cb: folds
b8bae433: folds
Hero: folds
72fe2041: folds
dd590e74: calls 350
*** FLOP *** [2c Kc 6h]
dd590e74: checks
4cacb776: bets 597
dd590e74: calls 597
*** TURN *** [2c Kc 6h] [5h]
dd590e74: checks
4cacb776: bets 2,290
dd590e74: calls 2,290
*** RIVER *** [2c Kc 6h 5h] [As]
dd590e74: checks
4cacb776: checks
dd590e74: shows [7d 6d] (a pair of Sixes)
4cacb776: shows [Qc Ks] (a pair of Kings)
*** SHOWDOWN ***
4cacb776 collected 7,699 from pot
*** SUMMARY ***
Total pot 7,699 | Rake 0 | Jackpot 0 | Bingo 0 | Fortune 0 | Tax 0
Board [2c Kc 6h 5h As]
Seat 1: 36d2ebef folded before Flop
Seat 2: 4cacb776 showed [Qc Ks] and won (7,699) with a pair of Kings
Seat 3: b7fb09cb folded before Flop
Seat 4: b8bae433 folded before Flop
Seat 5: Hero (button) folded before Flop
Seat 6: 72fe2041 (small blind) folded before Flop
Seat 8: dd590e74 (big blind) showed [7d 6d] and lost with a pair of Sixes


Poker Hand #TM5679923138: Tournament #268450696, Bounty Hunters Sunday Special $10.80 Hold'em No Limit - Level7(175/350(50)) - 2026/03/08 22:06:14
Table '93' 8-max Seat #4 is the button
Seat 1: 36d2ebef (37,404 in chips)
Seat 2: 4cacb776 (25,179 in chips)
Seat 3: b7fb09cb (86,210 in chips)
Seat 4: b8bae433 (22,408 in chips)
Seat 5: Hero (8,965 in chips)
Seat 6: 72fe2041 (25,795 in chips)
Seat 7: 5692b54c (18,010 in chips)
Seat 8: dd590e74 (31,775 in chips)
b7fb09cb: posts the ante 50
Hero: posts the ante 50
4cacb776: posts the ante 50
b8bae433: posts the ante 50
5692b54c: posts the ante 50
72fe2041: posts the ante 50
dd590e74: posts the ante 50
36d2ebef: posts the ante 50
Hero: posts small blind 175
72fe2041: posts big blind 350
*** HOLE CARDS ***
Dealt to 36d2ebef 
Dealt to 4cacb776 
Dealt to b7fb09cb 
Dealt to b8bae433 
Dealt to Hero [Kc As]
Dealt to 72fe2041 
Dealt to 5692b54c 
Dealt to dd590e74 
5692b54c: raises 350 to 700
dd590e74: raises 1,744 to 2,444
36d2ebef: folds
4cacb776: folds
b7fb09cb: folds
b8bae433: folds
Hero: raises 6,471 to 8,915 and is all-in
72fe2041: folds
5692b54c: raises 9,045 to 17,960 and is all-in
dd590e74: calls 15,516
5692b54c: shows [Th Kh]
dd590e74: shows [Ad Qd]
Hero: shows [Kc As]
*** FLOP *** [9d 4d 6s]
*** TURN *** [9d 4d 6s] [7s]
*** RIVER *** [9d 4d 6s 7s] [3s]
*** SHOWDOWN ***
Hero collected 27,495 from pot
dd590e74 collected 18,090 from pot
*** SUMMARY ***
Total pot 45,585 | Rake 0 | Jackpot 0 | Bingo 0 | Fortune 0 | Tax 0
Board [9d 4d 6s 7s 3s]
Seat 1: 36d2ebef folded before Flop
Seat 2: 4cacb776 folded before Flop
Seat 3: b7fb09cb folded before Flop
Seat 4: b8bae433 (button) folded before Flop
Seat 5: Hero (small blind) showed [Kc As] and won (27,495) with Ace high
Seat 6: 72fe2041 (big blind) folded before Flop
Seat 7: 5692b54c showed [Th Kh] and lost with King high
Seat 8: dd590e74 showed [Ad Qd] and won (18,090) with Ace high


Poker Hand #TM5679923107: Tournament #268450696, Bounty Hunters Sunday Special $10.80 Hold'em No Limit - Level7(175/350(50)) - 2026/03/08 22:04:53
Table '93' 8-max Seat #3 is the button
Seat 1: 36d2ebef (37,454 in chips)
Seat 2: 4cacb776 (25,229 in chips)
Seat 3: b7fb09cb (86,260 in chips)
Seat 4: b8bae433 (22,633 in chips)
Seat 5: Hero (10,765 in chips)
Seat 6: 72fe2041 (23,520 in chips)
Seat 7: 5692b54c (18,060 in chips)
Seat 8: dd590e74 (31,825 in chips)
b7fb09cb: posts the ante 50
Hero: posts the ante 50
4cacb776: posts the ante 50
b8bae433: posts the ante 50
5692b54c: posts the ante 50
72fe2041: posts the ante 50
dd590e74: posts the ante 50
36d2ebef: posts the ante 50
b8bae433: posts small blind 175
Hero: posts big blind 350
*** HOLE CARDS ***
Dealt to 36d2ebef 
Dealt to 4cacb776 
Dealt to b7fb09cb 
Dealt to b8bae433 
Dealt to Hero [Qc 3d]
Dealt to 72fe2041 
Dealt to 5692b54c 
Dealt to dd590e74 
72fe2041: raises 350 to 700
5692b54c: folds
dd590e74: folds
36d2ebef: folds
4cacb776: folds
b7fb09cb: folds
b8bae433: folds
Hero: calls 350
*** FLOP *** [6d 3h 9c]
Hero: checks
72fe2041: checks
*** TURN *** [6d 3h 9c] [Ks]
Hero: checks
72fe2041: bets 1,050
Hero: calls 1,050
*** RIVER *** [6d 3h 9c Ks] [6c]
Hero: checks
72fe2041: bets 3,407
Hero: folds
Uncalled bet (3,407) returned to 72fe2041
*** SHOWDOWN ***
72fe2041 collected 4,075 from pot
*** SUMMARY ***
Total pot 4,075 | Rake 0 | Jackpot 0 | Bingo 0 | Fortune 0 | Tax 0
Board [6d 3h 9c Ks 6c]
Seat 1: 36d2ebef folded before Flop
Seat 2: 4cacb776 folded before Flop
Seat 3: b7fb09cb (button) folded before Flop
Seat 4: b8bae433 (small blind) folded before Flop
Seat 5: Hero (big blind) folded on the River
Seat 6: 72fe2041 won (4,075)
Seat 7: 5692b54c folded before Flop
Seat 8: dd590e74 folded before Flop


Poker Hand #TM5679923073: Tournament #268450696, Bounty Hunters Sunday Special $10.80 Hold'em No Limit - Level7(175/350(50)) - 2026/03/08 22:03:40
Table '93' 8-max Seat #2 is the button
Seat 1: 36d2ebef (35,344 in chips)
Seat 2: 4cacb776 (25,279 in chips)
Seat 3: b7fb09cb (87,720 in chips)
Seat 4: b8bae433 (23,033 in chips)
Seat 5: Hero (10,815 in chips)
Seat 6: 72fe2041 (23,570 in chips)
Seat 7: 5692b54c (18,110 in chips)
Seat 8: dd590e74 (31,875 in chips)
b7fb09cb: posts the ante 50
Hero: posts the ante 50
4cacb776: posts the ante 50
b8bae433: posts the ante 50
5692b54c: posts the ante 50
72fe2041: posts the ante 50
dd590e74: posts the ante 50
36d2ebef: posts the ante 50
b7fb09cb: posts small blind 175
b8bae433: posts big blind 350
*** HOLE CARDS ***
Dealt to 36d2ebef 
Dealt to 4cacb776 
Dealt to b7fb09cb 
Dealt to b8bae433 
Dealt to Hero [Js 7c]
Dealt to 72fe2041 
Dealt to 5692b54c 
Dealt to dd590e74 
Hero: folds
72fe2041: folds
5692b54c: folds
dd590e74: folds
36d2ebef: raises 350 to 700
4cacb776: folds
b7fb09cb: calls 525
b8bae433: folds
*** FLOP *** [4h 3d 4d]
b7fb09cb: checks
36d2ebef: bets 710
b7fb09cb: calls 710
*** TURN *** [4h 3d 4d] [Kh]
b7fb09cb: checks
36d2ebef: bets 2,678
b7fb09cb: folds
Uncalled bet (2,678) returned to 36d2ebef
*** SHOWDOWN ***
36d2ebef collected 3,570 from pot
*** SUMMARY ***
Total pot 3,570 | Rake 0 | Jackpot 0 | Bingo 0 | Fortune 0 | Tax 0
Board [4h 3d 4d Kh]
Seat 1: 36d2ebef won (3,570)
Seat 2: 4cacb776 (button) folded before Flop
Seat 3: b7fb09cb (small blind) folded on the Turn
Seat 4: b8bae433 (big blind) folded before Flop
Seat 5: Hero folded before Flop
Seat 6: 72fe2041 folded before Flop
Seat 7: 5692b54c folded before Flop
Seat 8: dd590e74 folded before Flop


Poker Hand #TM5679923041: Tournament #268450696, Bounty Hunters Sunday Special $10.80 Hold'em No Limit - Level7(175/350(50)) - 2026/03/08 22:02:02
Table '93' 8-max Seat #1 is the button
Seat 1: 36d2ebef (35,394 in chips)
Seat 2: 4cacb776 (25,504 in chips)
Seat 3: b7fb09cb (80,195 in chips)
Seat 4: b8bae433 (23,083 in chips)
Seat 5: Hero (11,565 in chips)
Seat 6: 72fe2041 (23,620 in chips)
Seat 7: 5692b54c (18,860 in chips)
Seat 8: dd590e74 (37,525 in chips)
b7fb09cb: posts the ante 50
Hero: posts the ante 50
4cacb776: posts the ante 50
b8bae433: posts the ante 50
5692b54c: posts the ante 50
72fe2041: posts the ante 50
dd590e74: posts the ante 50
36d2ebef: posts the ante 50
4cacb776: posts small blind 175
b7fb09cb: posts big blind 350
*** HOLE CARDS ***
Dealt to 36d2ebef 
Dealt to 4cacb776 
Dealt to b7fb09cb 
Dealt to b8bae433 
Dealt to Hero [Ac 3c]
Dealt to 72fe2041 
Dealt to 5692b54c 
Dealt to dd590e74 
b8bae433: folds
Hero: raises 350 to 700
72fe2041: folds
5692b54c: calls 700
dd590e74: raises 999 to 1,699
36d2ebef: folds
4cacb776: folds
b7fb09cb: raises 3,901 to 5,600
Hero: folds
5692b54c: folds
dd590e74: calls 3,901
*** FLOP *** [8h Kh 5h]
b7fb09cb: bets 6,588
dd590e74: folds
Uncalled bet (6,588) returned to b7fb09cb
*** SHOWDOWN ***
b7fb09cb collected 13,175 from pot
*** SUMMARY ***
Total pot 13,175 | Rake 0 | Jackpot 0 | Bingo 0 | Fortune 0 | Tax 0
Board [8h Kh 5h]
Seat 1: 36d2ebef (button) folded before Flop
Seat 2: 4cacb776 (small blind) folded before Flop
Seat 3: b7fb09cb (big blind) won (13,175)
Seat 4: b8bae433 folded before Flop
Seat 5: Hero folded before Flop
Seat 6: 72fe2041 folded before Flop
Seat 7: 5692b54c folded before Flop
Seat 8: dd590e74 folded on the Flop


Poker Hand #TM5679923015: Tournament #268450696, Bounty Hunters Sunday Special $10.80 Hold'em No Limit - Level7(175/350(50)) - 2026/03/08 21:54:36
Table '93' 8-max Seat #8 is the button
Seat 1: 36d2ebef (33,294 in chips)
Seat 2: 4cacb776 (25,904 in chips)
Seat 3: b7fb09cb (80,245 in chips)
Seat 4: b8bae433 (23,133 in chips)
Seat 5: Hero (11,615 in chips)
Seat 6: 72fe2041 (23,670 in chips)
Seat 7: 5692b54c (19,610 in chips)
Seat 8: dd590e74 (38,275 in chips)
b7fb09cb: posts the ante 50
Hero: posts the ante 50
4cacb776: posts the ante 50
b8bae433: posts the ante 50
5692b54c: posts the ante 50
72fe2041: posts the ante 50
dd590e74: posts the ante 50
36d2ebef: posts the ante 50
36d2ebef: posts small blind 175
4cacb776: posts big blind 350
*** HOLE CARDS ***
Dealt to 36d2ebef 
Dealt to 4cacb776 
Dealt to b7fb09cb 
Dealt to b8bae433 
Dealt to Hero [Jc 7s]
Dealt to 72fe2041 
Dealt to 5692b54c 
Dealt to dd590e74 
b7fb09cb: folds
b8bae433: folds
Hero: folds
72fe2041: folds
5692b54c: raises 350 to 700
dd590e74: calls 700
36d2ebef: calls 525
4cacb776: folds
*** FLOP *** [Jh As 3s]
36d2ebef: checks
5692b54c: checks
dd590e74: checks
*** TURN *** [Jh As 3s] [Ah]
36d2ebef: bets 2,138
5692b54c: folds
dd590e74: folds
Uncalled bet (2,138) returned to 36d2ebef
*** SHOWDOWN ***
36d2ebef collected 2,850 from pot
*** SUMMARY ***
Total pot 2,850 | Rake 0 | Jackpot 0 | Bingo 0 | Fortune 0 | Tax 0
Board [Jh As 3s Ah]
Seat 1: 36d2ebef (small blind) won (2,850)
Seat 2: 4cacb776 (big blind) folded before Flop
Seat 3: b7fb09cb folded before Flop
Seat 4: b8bae433 folded before Flop
Seat 5: Hero folded before Flop
Seat 6: 72fe2041 folded before Flop
Seat 7: 5692b54c folded on the Turn
Seat 8: dd590e74 (button) folded on the Turn


Poker Hand #TM5679922990: Tournament #268450696, Bounty Hunters Sunday Special $10.80 Hold'em No Limit - Level7(175/350(50)) - 2026/03/08 21:53:28
Table '93' 8-max Seat #7 is the button
Seat 1: 36d2ebef (33,694 in chips)
Seat 2: 4cacb776 (25,954 in chips)
Seat 3: b7fb09cb (80,295 in chips)
Seat 4: b8bae433 (16,303 in chips)
Seat 5: Hero (11,665 in chips)
Seat 6: 72fe2041 (23,720 in chips)
Seat 7: 5692b54c (22,725 in chips)
Seat 8: dd590e74 (41,390 in chips)
b7fb09cb: posts the ante 50
Hero: posts the ante 50
4cacb776: posts the ante 50
b8bae433: posts the ante 50
5692b54c: posts the ante 50
72fe2041: posts the ante 50
dd590e74: posts the ante 50
36d2ebef: posts the ante 50
dd590e74: posts small blind 175
36d2ebef: posts big blind 350
*** HOLE CARDS ***
Dealt to 36d2ebef 
Dealt to 4cacb776 
Dealt to b7fb09cb 
Dealt to b8bae433 
Dealt to Hero [2h Ts]
Dealt to 72fe2041 
Dealt to 5692b54c 
Dealt to dd590e74 
4cacb776: folds
b7fb09cb: folds
b8bae433: raises 420 to 770
Hero: folds
72fe2041: folds
5692b54c: calls 770
dd590e74: calls 595
36d2ebef: folds
*** FLOP *** [4h 8c 5h]
dd590e74: checks
b8bae433: checks
5692b54c: bets 2,295
dd590e74: calls 2,295
b8bae433: calls 2,295
*** TURN *** [4h 8c 5h] [Qs]
dd590e74: checks
b8bae433: checks
5692b54c: checks
*** RIVER *** [4h 8c 5h Qs] [2s]
dd590e74: checks
b8bae433: checks
5692b54c: checks
dd590e74: shows [Ah 9s] (Ace high)
b8bae433: shows [Kh Qd] (a pair of Queens)
5692b54c: shows [7c 7s] (a pair of Sevens)
*** SHOWDOWN ***
b8bae433 collected 9,945 from pot
*** SUMMARY ***
Total pot 9,945 | Rake 0 | Jackpot 0 | Bingo 0 | Fortune 0 | Tax 0
Board [4h 8c 5h Qs 2s]
Seat 1: 36d2ebef (big blind) folded before Flop
Seat 2: 4cacb776 folded before Flop
Seat 3: b7fb09cb folded before Flop
Seat 4: b8bae433 showed [Kh Qd] and won (9,945) with a pair of Queens
Seat 5: Hero folded before Flop
Seat 6: 72fe2041 folded before Flop
Seat 7: 5692b54c (button) showed [7c 7s] and lost with a pair of Sevens
Seat 8: dd590e74 (small blind) showed [Ah 9s] and lost with Ace high


Poker Hand #TM5679922972: Tournament #268450696, Bounty Hunters Sunday Special $10.80 Hold'em No Limit - Level7(175/350(50)) - 2026/03/08 21:52:54
Table '93' 8-max Seat #6 is the button
Seat 1: 36d2ebef (33,744 in chips)
Seat 2: 4cacb776 (26,004 in chips)
Seat 3: b7fb09cb (80,345 in chips)
Seat 5: Hero (11,715 in chips)
Seat 6: 72fe2041 (24,470 in chips)
Seat 7: 5692b54c (21,025 in chips)
Seat 8: dd590e74 (42,140 in chips)
b7fb09cb: posts the ante 50
Hero: posts the ante 50
4cacb776: posts the ante 50
5692b54c: posts the ante 50
72fe2041: posts the ante 50
dd590e74: posts the ante 50
36d2ebef: posts the ante 50
5692b54c: posts small blind 175
dd590e74: posts big blind 350
*** HOLE CARDS ***
Dealt to 36d2ebef 
Dealt to 4cacb776 
Dealt to b7fb09cb 
Dealt to Hero [7d 8c]
Dealt to 72fe2041 
Dealt to 5692b54c 
Dealt to dd590e74 
36d2ebef: folds
4cacb776: folds
b7fb09cb: folds
Hero: folds
72fe2041: raises 350 to 700
5692b54c: calls 525
dd590e74: calls 350
*** FLOP *** [8d 3d Jh]
5692b54c: checks
dd590e74: checks
72fe2041: checks
*** TURN *** [8d 3d Jh] [4s]
5692b54c: checks
dd590e74: checks
72fe2041: checks
*** RIVER *** [8d 3d Jh 4s] [Js]
5692b54c: checks
dd590e74: checks
72fe2041: checks
5692b54c: shows [As 3c] (two pair, Jacks and Threes)
dd590e74: shows [5d Qc] (a pair of Jacks)
72fe2041: shows [Ah 9c] (a pair of Jacks)
*** SHOWDOWN ***
5692b54c collected 2,450 from pot
*** SUMMARY ***
Total pot 2,450 | Rake 0 | Jackpot 0 | Bingo 0 | Fortune 0 | Tax 0
Board [8d 3d Jh 4s Js]
Seat 1: 36d2ebef folded before Flop
Seat 2: 4cacb776 folded before Flop
Seat 3: b7fb09cb folded before Flop
Seat 5: Hero folded before Flop
Seat 6: 72fe2041 (button) showed [Ah 9c] and lost with a pair of Jacks
Seat 7: 5692b54c (small blind) showed [As 3c] and won (2,450) with two pair, Jacks and Threes
Seat 8: dd590e74 (big blind) showed [5d Qc] and lost with a pair of Jacks


Poker Hand #TM5679922969: Tournament #268450696, Bounty Hunters Sunday Special $10.80 Hold'em No Limit - Level7(175/350(50)) - 2026/03/08 21:52:38
Table '93' 8-max Seat #5 is the button
Seat 1: 36d2ebef (33,794 in chips)
Seat 2: 4cacb776 (26,054 in chips)
Seat 3: b7fb09cb (79,520 in chips)
Seat 5: Hero (11,765 in chips)
Seat 6: 72fe2041 (24,695 in chips)
Seat 7: 5692b54c (21,425 in chips)
Seat 8: dd590e74 (42,190 in chips)
b7fb09cb: posts the ante 50
Hero: posts the ante 50
4cacb776: posts the ante 50
5692b54c: posts the ante 50
72fe2041: posts the ante 50
dd590e74: posts the ante 50
36d2ebef: posts the ante 50
72fe2041: posts small blind 175
5692b54c: posts big blind 350
*** HOLE CARDS ***
Dealt to 36d2ebef 
Dealt to 4cacb776 
Dealt to b7fb09cb 
Dealt to Hero [2s Jh]
Dealt to 72fe2041 
Dealt to 5692b54c 
Dealt to dd590e74 
dd590e74: folds
36d2ebef: folds
4cacb776: folds
b7fb09cb: raises 350 to 700
Hero: folds
72fe2041: folds
5692b54c: folds
Uncalled bet (350) returned to b7fb09cb
*** SHOWDOWN ***
b7fb09cb collected 1,225 from pot
*** SUMMARY ***
Total pot 1,225 | Rake 0 | Jackpot 0 | Bingo 0 | Fortune 0 | Tax 0
Seat 1: 36d2ebef folded before Flop
Seat 2: 4cacb776 folded before Flop
Seat 3: b7fb09cb collected (1,225)
Seat 5: Hero (button) folded before Flop
Seat 6: 72fe2041 (small blind) folded before Flop
Seat 7: 5692b54c (big blind) folded before Flop
Seat 8: dd590e74 folded before Flop


Poker Hand #TM5679922941: Tournament #268450696, Bounty Hunters Sunday Special $10.80 Hold'em No Limit - Level7(175/350(50)) - 2026/03/08 21:51:37
Table '93' 8-max Seat #3 is the button
Seat 1: 36d2ebef (33,844 in chips)
Seat 3: b7fb09cb (67,320 in chips)
Seat 4: 71a507a2 (11,600 in chips)
Seat 5: Hero (12,165 in chips)
Seat 6: 72fe2041 (24,745 in chips)
Seat 7: 5692b54c (21,475 in chips)
Seat 8: dd590e74 (42,240 in chips)
b7fb09cb: posts the ante 50
Hero: posts the ante 50
71a507a2: posts the ante 50
5692b54c: posts the ante 50
72fe2041: posts the ante 50
dd590e74: posts the ante 50
36d2ebef: posts the ante 50
71a507a2: posts small blind 175
Hero: posts big blind 350
*** HOLE CARDS ***
Dealt to 36d2ebef 
Dealt to b7fb09cb 
Dealt to 71a507a2 
Dealt to Hero [8d Qc]
Dealt to 72fe2041 
Dealt to 5692b54c 
Dealt to dd590e74 
72fe2041: folds
5692b54c: folds
dd590e74: folds
36d2ebef: folds
b7fb09cb: raises 350 to 700
71a507a2: raises 1,750 to 2,450
Hero: folds
b7fb09cb: raises 64,820 to 67,270 and is all-in
71a507a2: calls 9,100 and is all-in
Uncalled bet (55,720) returned to b7fb09cb
b7fb09cb: shows [5d 5c]
71a507a2: shows [Ad Qd]
*** FLOP *** [7d 4d Ts]
*** TURN *** [7d 4d Ts] [Js]
*** RIVER *** [7d 4d Ts Js] [6c]
dd590e74: shows [Jh] (a pair of Jacks)
*** SHOWDOWN ***
b7fb09cb collected 23,800 from pot
*** SUMMARY ***
Total pot 23,800 | Rake 0 | Jackpot 0 | Bingo 0 | Fortune 0 | Tax 0
Board [7d 4d Ts Js 6c]
Seat 1: 36d2ebef folded before Flop
Seat 3: b7fb09cb (button) showed [5d 5c] and won (23,800) with a pair of Fives
Seat 4: 71a507a2 (small blind) showed [Ad Qd] and lost with Ace high
Seat 5: Hero (big blind) folded before Flop
Seat 6: 72fe2041 folded before Flop
Seat 7: 5692b54c folded before Flop
Seat 8: dd590e74 folded before Flop


Poker Hand #TM5679922904: Tournament #268450696, Bounty Hunters Sunday Special $10.80 Hold'em No Limit - Level7(175/350(50)) - 2026/03/08 21:50:04
Table '93' 8-max Seat #2 is the button
Seat 1: 36d2ebef (33,894 in chips)
Seat 2: 8d40a5bd (25,290 in chips)
Seat 3: b7fb09cb (39,980 in chips)
Seat 4: 71a507a2 (12,000 in chips)
Seat 5: Hero (12,215 in chips)
Seat 6: 72fe2041 (25,495 in chips)
Seat 7: 5692b54c (21,525 in chips)
Seat 8: dd590e74 (42,990 in chips)
b7fb09cb: posts the ante 50
8d40a5bd: posts the ante 50
Hero: posts the ante 50
71a507a2: posts the ante 50
5692b54c: posts the ante 50
72fe2041: posts the ante 50
dd590e74: posts the ante 50
36d2ebef: posts the ante 50
b7fb09cb: posts small blind 175
71a507a2: posts big blind 350
*** HOLE CARDS ***
Dealt to 36d2ebef 
Dealt to 8d40a5bd 
Dealt to b7fb09cb 
Dealt to 71a507a2 
Dealt to Hero [7h 5s]
Dealt to 72fe2041 
Dealt to 5692b54c 
Dealt to dd590e74 
Hero: folds
72fe2041: raises 350 to 700
5692b54c: folds
dd590e74: calls 700
36d2ebef: folds
8d40a5bd: raises 2,269 to 2,969
b7fb09cb: calls 2,794
71a507a2: folds
72fe2041: folds
dd590e74: folds
*** FLOP *** [7s Qd 7c]
b7fb09cb: checks
8d40a5bd: bets 2,800
b7fb09cb: calls 2,800
*** TURN *** [7s Qd 7c] [Tc]
b7fb09cb: checks
8d40a5bd: bets 4,518
b7fb09cb: calls 4,518
*** RIVER *** [7s Qd 7c Tc] [Qh]
b7fb09cb: checks
8d40a5bd: bets 14,953 and is all-in
b7fb09cb: calls 14,953
8d40a5bd: shows [Ad Kd] (two pair, Queens and Sevens)
b7fb09cb: shows [Ts Th] (a full house, Tens full of Queens)
*** SHOWDOWN ***
b7fb09cb collected 52,630 from pot
*** SUMMARY ***
Total pot 52,630 | Rake 0 | Jackpot 0 | Bingo 0 | Fortune 0 | Tax 0
Board [7s Qd 7c Tc Qh]
Seat 1: 36d2ebef folded before Flop
Seat 2: 8d40a5bd (button) showed [Ad Kd] and lost with two pair, Queens and Sevens
Seat 3: b7fb09cb (small blind) showed [Ts Th] and won (52,630) with a full house, Tens full of Queens
Seat 4: 71a507a2 (big blind) folded before Flop
Seat 5: Hero folded before Flop
Seat 6: 72fe2041 folded before Flop
Seat 7: 5692b54c folded before Flop
Seat 8: dd590e74 folded before Flop


Poker Hand #TM5679922883: Tournament #268450696, Bounty Hunters Sunday Special $10.80 Hold'em No Limit - Level7(175/350(50)) - 2026/03/08 21:49:13
Table '93' 8-max Seat #1 is the button
Seat 1: 36d2ebef (33,944 in chips)
Seat 2: 8d40a5bd (25,515 in chips)
Seat 3: b7fb09cb (40,380 in chips)
Seat 4: 71a507a2 (12,050 in chips)
Seat 5: Hero (12,265 in chips)
Seat 6: 72fe2041 (26,245 in chips)
Seat 7: 5692b54c (10,000 in chips)
Seat 8: dd590e74 (52,990 in chips)
b7fb09cb: posts the ante 50
8d40a5bd: posts the ante 50
Hero: posts the ante 50
71a507a2: posts the ante 50
5692b54c: posts the ante 50
72fe2041: posts the ante 50
dd590e74: posts the ante 50
36d2ebef: posts the ante 50
8d40a5bd: posts small blind 175
b7fb09cb: posts big blind 350
*** HOLE CARDS ***
Dealt to 36d2ebef 
Dealt to 8d40a5bd 
Dealt to b7fb09cb 
Dealt to 71a507a2 
Dealt to Hero [Kc 4c]
Dealt to 72fe2041 
Dealt to 5692b54c 
Dealt to dd590e74 
71a507a2: folds
Hero: folds
72fe2041: raises 350 to 700
5692b54c: raises 9,250 to 9,950 and is all-in
dd590e74: calls 9,950
36d2ebef: folds
8d40a5bd: folds
b7fb09cb: folds
72fe2041: folds
5692b54c: shows [6c Ac]
dd590e74: shows [Kd Jc]
*** FLOP *** [8s 3d 5c]
*** TURN *** [8s 3d 5c] [7h]
*** RIVER *** [8s 3d 5c 7h] [3h]
*** SHOWDOWN ***
5692b54c collected 21,525 from pot
*** SUMMARY ***
Total pot 21,525 | Rake 0 | Jackpot 0 | Bingo 0 | Fortune 0 | Tax 0
Board [8s 3d 5c 7h 3h]
Seat 1: 36d2ebef (button) folded before Flop
Seat 2: 8d40a5bd (small blind) folded before Flop
Seat 3: b7fb09cb (big blind) folded before Flop
Seat 4: 71a507a2 folded before Flop
Seat 5: Hero folded before Flop
Seat 6: 72fe2041 folded before Flop
Seat 7: 5692b54c showed [6c Ac] and won (21,525) with a pair of Threes
Seat 8: dd590e74 showed [Kd Jc] and lost with a pair of Threes


Poker Hand #TM5679922870: Tournament #268450696, Bounty Hunters Sunday Special $10.80 Hold'em No Limit - Level6(150/300(45)) - 2026/03/08 21:48:42
Table '93' 8-max Seat #8 is the button
Seat 1: 36d2ebef (34,139 in chips)
Seat 2: 8d40a5bd (25,860 in chips)
Seat 3: b7fb09cb (40,425 in chips)
Seat 4: 71a507a2 (11,330 in chips)
Seat 5: Hero (12,310 in chips)
Seat 6: 72fe2041 (26,290 in chips)
Seat 8: dd590e74 (53,035 in chips)
b7fb09cb: posts the ante 45
8d40a5bd: posts the ante 45
Hero: posts the ante 45
71a507a2: posts the ante 45
72fe2041: posts the ante 45
dd590e74: posts the ante 45
36d2ebef: posts the ante 45
36d2ebef: posts small blind 150
8d40a5bd: posts big blind 300
*** HOLE CARDS ***
Dealt to 36d2ebef 
Dealt to 8d40a5bd 
Dealt to b7fb09cb 
Dealt to 71a507a2 
Dealt to Hero [Ks 4s]
Dealt to 72fe2041 
Dealt to dd590e74 
b7fb09cb: folds
71a507a2: raises 300 to 600
Hero: folds
72fe2041: folds
dd590e74: folds
36d2ebef: folds
8d40a5bd: folds
Uncalled bet (300) returned to 71a507a2
*** SHOWDOWN ***
71a507a2 collected 1,065 from pot
*** SUMMARY ***
Total pot 1,065 | Rake 0 | Jackpot 0 | Bingo 0 | Fortune 0 | Tax 0
Seat 1: 36d2ebef (small blind) folded before Flop
Seat 2: 8d40a5bd (big blind) folded before Flop
Seat 3: b7fb09cb folded before Flop
Seat 4: 71a507a2 collected (1,065)
Seat 5: Hero folded before Flop
Seat 6: 72fe2041 folded before Flop
Seat 8: dd590e74 (button) folded before Flop


Poker Hand #TM5679922834: Tournament #268450696, Bounty Hunters Sunday Special $10.80 Hold'em No Limit - Level6(150/300(45)) - 2026/03/08 21:47:06
Table '93' 8-max Seat #7 is the button
Seat 1: 36d2ebef (34,484 in chips)
Seat 2: 8d40a5bd (25,905 in chips)
Seat 3: b7fb09cb (40,470 in chips)
Seat 4: 71a507a2 (11,375 in chips)
Seat 5: Hero (12,355 in chips)
Seat 6: 72fe2041 (26,335 in chips)
Seat 7: f89d404 (24,978 in chips)
Seat 8: dd590e74 (27,487 in chips)
b7fb09cb: posts the ante 45
8d40a5bd: posts the ante 45
Hero: posts the ante 45
f89d404: posts the ante 45
71a507a2: posts the ante 45
72fe2041: posts the ante 45
dd590e74: posts the ante 45
36d2ebef: posts the ante 45
dd590e74: posts small blind 150
36d2ebef: posts big blind 300
*** HOLE CARDS ***
Dealt to 36d2ebef 
Dealt to 8d40a5bd 
Dealt to b7fb09cb 
Dealt to 71a507a2 
Dealt to Hero [6s 4s]
Dealt to 72fe2041 
Dealt to f89d404 
Dealt to dd590e74 
8d40a5bd: folds
b7fb09cb: folds
71a507a2: folds
Hero: folds
72fe2041: folds
f89d404: raises 360 to 660
dd590e74: calls 510
36d2ebef: folds
*** FLOP *** [Qh 6c 5h]
dd590e74: checks
f89d404: bets 654
dd590e74: calls 654
*** TURN *** [Qh 6c 5h] [8s]
dd590e74: checks
f89d404: bets 1,644
dd590e74: calls 1,644
*** RIVER *** [Qh 6c 5h 8s] [3c]
dd590e74: bets 4,932
f89d404: raises 17,043 to 21,975 and is all-in
dd590e74: calls 17,043
f89d404: shows [7c 8h] (a pair of Eights)
dd590e74: shows [Qs 3s] (two pair, Queens and Threes)
*** SHOWDOWN ***
dd590e74 collected 50,526 from pot
*** SUMMARY ***
Total pot 50,526 | Rake 0 | Jackpot 0 | Bingo 0 | Fortune 0 | Tax 0
Board [Qh 6c 5h 8s 3c]
Seat 1: 36d2ebef (big blind) folded before Flop
Seat 2: 8d40a5bd folded before Flop
Seat 3: b7fb09cb folded before Flop
Seat 4: 71a507a2 folded before Flop
Seat 5: Hero folded before Flop
Seat 6: 72fe2041 folded before Flop
Seat 7: f89d404 (button) showed [7c 8h] and lost with a pair of Eights
Seat 8: dd590e74 (small blind) showed [Qs 3s] and won (50,526) with two pair, Queens and Threes


Poker Hand #TM5679922813: Tournament #268450696, Bounty Hunters Sunday Special $10.80 Hold'em No Limit - Level6(150/300(45)) - 2026/03/08 21:46:18
Table '93' 8-max Seat #6 is the button
Seat 1: 36d2ebef (30,209 in chips)
Seat 2: 8d40a5bd (25,950 in chips)
Seat 3: b7fb09cb (40,515 in chips)
Seat 4: 71a507a2 (11,420 in chips)
Seat 5: Hero (14,305 in chips)
Seat 6: 72fe2041 (26,380 in chips)
Seat 7: f89d404 (25,173 in chips)
Seat 8: dd590e74 (29,437 in chips)
b7fb09cb: posts the ante 45
8d40a5bd: posts the ante 45
Hero: posts the ante 45
f89d404: posts the ante 45
71a507a2: posts the ante 45
72fe2041: posts the ante 45
dd590e74: posts the ante 45
36d2ebef: posts the ante 45
f89d404: posts small blind 150
dd590e74: posts big blind 300
*** HOLE CARDS ***
Dealt to 36d2ebef 
Dealt to 8d40a5bd 
Dealt to b7fb09cb 
Dealt to 71a507a2 
Dealt to Hero [Ks Jc]
Dealt to 72fe2041 
Dealt to f89d404 
Dealt to dd590e74 
36d2ebef: raises 300 to 600
8d40a5bd: folds
b7fb09cb: folds
71a507a2: folds
Hero: raises 1,305 to 1,905
72fe2041: folds
f89d404: folds
dd590e74: calls 1,605
36d2ebef: raises 28,259 to 30,164 and is all-in
Hero: folds
dd590e74: folds
Uncalled bet (28,259) returned to 36d2ebef
*** SHOWDOWN ***
36d2ebef collected 6,225 from pot
*** SUMMARY ***
Total pot 6,225 | Rake 0 | Jackpot 0 | Bingo 0 | Fortune 0 | Tax 0
Seat 1: 36d2ebef collected (6,225)
Seat 2: 8d40a5bd folded before Flop
Seat 3: b7fb09cb folded before Flop
Seat 4: 71a507a2 folded before Flop
Seat 5: Hero folded before Flop
Seat 6: 72fe2041 (button) folded before Flop
Seat 7: f89d404 (small blind) folded before Flop
Seat 8: dd590e74 (big blind) folded before Flop


Poker Hand #TM5679922795: Tournament #268450696, Bounty Hunters Sunday Special $10.80 Hold'em No Limit - Level6(150/300(45)) - 2026/03/08 21:45:28
Table '93' 8-max Seat #5 is the button
Seat 1: 36d2ebef (30,254 in chips)
Seat 2: 8d40a5bd (25,995 in chips)
Seat 3: b7fb09cb (40,560 in chips)
Seat 4: 71a507a2 (14,285 in chips)
Seat 5: Hero (14,350 in chips)
Seat 6: 72fe2041 (26,575 in chips)
Seat 7: f89d404 (25,968 in chips)
Seat 8: dd590e74 (25,402 in chips)
b7fb09cb: posts the ante 45
8d40a5bd: posts the ante 45
Hero: posts the ante 45
f89d404: posts the ante 45
71a507a2: posts the ante 45
72fe2041: posts the ante 45
dd590e74: posts the ante 45
36d2ebef: posts the ante 45
72fe2041: posts small blind 150
f89d404: posts big blind 300
*** HOLE CARDS ***
Dealt to 36d2ebef 
Dealt to 8d40a5bd 
Dealt to b7fb09cb 
Dealt to 71a507a2 
Dealt to Hero [3h 9s]
Dealt to 72fe2041 
Dealt to f89d404 
Dealt to dd590e74 
dd590e74: raises 450 to 750
36d2ebef: folds
8d40a5bd: folds
b7fb09cb: folds
71a507a2: calls 750
Hero: folds
72fe2041: folds
f89d404: calls 450
*** FLOP *** [6h As 8c]
f89d404: checks
dd590e74: bets 2,070
71a507a2: calls 2,070
f89d404: folds
*** TURN *** [6h As 8c] [Jc]
dd590e74: bets 5,175
71a507a2: folds
Uncalled bet (5,175) returned to dd590e74
*** SHOWDOWN ***
dd590e74 collected 6,900 from pot
*** SUMMARY ***
Total pot 6,900 | Rake 0 | Jackpot 0 | Bingo 0 | Fortune 0 | Tax 0
Board [6h As 8c Jc]
Seat 1: 36d2ebef folded before Flop
Seat 2: 8d40a5bd folded before Flop
Seat 3: b7fb09cb folded before Flop
Seat 4: 71a507a2 folded on the Turn
Seat 5: Hero (button) folded before Flop
Seat 6: 72fe2041 (small blind) folded before Flop
Seat 7: f89d404 (big blind) folded on the Flop
Seat 8: dd590e74 won (6,900)


Poker Hand #TM5679922777: Tournament #268450696, Bounty Hunters Sunday Special $10.80 Hold'em No Limit - Level6(150/300(45)) - 2026/03/08 21:44:37
Table '93' 8-max Seat #4 is the button
Seat 1: 36d2ebef (30,299 in chips)
Seat 2: 8d40a5bd (26,040 in chips)
Seat 3: b7fb09cb (40,605 in chips)
Seat 4: 71a507a2 (20,563 in chips)
Seat 5: Hero (14,545 in chips)
Seat 6: 72fe2041 (26,920 in chips)
Seat 7: f89d404 (26,013 in chips)
Seat 8: dd590e74 (18,404 in chips)
b7fb09cb: posts the ante 45
8d40a5bd: posts the ante 45
Hero: posts the ante 45
f89d404: posts the ante 45
71a507a2: posts the ante 45
72fe2041: posts the ante 45
dd590e74: posts the ante 45
36d2ebef: posts the ante 45
Hero: posts small blind 150
72fe2041: posts big blind 300
*** HOLE CARDS ***
Dealt to 36d2ebef 
Dealt to 8d40a5bd 
Dealt to b7fb09cb 
Dealt to 71a507a2 
Dealt to Hero [3c 4h]
Dealt to 72fe2041 
Dealt to f89d404 
Dealt to dd590e74 
f89d404: folds
dd590e74: raises 450 to 750
36d2ebef: folds
8d40a5bd: folds
b7fb09cb: folds
71a507a2: raises 1,500 to 2,250
Hero: folds
72fe2041: folds
dd590e74: calls 1,500
*** FLOP *** [7c Qc 5h]
dd590e74: bets 3,983
71a507a2: calls 3,983
*** TURN *** [7c Qc 5h] [8h]
dd590e74: bets 12,126 and is all-in
71a507a2: folds
Uncalled bet (12,126) returned to dd590e74
*** SHOWDOWN ***
dd590e74 collected 13,276 from pot
*** SUMMARY ***
Total pot 13,276 | Rake 0 | Jackpot 0 | Bingo 0 | Fortune 0 | Tax 0
Board [7c Qc 5h 8h]
Seat 1: 36d2ebef folded before Flop
Seat 2: 8d40a5bd folded before Flop
Seat 3: b7fb09cb folded before Flop
Seat 4: 71a507a2 (button) folded on the Turn
Seat 5: Hero (small blind) folded before Flop
Seat 6: 72fe2041 (big blind) folded before Flop
Seat 7: f89d404 folded before Flop
Seat 8: dd590e74 won (13,276)


Poker Hand #TM5679922760: Tournament #268450696, Bounty Hunters Sunday Special $10.80 Hold'em No Limit - Level6(150/300(45)) - 2026/03/08 21:44:03
Table '93' 8-max Seat #3 is the button
Seat 1: 36d2ebef (30,944 in chips)
Seat 2: 8d40a5bd (24,675 in chips)
Seat 3: b7fb09cb (40,650 in chips)
Seat 4: 71a507a2 (20,758 in chips)
Seat 5: Hero (14,890 in chips)
Seat 6: 72fe2041 (26,965 in chips)
Seat 7: f89d404 (26,058 in chips)
Seat 8: dd590e74 (18,449 in chips)
b7fb09cb: posts the ante 45
8d40a5bd: posts the ante 45
Hero: posts the ante 45
f89d404: posts the ante 45
71a507a2: posts the ante 45
72fe2041: posts the ante 45
dd590e74: posts the ante 45
36d2ebef: posts the ante 45
71a507a2: posts small blind 150
Hero: posts big blind 300
*** HOLE CARDS ***
Dealt to 36d2ebef 
Dealt to 8d40a5bd 
Dealt to b7fb09cb 
Dealt to 71a507a2 
Dealt to Hero [7c Ad]
Dealt to 72fe2041 
Dealt to f89d404 
Dealt to dd590e74 
72fe2041: folds
f89d404: folds
dd590e74: folds
36d2ebef: raises 300 to 600
8d40a5bd: raises 1,320 to 1,920
b7fb09cb: folds
71a507a2: folds
Hero: folds
36d2ebef: folds
Uncalled bet (1,320) returned to 8d40a5bd
*** SHOWDOWN ***
8d40a5bd collected 2,010 from pot
*** SUMMARY ***
Total pot 2,010 | Rake 0 | Jackpot 0 | Bingo 0 | Fortune 0 | Tax 0
Seat 1: 36d2ebef folded before Flop
Seat 2: 8d40a5bd collected (2,010)
Seat 3: b7fb09cb (button) folded before Flop
Seat 4: 71a507a2 (small blind) folded before Flop
Seat 5: Hero (big blind) folded before Flop
Seat 6: 72fe2041 folded before Flop
Seat 7: f89d404 folded before Flop
Seat 8: dd590e74 folded before Flop


Poker Hand #TM5679922734: Tournament #268450696, Bounty Hunters Sunday Special $10.80 Hold'em No Limit - Level6(150/300(45)) - 2026/03/08 21:43:04
Table '93' 8-max Seat #2 is the button
Seat 1: 36d2ebef (30,989 in chips)
Seat 2: 8d40a5bd (24,720 in chips)
Seat 3: b7fb09cb (40,845 in chips)
Seat 4: 71a507a2 (21,403 in chips)
Seat 5: Hero (14,935 in chips)
Seat 6: 72fe2041 (25,900 in chips)
Seat 7: f89d404 (26,103 in chips)
Seat 8: dd590e74 (18,494 in chips)
b7fb09cb: posts the ante 45
8d40a5bd: posts the ante 45
Hero: posts the ante 45
f89d404: posts the ante 45
71a507a2: posts the ante 45
72fe2041: posts the ante 45
dd590e74: posts the ante 45
36d2ebef: posts the ante 45
b7fb09cb: posts small blind 150
71a507a2: posts big blind 300
*** HOLE CARDS ***
Dealt to 36d2ebef 
Dealt to 8d40a5bd 
Dealt to b7fb09cb 
Dealt to 71a507a2 
Dealt to Hero [Kc Ts]
Dealt to 72fe2041 
Dealt to f89d404 
Dealt to dd590e74 
Hero: folds
72fe2041: raises 300 to 600
f89d404: folds
dd590e74: folds
36d2ebef: folds
8d40a5bd: folds
b7fb09cb: folds
71a507a2: calls 300
*** FLOP *** [6d 4d Jh]
71a507a2: checks
72fe2041: bets 565
71a507a2: folds
Uncalled bet (565) returned to 72fe2041
*** SHOWDOWN ***
72fe2041 collected 1,710 from pot
*** SUMMARY ***
Total pot 1,710 | Rake 0 | Jackpot 0 | Bingo 0 | Fortune 0 | Tax 0
Board [6d 4d Jh]
Seat 1: 36d2ebef folded before Flop
Seat 2: 8d40a5bd (button) folded before Flop
Seat 3: b7fb09cb (small blind) folded before Flop
Seat 4: 71a507a2 (big blind) folded on the Flop
Seat 5: Hero folded before Flop
Seat 6: 72fe2041 won (1,710)
Seat 7: f89d404 folded before Flop
Seat 8: dd590e74 folded before Flop


Poker Hand #TM5679922727: Tournament #268450696, Bounty Hunters Sunday Special $10.80 Hold'em No Limit - Level6(150/300(45)) - 2026/03/08 21:42:40
Table '93' 8-max Seat #1 is the button
Seat 1: 36d2ebef (30,224 in chips)
Seat 2: 8d40a5bd (24,915 in chips)
Seat 3: b7fb09cb (41,190 in chips)
Seat 4: 71a507a2 (21,448 in chips)
Seat 5: Hero (14,980 in chips)
Seat 6: 72fe2041 (25,945 in chips)
Seat 7: f89d404 (26,148 in chips)
Seat 8: dd590e74 (18,539 in chips)
b7fb09cb: posts the ante 45
8d40a5bd: posts the ante 45
Hero: posts the ante 45
f89d404: posts the ante 45
71a507a2: posts the ante 45
72fe2041: posts the ante 45
dd590e74: posts the ante 45
36d2ebef: posts the ante 45
8d40a5bd: posts small blind 150
b7fb09cb: posts big blind 300
*** HOLE CARDS ***
Dealt to 36d2ebef 
Dealt to 8d40a5bd 
Dealt to b7fb09cb 
Dealt to 71a507a2 
Dealt to Hero [8d Kd]
Dealt to 72fe2041 
Dealt to f89d404 
Dealt to dd590e74 
71a507a2: folds
Hero: folds
72fe2041: folds
f89d404: folds
dd590e74: folds
36d2ebef: raises 300 to 600
8d40a5bd: folds
b7fb09cb: folds
Uncalled bet (300) returned to 36d2ebef
*** SHOWDOWN ***
36d2ebef collected 1,110 from pot
*** SUMMARY ***
Total pot 1,110 | Rake 0 | Jackpot 0 | Bingo 0 | Fortune 0 | Tax 0
Seat 1: 36d2ebef (button) collected (1,110)
Seat 2: 8d40a5bd (small blind) folded before Flop
Seat 3: b7fb09cb (big blind) folded before Flop
Seat 4: 71a507a2 folded before Flop
Seat 5: Hero folded before Flop
Seat 6: 72fe2041 folded before Flop
Seat 7: f89d404 folded before Flop
Seat 8: dd590e74 folded before Flop


Poker Hand #TM5679922716: Tournament #268450696, Bounty Hunters Sunday Special $10.80 Hold'em No Limit - Level6(150/300(45)) - 2026/03/08 21:42:10
Table '93' 8-max Seat #8 is the button
Seat 1: 36d2ebef (30,419 in chips)
Seat 2: 8d40a5bd (25,260 in chips)
Seat 3: b7fb09cb (41,235 in chips)
Seat 4: 71a507a2 (21,493 in chips)
Seat 5: Hero (15,025 in chips)
Seat 6: 72fe2041 (25,990 in chips)
Seat 7: f89d404 (26,193 in chips)
Seat 8: dd590e74 (17,774 in chips)
b7fb09cb: posts the ante 45
8d40a5bd: posts the ante 45
Hero: posts the ante 45
f89d404: posts the ante 45
71a507a2: posts the ante 45
72fe2041: posts the ante 45
dd590e74: posts the ante 45
36d2ebef: posts the ante 45
36d2ebef: posts small blind 150
8d40a5bd: posts big blind 300
*** HOLE CARDS ***
Dealt to 36d2ebef 
Dealt to 8d40a5bd 
Dealt to b7fb09cb 
Dealt to 71a507a2 
Dealt to Hero [Kh 4c]
Dealt to 72fe2041 
Dealt to f89d404 
Dealt to dd590e74 
b7fb09cb: folds
71a507a2: folds
Hero: folds
72fe2041: folds
f89d404: folds
dd590e74: raises 450 to 750
36d2ebef: folds
8d40a5bd: folds
Uncalled bet (450) returned to dd590e74
*** SHOWDOWN ***
dd590e74 collected 1,110 from pot
*** SUMMARY ***
Total pot 1,110 | Rake 0 | Jackpot 0 | Bingo 0 | Fortune 0 | Tax 0
Seat 1: 36d2ebef (small blind) folded before Flop
Seat 2: 8d40a5bd (big blind) folded before Flop
Seat 3: b7fb09cb folded before Flop
Seat 4: 71a507a2 folded before Flop
Seat 5: Hero folded before Flop
Seat 6: 72fe2041 folded before Flop
Seat 7: f89d404 folded before Flop
Seat 8: dd590e74 (button) collected (1,110)


Poker Hand #TM5679922685: Tournament #268450696, Bounty Hunters Sunday Special $10.80 Hold'em No Limit - Level6(150/300(45)) - 2026/03/08 21:41:01
Table '93' 8-max Seat #7 is the button
Seat 1: 36d2ebef (30,764 in chips)
Seat 2: 8d40a5bd (25,305 in chips)
Seat 3: b7fb09cb (43,185 in chips)
Seat 4: 71a507a2 (21,538 in chips)
Seat 5: Hero (12,355 in chips)
Seat 6: 72fe2041 (26,035 in chips)
Seat 7: f89d404 (26,238 in chips)
Seat 8: dd590e74 (17,969 in chips)
b7fb09cb: posts the ante 45
8d40a5bd: posts the ante 45
Hero: posts the ante 45
f89d404: posts the ante 45
71a507a2: posts the ante 45
72fe2041: posts the ante 45
dd590e74: posts the ante 45
36d2ebef: posts the ante 45
dd590e74: posts small blind 150
36d2ebef: posts big blind 300
*** HOLE CARDS ***
Dealt to 36d2ebef 
Dealt to 8d40a5bd 
Dealt to b7fb09cb 
Dealt to 71a507a2 
Dealt to Hero [Qs Ah]
Dealt to 72fe2041 
Dealt to f89d404 
Dealt to dd590e74 
8d40a5bd: folds
b7fb09cb: raises 300 to 600
71a507a2: folds
Hero: raises 1,305 to 1,905
72fe2041: folds
f89d404: folds
dd590e74: folds
36d2ebef: folds
b7fb09cb: calls 1,305
*** FLOP *** [Kd 4h 7s]
b7fb09cb: checks
Hero: bets 1,525
b7fb09cb: folds
Uncalled bet (1,525) returned to Hero
*** SHOWDOWN ***
Hero collected 4,620 from pot
*** SUMMARY ***
Total pot 4,620 | Rake 0 | Jackpot 0 | Bingo 0 | Fortune 0 | Tax 0
Board [Kd 4h 7s]
Seat 1: 36d2ebef (big blind) folded before Flop
Seat 2: 8d40a5bd folded before Flop
Seat 3: b7fb09cb folded on the Flop
Seat 4: 71a507a2 folded before Flop
Seat 5: Hero won (4,620)
Seat 6: 72fe2041 folded before Flop
Seat 7: f89d404 (button) folded before Flop
Seat 8: dd590e74 (small blind) folded before Flop


Poker Hand #TM5679922649: Tournament #268450696, Bounty Hunters Sunday Special $10.80 Hold'em No Limit - Level6(150/300(45)) - 2026/03/08 21:39:41
Table '93' 8-max Seat #6 is the button
Seat 1: 36d2ebef (30,809 in chips)
Seat 2: 8d40a5bd (25,950 in chips)
Seat 3: b7fb09cb (43,230 in chips)
Seat 4: 71a507a2 (21,583 in chips)
Seat 5: Hero (10,240 in chips)
Seat 6: 72fe2041 (26,080 in chips)
Seat 7: f89d404 (26,883 in chips)
Seat 8: dd590e74 (18,614 in chips)
b7fb09cb: posts the ante 45
8d40a5bd: posts the ante 45
Hero: posts the ante 45
f89d404: posts the ante 45
71a507a2: posts the ante 45
72fe2041: posts the ante 45
dd590e74: posts the ante 45
36d2ebef: posts the ante 45
f89d404: posts small blind 150
dd590e74: posts big blind 300
*** HOLE CARDS ***
Dealt to 36d2ebef 
Dealt to 8d40a5bd 
Dealt to b7fb09cb 
Dealt to 71a507a2 
Dealt to Hero [Ad 2d]
Dealt to 72fe2041 
Dealt to f89d404 
Dealt to dd590e74 
36d2ebef: folds
8d40a5bd: raises 300 to 600
b7fb09cb: folds
71a507a2: folds
Hero: calls 600
72fe2041: folds
f89d404: calls 450
dd590e74: calls 300
*** FLOP *** [Ac 8s Ks]
f89d404: checks
dd590e74: checks
8d40a5bd: checks
Hero: checks
*** TURN *** [Ac 8s Ks] [Ts]
f89d404: checks
dd590e74: checks
8d40a5bd: checks
Hero: checks
*** RIVER *** [Ac 8s Ks Ts] [9c]
f89d404: checks
dd590e74: checks
8d40a5bd: checks
Hero: checks
f89d404: shows [2h Qh] (Ace high)
dd590e74: shows [4c 2c] (Ace high)
8d40a5bd: shows [9d Qd] (a pair of Nines)
Hero: shows [Ad 2d] (a pair of Aces)
*** SHOWDOWN ***
Hero collected 2,760 from pot
*** SUMMARY ***
Total pot 2,760 | Rake 0 | Jackpot 0 | Bingo 0 | Fortune 0 | Tax 0
Board [Ac 8s Ks Ts 9c]
Seat 1: 36d2ebef folded before Flop
Seat 2: 8d40a5bd showed [9d Qd] and lost with a pair of Nines
Seat 3: b7fb09cb folded before Flop
Seat 4: 71a507a2 folded before Flop
Seat 5: Hero showed [Ad 2d] and won (2,760) with a pair of Aces
Seat 6: 72fe2041 (button) folded before Flop
Seat 7: f89d404 (small blind) showed [2h Qh] and lost with Ace high
Seat 8: dd590e74 (big blind) showed [4c 2c] and lost with Ace high


Poker Hand #TM5679922623: Tournament #268450696, Bounty Hunters Sunday Special $10.80 Hold'em No Limit - Level6(150/300(45)) - 2026/03/08 21:38:08
Table '93' 8-max Seat #5 is the button
Seat 1: 36d2ebef (30,854 in chips)
Seat 2: 8d40a5bd (25,995 in chips)
Seat 3: b7fb09cb (43,875 in chips)
Seat 4: 71a507a2 (21,628 in chips)
Seat 5: Hero (10,285 in chips)
Seat 6: 72fe2041 (31,045 in chips)
Seat 7: f89d404 (21,048 in chips)
Seat 8: dd590e74 (18,659 in chips)
b7fb09cb: posts the ante 45
8d40a5bd: posts the ante 45
Hero: posts the ante 45
f89d404: posts the ante 45
71a507a2: posts the ante 45
72fe2041: posts the ante 45
dd590e74: posts the ante 45
36d2ebef: posts the ante 45
72fe2041: posts small blind 150
f89d404: posts big blind 300
*** HOLE CARDS ***
Dealt to 36d2ebef 
Dealt to 8d40a5bd 
Dealt to b7fb09cb 
Dealt to 71a507a2 
Dealt to Hero [Td Qs]
Dealt to 72fe2041 
Dealt to f89d404 
Dealt to dd590e74 
dd590e74: folds
36d2ebef: folds
8d40a5bd: folds
b7fb09cb: raises 300 to 600
71a507a2: folds
Hero: folds
72fe2041: calls 450
f89d404: calls 300
*** FLOP *** [4d 6c Ts]
72fe2041: checks
f89d404: checks
b7fb09cb: checks
*** TURN *** [4d 6c Ts] [3h]
72fe2041: bets 1,620
f89d404: raises 2,700 to 4,320
b7fb09cb: folds
72fe2041: calls 2,700
*** RIVER *** [4d 6c Ts 3h] [4s]
72fe2041: checks
f89d404: bets 16,083 and is all-in
72fe2041: folds
Uncalled bet (16,083) returned to f89d404
*** SHOWDOWN ***
f89d404 collected 10,800 from pot
*** SUMMARY ***
Total pot 10,800 | Rake 0 | Jackpot 0 | Bingo 0 | Fortune 0 | Tax 0
Board [4d 6c Ts 3h 4s]
Seat 1: 36d2ebef folded before Flop
Seat 2: 8d40a5bd folded before Flop
Seat 3: b7fb09cb folded on the Turn
Seat 4: 71a507a2 folded before Flop
Seat 5: Hero (button) folded before Flop
Seat 6: 72fe2041 (small blind) folded on the River
Seat 7: f89d404 (big blind) won (10,800)
Seat 8: dd590e74 folded before Flop


Poker Hand #TM5679922594: Tournament #268450696, Bounty Hunters Sunday Special $10.80 Hold'em No Limit - Level5(125/250(35)) - 2026/03/08 21:36:57
Table '93' 8-max Seat #4 is the button
Seat 1: 36d2ebef (30,889 in chips)
Seat 2: 8d40a5bd (26,030 in chips)
Seat 3: b7fb09cb (43,910 in chips)
Seat 4: 71a507a2 (21,663 in chips)
Seat 5: Hero (10,445 in chips)
Seat 6: 72fe2041 (31,330 in chips)
Seat 7: f89d404 (20,428 in chips)
Seat 8: dd590e74 (18,694 in chips)
b7fb09cb: posts the ante 35
8d40a5bd: posts the ante 35
Hero: posts the ante 35
f89d404: posts the ante 35
71a507a2: posts the ante 35
72fe2041: posts the ante 35
dd590e74: posts the ante 35
36d2ebef: posts the ante 35
Hero: posts small blind 125
72fe2041: posts big blind 250
*** HOLE CARDS ***
Dealt to 36d2ebef 
Dealt to 8d40a5bd 
Dealt to b7fb09cb 
Dealt to 71a507a2 
Dealt to Hero [2h Ac]
Dealt to 72fe2041 
Dealt to f89d404 
Dealt to dd590e74 
f89d404: raises 300 to 550
dd590e74: folds
36d2ebef: folds
8d40a5bd: folds
b7fb09cb: folds
71a507a2: folds
Hero: folds
72fe2041: folds
Uncalled bet (300) returned to f89d404
*** SHOWDOWN ***
f89d404 collected 905 from pot
*** SUMMARY ***
Total pot 905 | Rake 0 | Jackpot 0 | Bingo 0 | Fortune 0 | Tax 0
Seat 1: 36d2ebef folded before Flop
Seat 2: 8d40a5bd folded before Flop
Seat 3: b7fb09cb folded before Flop
Seat 4: 71a507a2 (button) folded before Flop
Seat 5: Hero (small blind) folded before Flop
Seat 6: 72fe2041 (big blind) folded before Flop
Seat 7: f89d404 collected (905)
Seat 8: dd590e74 folded before Flop


Poker Hand #TM5679922581: Tournament #268450696, Bounty Hunters Sunday Special $10.80 Hold'em No Limit - Level5(125/250(35)) - 2026/03/08 21:36:22
Table '93' 8-max Seat #3 is the button
Seat 1: 36d2ebef (30,924 in chips)
Seat 2: 8d40a5bd (26,065 in chips)
Seat 3: b7fb09cb (44,195 in chips)
Seat 4: 71a507a2 (20,668 in chips)
Seat 5: Hero (10,730 in chips)
Seat 6: 72fe2041 (31,365 in chips)
Seat 7: f89d404 (20,463 in chips)
Seat 8: dd590e74 (18,979 in chips)
b7fb09cb: posts the ante 35
8d40a5bd: posts the ante 35
Hero: posts the ante 35
f89d404: posts the ante 35
71a507a2: posts the ante 35
72fe2041: posts the ante 35
dd590e74: posts the ante 35
36d2ebef: posts the ante 35
71a507a2: posts small blind 125
Hero: posts big blind 250
*** HOLE CARDS ***
Dealt to 36d2ebef 
Dealt to 8d40a5bd 
Dealt to b7fb09cb 
Dealt to 71a507a2 
Dealt to Hero [Kd 5s]
Dealt to 72fe2041 
Dealt to f89d404 
Dealt to dd590e74 
72fe2041: folds
f89d404: folds
dd590e74: calls 250
36d2ebef: folds
8d40a5bd: folds
b7fb09cb: calls 250
71a507a2: raises 1,125 to 1,375
Hero: folds
dd590e74: folds
b7fb09cb: folds
Uncalled bet (1,125) returned to 71a507a2
*** SHOWDOWN ***
71a507a2 collected 1,280 from pot
*** SUMMARY ***
Total pot 1,280 | Rake 0 | Jackpot 0 | Bingo 0 | Fortune 0 | Tax 0
Seat 1: 36d2ebef folded before Flop
Seat 2: 8d40a5bd folded before Flop
Seat 3: b7fb09cb (button) folded before Flop
Seat 4: 71a507a2 (small blind) collected (1,280)
Seat 5: Hero (big blind) folded before Flop
Seat 6: 72fe2041 folded before Flop
Seat 7: f89d404 folded before Flop
Seat 8: dd590e74 folded before Flop


Poker Hand #TM5679922554: Tournament #268450696, Bounty Hunters Sunday Special $10.80 Hold'em No Limit - Level5(125/250(35)) - 2026/03/08 21:35:13
Table '93' 8-max Seat #2 is the button
Seat 1: 36d2ebef (30,959 in chips)
Seat 2: 8d40a5bd (20,391 in chips)
Seat 3: b7fb09cb (49,409 in chips)
Seat 4: 71a507a2 (20,953 in chips)
Seat 5: Hero (10,765 in chips)
Seat 6: 72fe2041 (31,400 in chips)
Seat 7: f89d404 (20,498 in chips)
Seat 8: dd590e74 (19,014 in chips)
b7fb09cb: posts the ante 35
8d40a5bd: posts the ante 35
Hero: posts the ante 35
f89d404: posts the ante 35
71a507a2: posts the ante 35
72fe2041: posts the ante 35
dd590e74: posts the ante 35
36d2ebef: posts the ante 35
b7fb09cb: posts small blind 125
71a507a2: posts big blind 250
*** HOLE CARDS ***
Dealt to 36d2ebef 
Dealt to 8d40a5bd 
Dealt to b7fb09cb 
Dealt to 71a507a2 
Dealt to Hero [2d 5h]
Dealt to 72fe2041 
Dealt to f89d404 
Dealt to dd590e74 
Hero: folds
72fe2041: folds
f89d404: folds
dd590e74: folds
36d2ebef: folds
8d40a5bd: raises 275 to 525
b7fb09cb: raises 1,185 to 1,710
71a507a2: folds
8d40a5bd: calls 1,185
*** FLOP *** [7h 9h 5d]
b7fb09cb: checks
8d40a5bd: bets 1,304
b7fb09cb: calls 1,304
*** TURN *** [7h 9h 5d] [9c]
b7fb09cb: checks
8d40a5bd: bets 2,165
b7fb09cb: calls 2,165
*** RIVER *** [7h 9h 5d 9c] [Td]
b7fb09cb: checks
8d40a5bd: checks
b7fb09cb: shows [Qd As] (a pair of Nines)
8d40a5bd: shows [Th 6h] (two pair, Tens and Nines)
*** SHOWDOWN ***
8d40a5bd collected 10,888 from pot
*** SUMMARY ***
Total pot 10,888 | Rake 0 | Jackpot 0 | Bingo 0 | Fortune 0 | Tax 0
Board [7h 9h 5d 9c Td]
Seat 1: 36d2ebef folded before Flop
Seat 2: 8d40a5bd (button) showed [Th 6h] and won (10,888) with two pair, Tens and Nines
Seat 3: b7fb09cb (small blind) showed [Qd As] and lost with a pair of Nines
Seat 4: 71a507a2 (big blind) folded before Flop
Seat 5: Hero folded before Flop
Seat 6: 72fe2041 folded before Flop
Seat 7: f89d404 folded before Flop
Seat 8: dd590e74 folded before Flop


Poker Hand #TM5679922525: Tournament #268450696, Bounty Hunters Sunday Special $10.80 Hold'em No Limit - Level5(125/250(35)) - 2026/03/08 21:34:00
Table '93' 8-max Seat #1 is the button
Seat 1: 36d2ebef (30,994 in chips)
Seat 2: 8d40a5bd (20,551 in chips)
Seat 3: b7fb09cb (53,119 in chips)
Seat 5: Hero (10,800 in chips)
Seat 6: 72fe2041 (27,390 in chips)
Seat 7: f89d404 (20,533 in chips)
Seat 8: dd590e74 (19,049 in chips)
b7fb09cb: posts the ante 35
8d40a5bd: posts the ante 35
Hero: posts the ante 35
f89d404: posts the ante 35
72fe2041: posts the ante 35
dd590e74: posts the ante 35
36d2ebef: posts the ante 35
8d40a5bd: posts small blind 125
b7fb09cb: posts big blind 250
*** HOLE CARDS ***
Dealt to 36d2ebef 
Dealt to 8d40a5bd 
Dealt to b7fb09cb 
Dealt to Hero [8c 4s]
Dealt to 72fe2041 
Dealt to f89d404 
Dealt to dd590e74 
Hero: folds
72fe2041: raises 250 to 500
f89d404: folds
dd590e74: folds
36d2ebef: folds
8d40a5bd: folds
b7fb09cb: calls 250
*** FLOP *** [9c Qc Ts]
b7fb09cb: checks
72fe2041: checks
*** TURN *** [9c Qc Ts] [4h]
b7fb09cb: checks
72fe2041: bets 685
b7fb09cb: calls 685
*** RIVER *** [9c Qc Ts 4h] [8s]
b7fb09cb: checks
72fe2041: bets 2,490
b7fb09cb: calls 2,490
72fe2041: shows [Ah Jh] (a straight, Queen to Eight)
b7fb09cb: shows [Ad Qs] (a pair of Queens)
*** SHOWDOWN ***
72fe2041 collected 7,720 from pot
*** SUMMARY ***
Total pot 7,720 | Rake 0 | Jackpot 0 | Bingo 0 | Fortune 0 | Tax 0
Board [9c Qc Ts 4h 8s]
Seat 1: 36d2ebef (button) folded before Flop
Seat 2: 8d40a5bd (small blind) folded before Flop
Seat 3: b7fb09cb (big blind) showed [Ad Qs] and lost with a pair of Queens
Seat 5: Hero folded before Flop
Seat 6: 72fe2041 showed [Ah Jh] and won (7,720) with a straight, Queen to Eight
Seat 7: f89d404 folded before Flop
Seat 8: dd590e74 folded before Flop


Poker Hand #TM5679922505: Tournament #268450696, Bounty Hunters Sunday Special $10.80 Hold'em No Limit - Level5(125/250(35)) - 2026/03/08 21:33:20
Table '93' 8-max Seat #8 is the button
Seat 1: 36d2ebef (31,154 in chips)
Seat 2: 8d40a5bd (20,836 in chips)
Seat 3: b7fb09cb (52,534 in chips)
Seat 5: Hero (10,835 in chips)
Seat 6: 72fe2041 (27,425 in chips)
Seat 7: f89d404 (20,568 in chips)
Seat 8: dd590e74 (19,084 in chips)
b7fb09cb: posts the ante 35
8d40a5bd: posts the ante 35
Hero: posts the ante 35
f89d404: posts the ante 35
72fe2041: posts the ante 35
dd590e74: posts the ante 35
36d2ebef: posts the ante 35
36d2ebef: posts small blind 125
8d40a5bd: posts big blind 250
*** HOLE CARDS ***
Dealt to 36d2ebef 
Dealt to 8d40a5bd 
Dealt to b7fb09cb 
Dealt to Hero [7s 8c]
Dealt to 72fe2041 
Dealt to f89d404 
Dealt to dd590e74 
b7fb09cb: raises 250 to 500
Hero: folds
72fe2041: folds
f89d404: folds
dd590e74: folds
36d2ebef: folds
8d40a5bd: folds
Uncalled bet (250) returned to b7fb09cb
*** SHOWDOWN ***
b7fb09cb collected 870 from pot
*** SUMMARY ***
Total pot 870 | Rake 0 | Jackpot 0 | Bingo 0 | Fortune 0 | Tax 0
Seat 1: 36d2ebef (small blind) folded before Flop
Seat 2: 8d40a5bd (big blind) folded before Flop
Seat 3: b7fb09cb collected (870)
Seat 5: Hero folded before Flop
Seat 6: 72fe2041 folded before Flop
Seat 7: f89d404 folded before Flop
Seat 8: dd590e74 (button) folded before Flop


Poker Hand #TM5679922481: Tournament #268450696, Bounty Hunters Sunday Special $10.80 Hold'em No Limit - Level5(125/250(35)) - 2026/03/08 21:32:15
Table '93' 8-max Seat #7 is the button
Seat 1: 36d2ebef (31,439 in chips)
Seat 2: 8d40a5bd (20,871 in chips)
Seat 3: b7fb09cb (52,569 in chips)
Seat 4: f2ca5bdf (8,299 in chips)
Seat 5: Hero (10,870 in chips)
Seat 6: 72fe2041 (27,960 in chips)
Seat 7: f89d404 (21,103 in chips)
Seat 8: dd590e74 (9,325 in chips)
b7fb09cb: posts the ante 35
8d40a5bd: posts the ante 35
Hero: posts the ante 35
f89d404: posts the ante 35
72fe2041: posts the ante 35
f2ca5bdf: posts the ante 35
dd590e74: posts the ante 35
36d2ebef: posts the ante 35
dd590e74: posts small blind 125
36d2ebef: posts big blind 250
*** HOLE CARDS ***
Dealt to 36d2ebef 
Dealt to 8d40a5bd 
Dealt to b7fb09cb 
Dealt to f2ca5bdf 
Dealt to Hero [Qh 6s]
Dealt to 72fe2041 
Dealt to f89d404 
Dealt to dd590e74 
8d40a5bd: folds
b7fb09cb: folds
f2ca5bdf: raises 250 to 500
Hero: folds
72fe2041: calls 500
f89d404: calls 500
dd590e74: calls 375
36d2ebef: folds
*** FLOP *** [9h Ad 3s]
dd590e74: checks
f2ca5bdf: bets 1,392
72fe2041: folds
f89d404: folds
dd590e74: raises 1,754 to 3,146
f2ca5bdf: raises 4,618 to 7,764 and is all-in
dd590e74: calls 4,618
f2ca5bdf: shows [Td Ah] (a pair of Aces)
dd590e74: shows [Ac 3d] (two pair, Aces and Threes)
*** TURN *** [9h Ad 3s] [Qs]
*** RIVER *** [9h Ad 3s Qs] [Kc]
*** SHOWDOWN ***
dd590e74 collected 18,058 from pot
*** SUMMARY ***
Total pot 18,058 | Rake 0 | Jackpot 0 | Bingo 0 | Fortune 0 | Tax 0
Board [9h Ad 3s Qs Kc]
Seat 1: 36d2ebef (big blind) folded before Flop
Seat 2: 8d40a5bd folded before Flop
Seat 3: b7fb09cb folded before Flop
Seat 4: f2ca5bdf showed [Td Ah] and lost with a pair of Aces
Seat 5: Hero folded before Flop
Seat 6: 72fe2041 folded on the Flop
Seat 7: f89d404 (button) folded on the Flop
Seat 8: dd590e74 (small blind) showed [Ac 3d] and won (18,058) with two pair, Aces and Threes


Poker Hand #TM5679922458: Tournament #268450696, Bounty Hunters Sunday Special $10.80 Hold'em No Limit - Level5(125/250(35)) - 2026/03/08 21:31:24
Table '93' 8-max Seat #6 is the button
Seat 1: 36d2ebef (31,474 in chips)
Seat 2: 8d40a5bd (20,906 in chips)
Seat 3: b7fb09cb (52,604 in chips)
Seat 4: f2ca5bdf (8,334 in chips)
Seat 5: Hero (10,000 in chips)
Seat 6: 72fe2041 (27,995 in chips)
Seat 7: f89d404 (21,263 in chips)
Seat 8: dd590e74 (9,860 in chips)
b7fb09cb: posts the ante 35
8d40a5bd: posts the ante 35
Hero: posts the ante 35
f89d404: posts the ante 35
72fe2041: posts the ante 35
f2ca5bdf: posts the ante 35
dd590e74: posts the ante 35
36d2ebef: posts the ante 35
f89d404: posts small blind 125
dd590e74: posts big blind 250
*** HOLE CARDS ***
Dealt to 36d2ebef 
Dealt to 8d40a5bd 
Dealt to b7fb09cb 
Dealt to f2ca5bdf 
Dealt to Hero [As 5s]
Dealt to 72fe2041 
Dealt to f89d404 
Dealt to dd590e74 
36d2ebef: folds
8d40a5bd: folds
b7fb09cb: folds
f2ca5bdf: folds
Hero: raises 250 to 500
72fe2041: folds
f89d404: folds
dd590e74: calls 250
*** FLOP *** [4d 9h 6s]
dd590e74: checks
Hero: checks
*** TURN *** [4d 9h 6s] [9c]
dd590e74: checks
Hero: checks
*** RIVER *** [4d 9h 6s 9c] [7h]
dd590e74: checks
Hero: checks
dd590e74: shows [Qh Jd] (a pair of Nines)
Hero: shows [As 5s] (a pair of Nines)
*** SHOWDOWN ***
Hero collected 1,405 from pot
*** SUMMARY ***
Total pot 1,405 | Rake 0 | Jackpot 0 | Bingo 0 | Fortune 0 | Tax 0
Board [4d 9h 6s 9c 7h]
Seat 1: 36d2ebef folded before Flop
Seat 2: 8d40a5bd folded before Flop
Seat 3: b7fb09cb folded before Flop
Seat 4: f2ca5bdf folded before Flop
Seat 5: Hero showed [As 5s] and won (1,405) with a pair of Nines
Seat 6: 72fe2041 (button) folded before Flop
Seat 7: f89d404 (small blind) folded before Flop
Seat 8: dd590e74 (big blind) showed [Qh Jd] and lost with a pair of Nines


