Poker Hand #TM5654189585: Tournament #267057231, Bounty Hunters Special $8.88 Hold'em No Limit - Level5(125/250(35)) - 2026/03/02 17:23:48
Table '32' 8-max Seat #4 is the button
Seat 1: bb3f3673 (9,880 in chips)
Seat 2: c35d90f6 (49,540 in chips)
Seat 3: 6b3fe70d (16,664 in chips)
Seat 4: Hero (16,051 in chips)
Seat 5: c064235f (6,722 in chips)
Seat 6: 82b2abe1 (9,825 in chips)
Seat 7: 3771e89d (27,173 in chips)
Seat 8: 6da73057 (24,090 in chips)
c064235f: posts the ante 35
82b2abe1: posts the ante 35
Hero: posts the ante 35
c35d90f6: posts the ante 35
6b3fe70d: posts the ante 35
bb3f3673: posts the ante 35
3771e89d: posts the ante 35
6da73057: posts the ante 35
c064235f: posts small blind 125
82b2abe1: posts big blind 250
*** HOLE CARDS ***
Dealt to bb3f3673 
Dealt to c35d90f6 
Dealt to 6b3fe70d 
Dealt to Hero [Jh 8h]
Dealt to c064235f 
Dealt to 82b2abe1 
Dealt to 3771e89d 
Dealt to 6da73057 
3771e89d: calls 250
6da73057: folds
bb3f3673: calls 250
c35d90f6: folds
6b3fe70d: raises 1,000 to 1,250
Hero: calls 1,250
c064235f: folds
82b2abe1: folds
3771e89d: calls 1,000
bb3f3673: calls 1,000
*** FLOP *** [8s Jc Ts]
3771e89d: checks
bb3f3673: checks
6b3fe70d: bets 1,867
Hero: raises 4,695 to 6,562
3771e89d: folds
bb3f3673: folds
6b3fe70d: raises 8,817 to 15,379 and is all-in
Hero: calls 8,204 and is all-in
Uncalled bet (613) returned to 6b3fe70d
6b3fe70d: shows [Td Tc] (three of a kind, Tens)
Hero: shows [Jh 8h] (two pair, Jacks and Eights)
*** TURN *** [8s Jc Ts] [Kc]
*** RIVER *** [8s Jc Ts Kc] [3s]
3771e89d: shows [Kd] (a pair of Kings)
*** SHOWDOWN ***
6b3fe70d collected 35,187 from pot
*** SUMMARY ***
Total pot 35,187 | Rake 0 | Jackpot 0 | Bingo 0 | Fortune 0 | Tax 0
Board [8s Jc Ts Kc 3s]
Seat 1: bb3f3673 folded on the Flop
Seat 2: c35d90f6 folded before Flop
Seat 3: 6b3fe70d showed [Td Tc] and won (35,187) with three of a kind, Tens
Seat 4: Hero (button) showed [Jh 8h] and lost with two pair, Jacks and Eights
Seat 5: c064235f (small blind) folded before Flop
Seat 6: 82b2abe1 (big blind) folded before Flop
Seat 7: 3771e89d folded on the Flop
Seat 8: 6da73057 folded before Flop


Poker Hand #TM5654189582: Tournament #267057231, Bounty Hunters Special $8.88 Hold'em No Limit - Level5(125/250(35)) - 2026/03/02 17:23:17
Table '32' 8-max Seat #3 is the button
Seat 1: bb3f3673 (9,915 in chips)
Seat 2: c35d90f6 (49,575 in chips)
Seat 3: 6b3fe70d (16,699 in chips)
Seat 4: Hero (15,556 in chips)
Seat 5: c064235f (7,007 in chips)
Seat 6: 82b2abe1 (9,860 in chips)
Seat 7: 3771e89d (27,208 in chips)
Seat 8: 6da73057 (24,125 in chips)
c064235f: posts the ante 35
82b2abe1: posts the ante 35
c35d90f6: posts the ante 35
Hero: posts the ante 35
6b3fe70d: posts the ante 35
bb3f3673: posts the ante 35
3771e89d: posts the ante 35
6da73057: posts the ante 35
Hero: posts small blind 125
c064235f: posts big blind 250
*** HOLE CARDS ***
Dealt to bb3f3673 
Dealt to c35d90f6 
Dealt to 6b3fe70d 
Dealt to Hero [As 6h]
Dealt to c064235f 
Dealt to 82b2abe1 
Dealt to 3771e89d 
Dealt to 6da73057 
82b2abe1: folds
3771e89d: folds
6da73057: folds
bb3f3673: folds
c35d90f6: folds
6b3fe70d: folds
Hero: raises 250 to 500
c064235f: folds
Uncalled bet (250) returned to Hero
*** SHOWDOWN ***
Hero collected 780 from pot
*** SUMMARY ***
Total pot 780 | Rake 0 | Jackpot 0 | Bingo 0 | Fortune 0 | Tax 0
Seat 1: bb3f3673 folded before Flop
Seat 2: c35d90f6 folded before Flop
Seat 3: 6b3fe70d (button) folded before Flop
Seat 4: Hero (small blind) collected (780)
Seat 5: c064235f (big blind) folded before Flop
Seat 6: 82b2abe1 folded before Flop
Seat 7: 3771e89d folded before Flop
Seat 8: 6da73057 folded before Flop


Poker Hand #TM5654189578: Tournament #267057231, Bounty Hunters Special $8.88 Hold'em No Limit - Level5(125/250(35)) - 2026/03/02 17:22:38
Table '32' 8-max Seat #2 is the button
Seat 1: bb3f3673 (9,045 in chips)
Seat 2: c35d90f6 (49,610 in chips)
Seat 3: 6b3fe70d (16,859 in chips)
Seat 4: Hero (16,091 in chips)
Seat 5: c064235f (7,042 in chips)
Seat 6: 82b2abe1 (9,895 in chips)
Seat 7: 3771e89d (27,243 in chips)
Seat 8: 6da73057 (24,160 in chips)
c064235f: posts the ante 35
82b2abe1: posts the ante 35
c35d90f6: posts the ante 35
Hero: posts the ante 35
6b3fe70d: posts the ante 35
bb3f3673: posts the ante 35
3771e89d: posts the ante 35
6da73057: posts the ante 35
6b3fe70d: posts small blind 125
Hero: posts big blind 250
*** HOLE CARDS ***
Dealt to bb3f3673 
Dealt to c35d90f6 
Dealt to 6b3fe70d 
Dealt to Hero [4c 6c]
Dealt to c064235f 
Dealt to 82b2abe1 
Dealt to 3771e89d 
Dealt to 6da73057 
c064235f: folds
82b2abe1: folds
3771e89d: folds
6da73057: folds
bb3f3673: raises 250 to 500
c35d90f6: folds
6b3fe70d: folds
Hero: calls 250
*** FLOP *** [Ah 2h Kh]
Hero: checks
bb3f3673: checks
*** TURN *** [Ah 2h Kh] [Kc]
Hero: checks
bb3f3673: bets 464
Hero: folds
Uncalled bet (464) returned to bb3f3673
*** SHOWDOWN ***
bb3f3673 collected 1,405 from pot
*** SUMMARY ***
Total pot 1,405 | Rake 0 | Jackpot 0 | Bingo 0 | Fortune 0 | Tax 0
Board [Ah 2h Kh Kc]
Seat 1: bb3f3673 won (1,405)
Seat 2: c35d90f6 (button) folded before Flop
Seat 3: 6b3fe70d (small blind) folded before Flop
Seat 4: Hero (big blind) folded on the Turn
Seat 5: c064235f folded before Flop
Seat 6: 82b2abe1 folded before Flop
Seat 7: 3771e89d folded before Flop
Seat 8: 6da73057 folded before Flop


Poker Hand #TM5654189573: Tournament #267057231, Bounty Hunters Special $8.88 Hold'em No Limit - Level5(125/250(35)) - 2026/03/02 17:22:07
Table '32' 8-max Seat #1 is the button
Seat 1: bb3f3673 (9,080 in chips)
Seat 2: c35d90f6 (49,770 in chips)
Seat 3: 6b3fe70d (17,144 in chips)
Seat 4: Hero (16,126 in chips)
Seat 5: c064235f (7,077 in chips)
Seat 6: 82b2abe1 (9,930 in chips)
Seat 7: 3771e89d (26,623 in chips)
Seat 8: 6da73057 (24,195 in chips)
c064235f: posts the ante 35
82b2abe1: posts the ante 35
Hero: posts the ante 35
c35d90f6: posts the ante 35
6b3fe70d: posts the ante 35
bb3f3673: posts the ante 35
3771e89d: posts the ante 35
6da73057: posts the ante 35
c35d90f6: posts small blind 125
6b3fe70d: posts big blind 250
*** HOLE CARDS ***
Dealt to bb3f3673 
Dealt to c35d90f6 
Dealt to 6b3fe70d 
Dealt to Hero [4h Qc]
Dealt to c064235f 
Dealt to 82b2abe1 
Dealt to 3771e89d 
Dealt to 6da73057 
Hero: folds
c064235f: folds
82b2abe1: folds
3771e89d: raises 250 to 500
6da73057: folds
bb3f3673: folds
c35d90f6: folds
6b3fe70d: folds
Uncalled bet (250) returned to 3771e89d
*** SHOWDOWN ***
3771e89d collected 905 from pot
*** SUMMARY ***
Total pot 905 | Rake 0 | Jackpot 0 | Bingo 0 | Fortune 0 | Tax 0
Seat 1: bb3f3673 (button) folded before Flop
Seat 2: c35d90f6 (small blind) folded before Flop
Seat 3: 6b3fe70d (big blind) folded before Flop
Seat 4: Hero folded before Flop
Seat 5: c064235f folded before Flop
Seat 6: 82b2abe1 folded before Flop
Seat 7: 3771e89d collected (905)
Seat 8: 6da73057 folded before Flop


Poker Hand #TM5654189562: Tournament #267057231, Bounty Hunters Special $8.88 Hold'em No Limit - Level5(125/250(35)) - 2026/03/02 17:20:21
Table '32' 8-max Seat #8 is the button
Seat 1: bb3f3673 (9,240 in chips)
Seat 2: c35d90f6 (43,498 in chips)
Seat 3: 6b3fe70d (17,179 in chips)
Seat 4: Hero (20,134 in chips)
Seat 5: c064235f (7,112 in chips)
Seat 6: 82b2abe1 (9,965 in chips)
Seat 7: 3771e89d (28,587 in chips)
Seat 8: 6da73057 (24,230 in chips)
c064235f: posts the ante 35
82b2abe1: posts the ante 35
Hero: posts the ante 35
c35d90f6: posts the ante 35
6b3fe70d: posts the ante 35
3771e89d: posts the ante 35
bb3f3673: posts the ante 35
6da73057: posts the ante 35
bb3f3673: posts small blind 125
c35d90f6: posts big blind 250
*** HOLE CARDS ***
Dealt to bb3f3673 
Dealt to c35d90f6 
Dealt to 6b3fe70d 
Dealt to Hero [7d 7h]
Dealt to c064235f 
Dealt to 82b2abe1 
Dealt to 3771e89d 
Dealt to 6da73057 
6b3fe70d: folds
Hero: raises 250 to 500
c064235f: folds
82b2abe1: folds
3771e89d: calls 500
6da73057: folds
bb3f3673: folds
c35d90f6: calls 250
*** FLOP *** [6c 2d 5h]
c35d90f6: checks
Hero: bets 1,429
3771e89d: calls 1,429
c35d90f6: calls 1,429
*** TURN *** [6c 2d 5h] [Ks]
c35d90f6: checks
Hero: checks
3771e89d: checks
*** RIVER *** [6c 2d 5h Ks] [8c]
c35d90f6: checks
Hero: bets 2,044
3771e89d: folds
c35d90f6: calls 2,044
Hero: shows [7d 7h] (a pair of Sevens)
c35d90f6: shows [9d 9c] (a pair of Nines)
*** SHOWDOWN ***
c35d90f6 collected 10,280 from pot
*** SUMMARY ***
Total pot 10,280 | Rake 0 | Jackpot 0 | Bingo 0 | Fortune 0 | Tax 0
Board [6c 2d 5h Ks 8c]
Seat 1: bb3f3673 (small blind) folded before Flop
Seat 2: c35d90f6 (big blind) showed [9d 9c] and won (10,280) with a pair of Nines
Seat 3: 6b3fe70d folded before Flop
Seat 4: Hero showed [7d 7h] and lost with a pair of Sevens
Seat 5: c064235f folded before Flop
Seat 6: 82b2abe1 folded before Flop
Seat 7: 3771e89d folded on the River
Seat 8: 6da73057 (button) folded before Flop


Poker Hand #TM5654189554: Tournament #267057231, Bounty Hunters Special $8.88 Hold'em No Limit - Level5(125/250(35)) - 2026/03/02 17:19:33
Table '32' 8-max Seat #7 is the button
Seat 1: bb3f3673 (9,900 in chips)
Seat 2: c35d90f6 (43,533 in chips)
Seat 3: 6b3fe70d (17,214 in chips)
Seat 4: Hero (20,169 in chips)
Seat 5: c064235f (7,147 in chips)
Seat 6: 82b2abe1 (10,000 in chips)
Seat 7: 3771e89d (28,622 in chips)
Seat 8: 6da73057 (23,360 in chips)
c064235f: posts the ante 35
82b2abe1: posts the ante 35
Hero: posts the ante 35
c35d90f6: posts the ante 35
6b3fe70d: posts the ante 35
3771e89d: posts the ante 35
bb3f3673: posts the ante 35
6da73057: posts the ante 35
6da73057: posts small blind 125
bb3f3673: posts big blind 250
*** HOLE CARDS ***
Dealt to bb3f3673 
Dealt to c35d90f6 
Dealt to 6b3fe70d 
Dealt to Hero [8c 5s]
Dealt to c064235f 
Dealt to 82b2abe1 
Dealt to 3771e89d 
Dealt to 6da73057 
c35d90f6: folds
6b3fe70d: folds
Hero: folds
c064235f: folds
82b2abe1: folds
3771e89d: folds
6da73057: raises 375 to 625
bb3f3673: calls 375
*** FLOP *** [As Ts 2c]
6da73057: bets 575
bb3f3673: folds
Uncalled bet (575) returned to 6da73057
*** SHOWDOWN ***
6da73057 collected 1,530 from pot
*** SUMMARY ***
Total pot 1,530 | Rake 0 | Jackpot 0 | Bingo 0 | Fortune 0 | Tax 0
Board [As Ts 2c]
Seat 1: bb3f3673 (big blind) folded on the Flop
Seat 2: c35d90f6 folded before Flop
Seat 3: 6b3fe70d folded before Flop
Seat 4: Hero folded before Flop
Seat 5: c064235f folded before Flop
Seat 6: 82b2abe1 folded before Flop
Seat 7: 3771e89d (button) folded before Flop
Seat 8: 6da73057 (small blind) won (1,530)


Poker Hand #TM5654189545: Tournament #267057231, Bounty Hunters Special $8.88 Hold'em No Limit - Level5(125/250(35)) - 2026/03/02 17:18:19
Table '32' 8-max Seat #5 is the button
Seat 1: bb3f3673 (9,935 in chips)
Seat 2: c35d90f6 (43,568 in chips)
Seat 3: 6b3fe70d (17,249 in chips)
Seat 4: Hero (21,157 in chips)
Seat 5: c064235f (7,182 in chips)
Seat 7: 3771e89d (28,782 in chips)
Seat 8: 6da73057 (22,072 in chips)
c064235f: posts the ante 35
Hero: posts the ante 35
c35d90f6: posts the ante 35
6b3fe70d: posts the ante 35
bb3f3673: posts the ante 35
3771e89d: posts the ante 35
6da73057: posts the ante 35
3771e89d: posts small blind 125
6da73057: posts big blind 250
*** HOLE CARDS ***
Dealt to bb3f3673 
Dealt to c35d90f6 
Dealt to 6b3fe70d 
Dealt to Hero [5h 5s]
Dealt to c064235f 
Dealt to 3771e89d 
Dealt to 6da73057 
bb3f3673: folds
c35d90f6: folds
6b3fe70d: folds
Hero: raises 250 to 500
c064235f: folds
3771e89d: folds
6da73057: calls 250
*** FLOP *** [3h Jh 7h]
6da73057: checks
Hero: checks
*** TURN *** [3h Jh 7h] [Tc]
6da73057: checks
Hero: bets 453
6da73057: raises 1,161 to 1,614
Hero: folds
Uncalled bet (1,161) returned to 6da73057
*** SHOWDOWN ***
6da73057 collected 2,276 from pot
*** SUMMARY ***
Total pot 2,276 | Rake 0 | Jackpot 0 | Bingo 0 | Fortune 0 | Tax 0
Board [3h Jh 7h Tc]
Seat 1: bb3f3673 folded before Flop
Seat 2: c35d90f6 folded before Flop
Seat 3: 6b3fe70d folded before Flop
Seat 4: Hero folded on the Turn
Seat 5: c064235f (button) folded before Flop
Seat 7: 3771e89d (small blind) folded before Flop
Seat 8: 6da73057 (big blind) won (2,276)


Poker Hand #TM5654189533: Tournament #267057231, Bounty Hunters Special $8.88 Hold'em No Limit - Level5(125/250(35)) - 2026/03/02 17:16:51
Table '32' 8-max Seat #4 is the button
Seat 1: bb3f3673 (9,970 in chips)
Seat 2: c35d90f6 (43,603 in chips)
Seat 3: 6b3fe70d (17,284 in chips)
Seat 4: Hero (21,192 in chips)
Seat 5: c064235f (7,342 in chips)
Seat 7: 3771e89d (30,590 in chips)
Seat 8: 6da73057 (19,964 in chips)
c064235f: posts the ante 35
Hero: posts the ante 35
c35d90f6: posts the ante 35
6b3fe70d: posts the ante 35
bb3f3673: posts the ante 35
3771e89d: posts the ante 35
6da73057: posts the ante 35
c064235f: posts small blind 125
3771e89d: posts big blind 250
*** HOLE CARDS ***
Dealt to bb3f3673 
Dealt to c35d90f6 
Dealt to 6b3fe70d 
Dealt to Hero [4c Jc]
Dealt to c064235f 
Dealt to 3771e89d 
Dealt to 6da73057 
6da73057: raises 275 to 525
bb3f3673: folds
c35d90f6: folds
6b3fe70d: folds
Hero: folds
c064235f: folds
3771e89d: calls 275
*** FLOP *** [Ts 7s 5s]
3771e89d: bets 469
6da73057: calls 469
*** TURN *** [Ts 7s 5s] [6s]
3771e89d: bets 779
6da73057: calls 779
*** RIVER *** [Ts 7s 5s 6s] [6c]
3771e89d: checks
6da73057: bets 4,895
3771e89d: folds
Uncalled bet (4,895) returned to 6da73057
*** SHOWDOWN ***
6da73057 collected 3,916 from pot
*** SUMMARY ***
Total pot 3,916 | Rake 0 | Jackpot 0 | Bingo 0 | Fortune 0 | Tax 0
Board [Ts 7s 5s 6s 6c]
Seat 1: bb3f3673 folded before Flop
Seat 2: c35d90f6 folded before Flop
Seat 3: 6b3fe70d folded before Flop
Seat 4: Hero (button) folded before Flop
Seat 5: c064235f (small blind) folded before Flop
Seat 7: 3771e89d (big blind) folded on the River
Seat 8: 6da73057 won (3,916)


Poker Hand #TM5654189527: Tournament #267057231, Bounty Hunters Special $8.88 Hold'em No Limit - Level4(100/200(30)) - 2026/03/02 17:16:09
Table '32' 8-max Seat #3 is the button
Seat 1: bb3f3673 (10,000 in chips)
Seat 2: c35d90f6 (43,633 in chips)
Seat 3: 6b3fe70d (6,194 in chips)
Seat 4: Hero (21,322 in chips)
Seat 5: c064235f (7,572 in chips)
Seat 6: 7c649245 (4,446 in chips)
Seat 7: 3771e89d (36,784 in chips)
Seat 8: 6da73057 (19,994 in chips)
7c649245: posts the ante 30
c064235f: posts the ante 30
c35d90f6: posts the ante 30
Hero: posts the ante 30
6b3fe70d: posts the ante 30
bb3f3673: posts the ante 30
3771e89d: posts the ante 30
6da73057: posts the ante 30
Hero: posts small blind 100
c064235f: posts big blind 200
*** HOLE CARDS ***
Dealt to bb3f3673 
Dealt to c35d90f6 
Dealt to 6b3fe70d 
Dealt to Hero [8d Ts]
Dealt to c064235f 
Dealt to 7c649245 
Dealt to 3771e89d 
Dealt to 6da73057 
7c649245: raises 4,216 to 4,416 and is all-in
3771e89d: raises 4,216 to 8,632
6da73057: folds
bb3f3673: folds
c35d90f6: folds
6b3fe70d: calls 6,164 and is all-in
Hero: folds
c064235f: folds
Uncalled bet (2,468) returned to 3771e89d
3771e89d: shows [Kc Qs]
6b3fe70d: shows [Ah Ac]
7c649245: shows [Th Tc]
*** FLOP *** [4d Jc 5c]
*** TURN *** [4d Jc 5c] [6c]
*** RIVER *** [4d Jc 5c 6c] [9d]
*** SHOWDOWN ***
6b3fe70d collected 13,788 from pot
6b3fe70d collected 3,496 from pot
*** SUMMARY ***
Total pot 17,284 | Rake 0 | Jackpot 0 | Bingo 0 | Fortune 0 | Tax 0
Board [4d Jc 5c 6c 9d]
Seat 1: bb3f3673 folded before Flop
Seat 2: c35d90f6 folded before Flop
Seat 3: 6b3fe70d (button) showed [Ah Ac] and won (17,284) with a pair of Aces
Seat 4: Hero (small blind) folded before Flop
Seat 5: c064235f (big blind) folded before Flop
Seat 6: 7c649245 showed [Th Tc] and lost with a pair of Tens
Seat 7: 3771e89d showed [Kc Qs] and lost with King high
Seat 8: 6da73057 folded before Flop


Poker Hand #TM5654189516: Tournament #267057231, Bounty Hunters Special $8.88 Hold'em No Limit - Level4(100/200(30)) - 2026/03/02 17:14:50
Table '32' 8-max Seat #2 is the button
Seat 2: c35d90f6 (43,663 in chips)
Seat 3: 6b3fe70d (6,324 in chips)
Seat 4: Hero (20,087 in chips)
Seat 5: c064235f (7,602 in chips)
Seat 6: 7c649245 (4,476 in chips)
Seat 7: 3771e89d (37,769 in chips)
Seat 8: 6da73057 (20,024 in chips)
7c649245: posts the ante 30
c064235f: posts the ante 30
c35d90f6: posts the ante 30
Hero: posts the ante 30
6b3fe70d: posts the ante 30
3771e89d: posts the ante 30
6da73057: posts the ante 30
6b3fe70d: posts small blind 100
Hero: posts big blind 200
*** HOLE CARDS ***
Dealt to c35d90f6 
Dealt to 6b3fe70d 
Dealt to Hero [8h 9d]
Dealt to c064235f 
Dealt to 7c649245 
Dealt to 3771e89d 
Dealt to 6da73057 
c064235f: folds
7c649245: folds
3771e89d: raises 200 to 400
6da73057: folds
c35d90f6: folds
6b3fe70d: folds
Hero: calls 200
*** FLOP *** [Jc 5d Qh]
Hero: checks
3771e89d: bets 555
Hero: calls 555
*** TURN *** [Jc 5d Qh] [Th]
Hero: checks
3771e89d: checks
*** RIVER *** [Jc 5d Qh Th] [As]
Hero: checks
3771e89d: checks
Hero: shows [8h 9d] (a straight, Queen to Eight)
3771e89d: shows [Jh Ad] (two pair, Aces and Jacks)
*** SHOWDOWN ***
Hero collected 2,220 from pot
*** SUMMARY ***
Total pot 2,220 | Rake 0 | Jackpot 0 | Bingo 0 | Fortune 0 | Tax 0
Board [Jc 5d Qh Th As]
Seat 2: c35d90f6 (button) folded before Flop
Seat 3: 6b3fe70d (small blind) folded before Flop
Seat 4: Hero (big blind) showed [8h 9d] and won (2,220) with a straight, Queen to Eight
Seat 5: c064235f folded before Flop
Seat 6: 7c649245 folded before Flop
Seat 7: 3771e89d showed [Jh Ad] and lost with two pair, Aces and Jacks
Seat 8: 6da73057 folded before Flop


Poker Hand #TM5654189509: Tournament #267057231, Bounty Hunters Special $8.88 Hold'em No Limit - Level4(100/200(30)) - 2026/03/02 17:13:39
Table '32' 8-max Seat #1 is the button
Seat 1: 47e4bcec (15,263 in chips)
Seat 2: c35d90f6 (43,793 in chips)
Seat 3: 6b3fe70d (6,554 in chips)
Seat 4: Hero (20,517 in chips)
Seat 5: c064235f (7,632 in chips)
Seat 6: 7c649245 (4,506 in chips)
Seat 7: 3771e89d (21,626 in chips)
Seat 8: 6da73057 (20,054 in chips)
7c649245: posts the ante 30
c064235f: posts the ante 30
Hero: posts the ante 30
c35d90f6: posts the ante 30
6b3fe70d: posts the ante 30
47e4bcec: posts the ante 30
3771e89d: posts the ante 30
6da73057: posts the ante 30
c35d90f6: posts small blind 100
6b3fe70d: posts big blind 200
*** HOLE CARDS ***
Dealt to 47e4bcec 
Dealt to c35d90f6 
Dealt to 6b3fe70d 
Dealt to Hero [6h As]
Dealt to c064235f 
Dealt to 7c649245 
Dealt to 3771e89d 
Dealt to 6da73057 
Hero: raises 200 to 400
c064235f: folds
7c649245: folds
3771e89d: raises 1,005 to 1,405
6da73057: folds
47e4bcec: raises 2,195 to 3,600
c35d90f6: folds
6b3fe70d: folds
Hero: folds
3771e89d: calls 2,195
*** FLOP *** [7c Ad Qd]
3771e89d: checks
47e4bcec: bets 2,442
3771e89d: raises 2,442 to 4,884
47e4bcec: raises 6,749 to 11,633 and is all-in
3771e89d: calls 6,749
47e4bcec: shows [Kc Ah] (a pair of Aces)
3771e89d: shows [Kd Td] (Ace high)
*** TURN *** [7c Ad Qd] [9d]
*** RIVER *** [7c Ad Qd 9d] [4d]
6da73057: shows [Ac] (a pair of Aces)
*** SHOWDOWN ***
3771e89d collected 31,406 from pot
*** SUMMARY ***
Total pot 31,406 | Rake 0 | Jackpot 0 | Bingo 0 | Fortune 0 | Tax 0
Board [7c Ad Qd 9d 4d]
Seat 1: 47e4bcec (button) showed [Kc Ah] and lost with a pair of Aces
Seat 2: c35d90f6 (small blind) folded before Flop
Seat 3: 6b3fe70d (big blind) folded before Flop
Seat 4: Hero folded before Flop
Seat 5: c064235f folded before Flop
Seat 6: 7c649245 folded before Flop
Seat 7: 3771e89d showed [Kd Td] and won (31,406) with a flush Ace high
Seat 8: 6da73057 folded before Flop


Poker Hand #TM5654189506: Tournament #267057231, Bounty Hunters Special $8.88 Hold'em No Limit - Level4(100/200(30)) - 2026/03/02 17:12:35
Table '32' 8-max Seat #8 is the button
Seat 1: 47e4bcec (15,393 in chips)
Seat 2: c35d90f6 (44,023 in chips)
Seat 3: 6b3fe70d (6,584 in chips)
Seat 4: Hero (20,547 in chips)
Seat 5: c064235f (7,662 in chips)
Seat 6: 7c649245 (14,293 in chips)
Seat 7: 3771e89d (21,656 in chips)
Seat 8: 6da73057 (9,787 in chips)
7c649245: posts the ante 30
c064235f: posts the ante 30
Hero: posts the ante 30
c35d90f6: posts the ante 30
6b3fe70d: posts the ante 30
3771e89d: posts the ante 30
47e4bcec: posts the ante 30
6da73057: posts the ante 30
47e4bcec: posts small blind 100
c35d90f6: posts big blind 200
*** HOLE CARDS ***
Dealt to 47e4bcec 
Dealt to c35d90f6 
Dealt to 6b3fe70d 
Dealt to Hero [7s Js]
Dealt to c064235f 
Dealt to 7c649245 
Dealt to 3771e89d 
Dealt to 6da73057 
6b3fe70d: folds
Hero: folds
c064235f: folds
7c649245: raises 400 to 600
3771e89d: folds
6da73057: calls 600
47e4bcec: folds
c35d90f6: folds
*** FLOP *** [6c 8h As]
7c649245: bets 1,305
6da73057: calls 1,305
*** TURN *** [6c 8h As] [4c]
7c649245: bets 12,358 and is all-in
6da73057: calls 7,852 and is all-in
Uncalled bet (4,506) returned to 7c649245
7c649245: shows [9d Ac] (a pair of Aces)
6da73057: shows [Ah Jc] (a pair of Aces)
*** RIVER *** [6c 8h As 4c] [2h]
3771e89d: shows [8c] (a pair of Eights)
*** SHOWDOWN ***
6da73057 collected 20,054 from pot
*** SUMMARY ***
Total pot 20,054 | Rake 0 | Jackpot 0 | Bingo 0 | Fortune 0 | Tax 0
Board [6c 8h As 4c 2h]
Seat 1: 47e4bcec (small blind) folded before Flop
Seat 2: c35d90f6 (big blind) folded before Flop
Seat 3: 6b3fe70d folded before Flop
Seat 4: Hero folded before Flop
Seat 5: c064235f folded before Flop
Seat 6: 7c649245 showed [9d Ac] and lost with a pair of Aces
Seat 7: 3771e89d folded before Flop
Seat 8: 6da73057 (button) showed [Ah Jc] and won (20,054) with a pair of Aces


Poker Hand #TM5654189496: Tournament #267057231, Bounty Hunters Special $8.88 Hold'em No Limit - Level4(100/200(30)) - 2026/03/02 17:11:19
Table '32' 8-max Seat #7 is the button
Seat 1: 47e4bcec (11,357 in chips)
Seat 2: c35d90f6 (44,053 in chips)
Seat 3: 6b3fe70d (9,940 in chips)
Seat 4: Hero (20,577 in chips)
Seat 5: c064235f (7,692 in chips)
Seat 6: 7c649245 (14,323 in chips)
Seat 7: 3771e89d (22,086 in chips)
Seat 8: 6da73057 (9,917 in chips)
7c649245: posts the ante 30
c064235f: posts the ante 30
Hero: posts the ante 30
c35d90f6: posts the ante 30
6b3fe70d: posts the ante 30
3771e89d: posts the ante 30
47e4bcec: posts the ante 30
6da73057: posts the ante 30
6da73057: posts small blind 100
47e4bcec: posts big blind 200
*** HOLE CARDS ***
Dealt to 47e4bcec 
Dealt to c35d90f6 
Dealt to 6b3fe70d 
Dealt to Hero [7c Ts]
Dealt to c064235f 
Dealt to 7c649245 
Dealt to 3771e89d 
Dealt to 6da73057 
c35d90f6: folds
6b3fe70d: raises 200 to 400
Hero: folds
c064235f: folds
7c649245: folds
3771e89d: calls 400
6da73057: folds
47e4bcec: raises 1,540 to 1,940
6b3fe70d: calls 1,540
3771e89d: folds
*** FLOP *** [Kc 2h 2c]
47e4bcec: bets 1,386
6b3fe70d: calls 1,386
*** TURN *** [Kc 2h 2c] [3c]
47e4bcec: bets 7,392
6b3fe70d: folds
Uncalled bet (7,392) returned to 47e4bcec
*** SHOWDOWN ***
47e4bcec collected 7,392 from pot
*** SUMMARY ***
Total pot 7,392 | Rake 0 | Jackpot 0 | Bingo 0 | Fortune 0 | Tax 0
Board [Kc 2h 2c 3c]
Seat 1: 47e4bcec (big blind) won (7,392)
Seat 2: c35d90f6 folded before Flop
Seat 3: 6b3fe70d folded on the Turn
Seat 4: Hero folded before Flop
Seat 5: c064235f folded before Flop
Seat 6: 7c649245 folded before Flop
Seat 7: 3771e89d (button) folded before Flop
Seat 8: 6da73057 (small blind) folded before Flop


Poker Hand #TM5654189488: Tournament #267057231, Bounty Hunters Special $8.88 Hold'em No Limit - Level4(100/200(30)) - 2026/03/02 17:09:48
Table '32' 8-max Seat #6 is the button
Seat 1: 47e4bcec (21,810 in chips)
Seat 2: c35d90f6 (44,083 in chips)
Seat 3: 6b3fe70d (9,970 in chips)
Seat 4: Hero (20,607 in chips)
Seat 5: c064235f (8,122 in chips)
Seat 6: 7c649245 (14,753 in chips)
Seat 7: 3771e89d (10,453 in chips)
Seat 8: 6da73057 (10,147 in chips)
7c649245: posts the ante 30
c064235f: posts the ante 30
Hero: posts the ante 30
c35d90f6: posts the ante 30
6b3fe70d: posts the ante 30
47e4bcec: posts the ante 30
3771e89d: posts the ante 30
6da73057: posts the ante 30
3771e89d: posts small blind 100
6da73057: posts big blind 200
*** HOLE CARDS ***
Dealt to 47e4bcec 
Dealt to c35d90f6 
Dealt to 6b3fe70d 
Dealt to Hero [2c 5s]
Dealt to c064235f 
Dealt to 7c649245 
Dealt to 3771e89d 
Dealt to 6da73057 
47e4bcec: raises 200 to 400
c35d90f6: folds
6b3fe70d: folds
Hero: folds
c064235f: calls 400
7c649245: calls 400
3771e89d: raises 2,040 to 2,440
6da73057: folds
47e4bcec: calls 2,040
c064235f: folds
7c649245: folds
*** FLOP *** [9s 6s 2h]
3771e89d: bets 6,120
47e4bcec: raises 13,220 to 19,340 and is all-in
3771e89d: calls 1,863 and is all-in
Uncalled bet (11,357) returned to 47e4bcec
47e4bcec: shows [Tc 9c] (a pair of Nines)
3771e89d: shows [Kd Kc] (a pair of Kings)
*** TURN *** [9s 6s 2h] [Qc]
*** RIVER *** [9s 6s 2h Qc] [Ac]
*** SHOWDOWN ***
3771e89d collected 22,086 from pot
*** SUMMARY ***
Total pot 22,086 | Rake 0 | Jackpot 0 | Bingo 0 | Fortune 0 | Tax 0
Board [9s 6s 2h Qc Ac]
Seat 1: 47e4bcec showed [Tc 9c] and lost with a pair of Nines
Seat 2: c35d90f6 folded before Flop
Seat 3: 6b3fe70d folded before Flop
Seat 4: Hero folded before Flop
Seat 5: c064235f folded before Flop
Seat 6: 7c649245 (button) folded before Flop
Seat 7: 3771e89d (small blind) showed [Kd Kc] and won (22,086) with a pair of Kings
Seat 8: 6da73057 (big blind) folded before Flop


Poker Hand #TM5654189484: Tournament #267057231, Bounty Hunters Special $8.88 Hold'em No Limit - Level4(100/200(30)) - 2026/03/02 17:09:12
Table '32' 8-max Seat #5 is the button
Seat 1: 47e4bcec (21,840 in chips)
Seat 2: c35d90f6 (44,513 in chips)
Seat 3: 6b3fe70d (10,000 in chips)
Seat 4: Hero (20,637 in chips)
Seat 5: c064235f (8,552 in chips)
Seat 6: 7c649245 (14,883 in chips)
Seat 7: 3771e89d (9,343 in chips)
Seat 8: 6da73057 (10,177 in chips)
7c649245: posts the ante 30
c064235f: posts the ante 30
Hero: posts the ante 30
c35d90f6: posts the ante 30
6b3fe70d: posts the ante 30
47e4bcec: posts the ante 30
3771e89d: posts the ante 30
6da73057: posts the ante 30
7c649245: posts small blind 100
3771e89d: posts big blind 200
*** HOLE CARDS ***
Dealt to 47e4bcec 
Dealt to c35d90f6 
Dealt to 6b3fe70d 
Dealt to Hero [4c Td]
Dealt to c064235f 
Dealt to 7c649245 
Dealt to 3771e89d 
Dealt to 6da73057 
6da73057: folds
47e4bcec: folds
c35d90f6: raises 200 to 400
6b3fe70d: folds
Hero: folds
c064235f: calls 400
7c649245: folds
3771e89d: calls 200
*** FLOP *** [Tc 7s 3d]
3771e89d: bets 770
c35d90f6: folds
c064235f: folds
Uncalled bet (770) returned to 3771e89d
*** SHOWDOWN ***
3771e89d collected 1,540 from pot
*** SUMMARY ***
Total pot 1,540 | Rake 0 | Jackpot 0 | Bingo 0 | Fortune 0 | Tax 0
Board [Tc 7s 3d]
Seat 1: 47e4bcec folded before Flop
Seat 2: c35d90f6 folded on the Flop
Seat 3: 6b3fe70d folded before Flop
Seat 4: Hero folded before Flop
Seat 5: c064235f (button) folded on the Flop
Seat 6: 7c649245 (small blind) folded before Flop
Seat 7: 3771e89d (big blind) won (1,540)
Seat 8: 6da73057 folded before Flop


Poker Hand #TM5654189476: Tournament #267057231, Bounty Hunters Special $8.88 Hold'em No Limit - Level4(100/200(30)) - 2026/03/02 17:08:15
Table '32' 8-max Seat #4 is the button
Seat 1: 47e4bcec (21,870 in chips)
Seat 2: c35d90f6 (44,543 in chips)
Seat 4: Hero (19,957 in chips)
Seat 5: c064235f (8,682 in chips)
Seat 6: 7c649245 (15,313 in chips)
Seat 7: 3771e89d (9,373 in chips)
Seat 8: 6da73057 (10,207 in chips)
7c649245: posts the ante 30
c064235f: posts the ante 30
Hero: posts the ante 30
c35d90f6: posts the ante 30
47e4bcec: posts the ante 30
3771e89d: posts the ante 30
6da73057: posts the ante 30
c064235f: posts small blind 100
7c649245: posts big blind 200
*** HOLE CARDS ***
Dealt to 47e4bcec 
Dealt to c35d90f6 
Dealt to Hero [Qh As]
Dealt to c064235f 
Dealt to 7c649245 
Dealt to 3771e89d 
Dealt to 6da73057 
3771e89d: folds
6da73057: folds
47e4bcec: folds
c35d90f6: folds
Hero: raises 200 to 400
c064235f: folds
7c649245: calls 200
*** FLOP *** [4d Kc 2h]
7c649245: checks
Hero: checks
*** TURN *** [4d Kc 2h] [4s]
7c649245: checks
Hero: checks
*** RIVER *** [4d Kc 2h 4s] [4c]
7c649245: checks
Hero: checks
7c649245: shows [Jd 5d] (three of a kind, Fours)
Hero: shows [Qh As] (three of a kind, Fours)
*** SHOWDOWN ***
Hero collected 1,110 from pot
*** SUMMARY ***
Total pot 1,110 | Rake 0 | Jackpot 0 | Bingo 0 | Fortune 0 | Tax 0
Board [4d Kc 2h 4s 4c]
Seat 1: 47e4bcec folded before Flop
Seat 2: c35d90f6 folded before Flop
Seat 4: Hero (button) showed [Qh As] and won (1,110) with three of a kind, Fours
Seat 5: c064235f (small blind) folded before Flop
Seat 6: 7c649245 (big blind) showed [Jd 5d] and lost with three of a kind, Fours
Seat 7: 3771e89d folded before Flop
Seat 8: 6da73057 folded before Flop


Poker Hand #TM5654189468: Tournament #267057231, Bounty Hunters Special $8.88 Hold'em No Limit - Level4(100/200(30)) - 2026/03/02 17:07:19
Table '32' 8-max Seat #3 is the button
Seat 1: 47e4bcec (21,900 in chips)
Seat 2: c35d90f6 (44,573 in chips)
Seat 3: 3398f8ea (2,869 in chips)
Seat 4: Hero (8,369 in chips)
Seat 5: c064235f (8,912 in chips)
Seat 6: 7c649245 (15,343 in chips)
Seat 7: 3771e89d (17,742 in chips)
Seat 8: 6da73057 (10,237 in chips)
7c649245: posts the ante 30
c064235f: posts the ante 30
c35d90f6: posts the ante 30
Hero: posts the ante 30
47e4bcec: posts the ante 30
3771e89d: posts the ante 30
6da73057: posts the ante 30
3398f8ea: posts the ante 30
Hero: posts small blind 100
c064235f: posts big blind 200
*** HOLE CARDS ***
Dealt to 47e4bcec 
Dealt to c35d90f6 
Dealt to 3398f8ea 
Dealt to Hero [As Tc]
Dealt to c064235f 
Dealt to 7c649245 
Dealt to 3771e89d 
Dealt to 6da73057 
7c649245: folds
3771e89d: raises 400 to 600
6da73057: folds
47e4bcec: folds
c35d90f6: folds
3398f8ea: raises 2,239 to 2,839 and is all-in
Hero: raises 5,500 to 8,339 and is all-in
c064235f: folds
3771e89d: calls 7,739
Hero: shows [As Tc]
3771e89d: shows [3h Ah]
3398f8ea: shows [6h 6c]
*** FLOP *** [7h Ts Jd]
*** TURN *** [7h Ts Jd] [5h]
*** RIVER *** [7h Ts Jd 5h] [7c]
*** SHOWDOWN ***
Hero collected 8,957 from pot
Hero collected 11,000 from pot
*** SUMMARY ***
Total pot 19,957 | Rake 0 | Jackpot 0 | Bingo 0 | Fortune 0 | Tax 0
Board [7h Ts Jd 5h 7c]
Seat 1: 47e4bcec folded before Flop
Seat 2: c35d90f6 folded before Flop
Seat 3: 3398f8ea (button) showed [6h 6c] and lost with two pair, Sevens and Sixes
Seat 4: Hero (small blind) showed [As Tc] and won (19,957) with two pair, Tens and Sevens
Seat 5: c064235f (big blind) folded before Flop
Seat 6: 7c649245 folded before Flop
Seat 7: 3771e89d showed [3h Ah] and lost with a pair of Sevens
Seat 8: 6da73057 folded before Flop


Poker Hand #TM5654189458: Tournament #267057231, Bounty Hunters Special $8.88 Hold'em No Limit - Level3(80/160(24)) - 2026/03/02 17:05:58
Table '32' 8-max Seat #2 is the button
Seat 1: 47e4bcec (21,924 in chips)
Seat 2: c35d90f6 (37,988 in chips)
Seat 3: 3398f8ea (2,973 in chips)
Seat 4: Hero (9,120 in chips)
Seat 5: c064235f (8,936 in chips)
Seat 6: 7c649245 (15,367 in chips)
Seat 7: 3771e89d (23,376 in chips)
Seat 8: 6da73057 (10,261 in chips)
7c649245: posts the ante 24
c064235f: posts the ante 24
c35d90f6: posts the ante 24
Hero: posts the ante 24
47e4bcec: posts the ante 24
3771e89d: posts the ante 24
6da73057: posts the ante 24
3398f8ea: posts the ante 24
3398f8ea: posts small blind 80
Hero: posts big blind 160
*** HOLE CARDS ***
Dealt to 47e4bcec 
Dealt to c35d90f6 
Dealt to 3398f8ea 
Dealt to Hero [4c 6h]
Dealt to c064235f 
Dealt to 7c649245 
Dealt to 3771e89d 
Dealt to 6da73057 
c064235f: folds
7c649245: folds
3771e89d: raises 160 to 320
6da73057: folds
47e4bcec: folds
c35d90f6: calls 320
3398f8ea: folds
Hero: calls 160
*** FLOP *** [2h 4d Jd]
Hero: checks
3771e89d: checks
c35d90f6: checks
*** TURN *** [2h 4d Jd] [Js]
Hero: bets 407
3771e89d: calls 407
c35d90f6: raises 810 to 1,217
Hero: folds
3771e89d: calls 810
*** RIVER *** [2h 4d Jd Js] [Ac]
3771e89d: checks
c35d90f6: bets 4,073
3771e89d: calls 4,073
c35d90f6: shows [As Jc] (a full house, Jacks full of Aces)
3771e89d: shows [Ks Ad] (two pair, Aces and Jacks)
*** SHOWDOWN ***
c35d90f6 collected 12,219 from pot
*** SUMMARY ***
Total pot 12,219 | Rake 0 | Jackpot 0 | Bingo 0 | Fortune 0 | Tax 0
Board [2h 4d Jd Js Ac]
Seat 1: 47e4bcec folded before Flop
Seat 2: c35d90f6 (button) showed [As Jc] and won (12,219) with a full house, Jacks full of Aces
Seat 3: 3398f8ea (small blind) folded before Flop
Seat 4: Hero (big blind) folded on the Turn
Seat 5: c064235f folded before Flop
Seat 6: 7c649245 folded before Flop
Seat 7: 3771e89d showed [Ks Ad] and lost with two pair, Aces and Jacks
Seat 8: 6da73057 folded before Flop


Poker Hand #TM5654189452: Tournament #267057231, Bounty Hunters Special $8.88 Hold'em No Limit - Level3(80/160(24)) - 2026/03/02 17:05:11
Table '32' 8-max Seat #1 is the button
Seat 1: 47e4bcec (21,948 in chips)
Seat 2: c35d90f6 (38,092 in chips)
Seat 3: 3398f8ea (3,157 in chips)
Seat 4: Hero (10,000 in chips)
Seat 5: c064235f (8,960 in chips)
Seat 6: 7c649245 (14,103 in chips)
Seat 7: 3771e89d (23,400 in chips)
Seat 8: 6da73057 (10,285 in chips)
7c649245: posts the ante 24
c064235f: posts the ante 24
Hero: posts the ante 24
c35d90f6: posts the ante 24
47e4bcec: posts the ante 24
3771e89d: posts the ante 24
6da73057: posts the ante 24
3398f8ea: posts the ante 24
c35d90f6: posts small blind 80
3398f8ea: posts big blind 160
*** HOLE CARDS ***
Dealt to 47e4bcec 
Dealt to c35d90f6 
Dealt to 3398f8ea 
Dealt to Hero [Kc Qs]
Dealt to c064235f 
Dealt to 7c649245 
Dealt to 3771e89d 
Dealt to 6da73057 
Hero: raises 160 to 320
c064235f: folds
7c649245: raises 536 to 856
3771e89d: folds
6da73057: folds
47e4bcec: folds
c35d90f6: folds
3398f8ea: folds
Hero: calls 536
*** FLOP *** [8d 6s 8h]
Hero: checks
7c649245: bets 1,072
Hero: folds
Uncalled bet (1,072) returned to 7c649245
*** SHOWDOWN ***
7c649245 collected 2,144 from pot
*** SUMMARY ***
Total pot 2,144 | Rake 0 | Jackpot 0 | Bingo 0 | Fortune 0 | Tax 0
Board [8d 6s 8h]
Seat 1: 47e4bcec (button) folded before Flop
Seat 2: c35d90f6 (small blind) folded before Flop
Seat 3: 3398f8ea (big blind) folded before Flop
Seat 4: Hero folded on the Flop
Seat 5: c064235f folded before Flop
Seat 6: 7c649245 won (2,144)
Seat 7: 3771e89d folded before Flop
Seat 8: 6da73057 folded before Flop


