Poker Hand #TM5693543614: Tournament #269070353, Bounty Hunters Deepstack Turbo $8.88 Hold'em No Limit - Level13(600/1,200(180)) - 2026/03/11 16:13:03
Table '16' 8-max Seat #6 is the button
Seat 1: 20ff195 (60,326 in chips)
Seat 2: Hero (28,396 in chips)
Seat 3: 6f5c84b (27,414 in chips)
Seat 4: 9f0e4063 (55,963 in chips)
Seat 5: 36a09985 (87,175 in chips)
Seat 6: 5f0040da (2,940 in chips)
Seat 7: eaa12775 (94,911 in chips)
Seat 8: 5c6c357b (45,557 in chips)
20ff195: posts the ante 180
Hero: posts the ante 180
5f0040da: posts the ante 180
6f5c84b: posts the ante 180
eaa12775: posts the ante 180
9f0e4063: posts the ante 180
36a09985: posts the ante 180
5c6c357b: posts the ante 180
eaa12775: posts small blind 600
5c6c357b: posts big blind 1,200
*** HOLE CARDS ***
Dealt to 20ff195 
Dealt to Hero [8h 8s]
Dealt to 6f5c84b 
Dealt to 9f0e4063 
Dealt to 36a09985 
Dealt to 5f0040da 
Dealt to eaa12775 
Dealt to 5c6c357b 
20ff195: folds
Hero: raises 1,200 to 2,400
6f5c84b: folds
9f0e4063: raises 4,020 to 6,420
36a09985: folds
5f0040da: folds
eaa12775: folds
5c6c357b: folds
Hero: calls 4,020
*** FLOP *** [Qc Qs 7d]
Hero: checks
9f0e4063: checks
*** TURN *** [Qc Qs 7d] [6d]
Hero: bets 6,840
9f0e4063: calls 6,840
*** RIVER *** [Qc Qs 7d 6d] [Td]
Hero: checks
9f0e4063: bets 16,800
Hero: calls 14,956 and is all-in
Uncalled bet (1,844) returned to 9f0e4063
9f0e4063: shows [Kc Qd] (three of a kind, Queens)
Hero: shows [8h 8s] (two pair, Queens and Eights)
*** SHOWDOWN ***
9f0e4063 collected 59,672 from pot
*** SUMMARY ***
Total pot 59,672 | Rake 0 | Jackpot 0 | Bingo 0 | Fortune 0 | Tax 0
Board [Qc Qs 7d 6d Td]
Seat 1: 20ff195 folded before Flop
Seat 2: Hero showed [8h 8s] and lost with two pair, Queens and Eights
Seat 3: 6f5c84b folded before Flop
Seat 4: 9f0e4063 showed [Kc Qd] and won (59,672) with three of a kind, Queens
Seat 5: 36a09985 folded before Flop
Seat 6: 5f0040da (button) folded before Flop
Seat 7: eaa12775 (small blind) folded before Flop
Seat 8: 5c6c357b (big blind) folded before Flop


Poker Hand #TM5693543600: Tournament #269070353, Bounty Hunters Deepstack Turbo $8.88 Hold'em No Limit - Level13(600/1,200(180)) - 2026/03/11 16:12:12
Table '16' 8-max Seat #5 is the button
Seat 1: 20ff195 (61,706 in chips)
Seat 2: Hero (28,576 in chips)
Seat 3: 6f5c84b (27,594 in chips)
Seat 4: 9f0e4063 (56,143 in chips)
Seat 5: 36a09985 (87,355 in chips)
Seat 6: 5f0040da (4,320 in chips)
Seat 7: eaa12775 (91,251 in chips)
Seat 8: 5c6c357b (45,737 in chips)
20ff195: posts the ante 180
Hero: posts the ante 180
6f5c84b: posts the ante 180
eaa12775: posts the ante 180
5f0040da: posts the ante 180
9f0e4063: posts the ante 180
36a09985: posts the ante 180
5c6c357b: posts the ante 180
5f0040da: posts small blind 600
eaa12775: posts big blind 1,200
*** HOLE CARDS ***
Dealt to 20ff195 
Dealt to Hero [4c 7c]
Dealt to 6f5c84b 
Dealt to 9f0e4063 
Dealt to 36a09985 
Dealt to 5f0040da 
Dealt to eaa12775 
Dealt to 5c6c357b 
5c6c357b: folds
20ff195: calls 1,200
Hero: folds
6f5c84b: folds
9f0e4063: folds
36a09985: folds
5f0040da: calls 600
eaa12775: checks
*** FLOP *** [3h Td 6d]
5f0040da: checks
eaa12775: checks
20ff195: checks
*** TURN *** [3h Td 6d] [2d]
5f0040da: checks
eaa12775: bets 3,780
20ff195: folds
5f0040da: folds
Uncalled bet (3,780) returned to eaa12775
*** SHOWDOWN ***
eaa12775 collected 5,040 from pot
*** SUMMARY ***
Total pot 5,040 | Rake 0 | Jackpot 0 | Bingo 0 | Fortune 0 | Tax 0
Board [3h Td 6d 2d]
Seat 1: 20ff195 folded on the Turn
Seat 2: Hero folded before Flop
Seat 3: 6f5c84b folded before Flop
Seat 4: 9f0e4063 folded before Flop
Seat 5: 36a09985 (button) folded before Flop
Seat 6: 5f0040da (small blind) folded on the Turn
Seat 7: eaa12775 (big blind) won (5,040)
Seat 8: 5c6c357b folded before Flop


Poker Hand #TM5693543590: Tournament #269070353, Bounty Hunters Deepstack Turbo $8.88 Hold'em No Limit - Level13(600/1,200(180)) - 2026/03/11 16:11:42
Table '16' 8-max Seat #4 is the button
Seat 1: 20ff195 (61,886 in chips)
Seat 2: Hero (24,316 in chips)
Seat 3: 6f5c84b (27,774 in chips)
Seat 4: 9f0e4063 (56,323 in chips)
Seat 5: 36a09985 (88,135 in chips)
Seat 6: 5f0040da (6,900 in chips)
Seat 7: eaa12775 (91,431 in chips)
Seat 8: 5c6c357b (45,917 in chips)
20ff195: posts the ante 180
Hero: posts the ante 180
6f5c84b: posts the ante 180
eaa12775: posts the ante 180
5f0040da: posts the ante 180
9f0e4063: posts the ante 180
5c6c357b: posts the ante 180
36a09985: posts the ante 180
36a09985: posts small blind 600
5f0040da: posts big blind 1,200
*** HOLE CARDS ***
Dealt to 20ff195 
Dealt to Hero [4d As]
Dealt to 6f5c84b 
Dealt to 9f0e4063 
Dealt to 36a09985 
Dealt to 5f0040da 
Dealt to eaa12775 
Dealt to 5c6c357b 
eaa12775: folds
5c6c357b: folds
20ff195: folds
Hero: raises 1,200 to 2,400
6f5c84b: folds
9f0e4063: folds
36a09985: folds
5f0040da: calls 1,200
*** FLOP *** [3h 3s 6s]
5f0040da: checks
Hero: bets 6,840
5f0040da: folds
Uncalled bet (6,840) returned to Hero
*** SHOWDOWN ***
Hero collected 6,840 from pot
*** SUMMARY ***
Total pot 6,840 | Rake 0 | Jackpot 0 | Bingo 0 | Fortune 0 | Tax 0
Board [3h 3s 6s]
Seat 1: 20ff195 folded before Flop
Seat 2: Hero won (6,840)
Seat 3: 6f5c84b folded before Flop
Seat 4: 9f0e4063 (button) folded before Flop
Seat 5: 36a09985 (small blind) folded before Flop
Seat 6: 5f0040da (big blind) folded on the Flop
Seat 7: eaa12775 folded before Flop
Seat 8: 5c6c357b folded before Flop


Poker Hand #TM5693543571: Tournament #269070353, Bounty Hunters Deepstack Turbo $8.88 Hold'em No Limit - Level13(600/1,200(180)) - 2026/03/11 16:10:31
Table '16' 8-max Seat #3 is the button
Seat 1: 20ff195 (62,066 in chips)
Seat 2: Hero (24,496 in chips)
Seat 3: 6f5c84b (32,612 in chips)
Seat 4: 9f0e4063 (57,103 in chips)
Seat 5: 36a09985 (81,617 in chips)
Seat 6: 5f0040da (7,080 in chips)
Seat 7: eaa12775 (91,611 in chips)
Seat 8: 5c6c357b (46,097 in chips)
20ff195: posts the ante 180
Hero: posts the ante 180
6f5c84b: posts the ante 180
eaa12775: posts the ante 180
5f0040da: posts the ante 180
9f0e4063: posts the ante 180
5c6c357b: posts the ante 180
36a09985: posts the ante 180
9f0e4063: posts small blind 600
36a09985: posts big blind 1,200
*** HOLE CARDS ***
Dealt to 20ff195 
Dealt to Hero [4c Jc]
Dealt to 6f5c84b 
Dealt to 9f0e4063 
Dealt to 36a09985 
Dealt to 5f0040da 
Dealt to eaa12775 
Dealt to 5c6c357b 
5f0040da: folds
eaa12775: folds
5c6c357b: folds
20ff195: folds
Hero: folds
6f5c84b: raises 1,200 to 2,400
9f0e4063: folds
36a09985: calls 1,200
*** FLOP *** [8d Ts 4d]
36a09985: checks
6f5c84b: bets 2,258
36a09985: raises 5,542 to 7,800
6f5c84b: folds
Uncalled bet (5,542) returned to 36a09985
*** SHOWDOWN ***
36a09985 collected 11,356 from pot
*** SUMMARY ***
Total pot 11,356 | Rake 0 | Jackpot 0 | Bingo 0 | Fortune 0 | Tax 0
Board [8d Ts 4d]
Seat 1: 20ff195 folded before Flop
Seat 2: Hero folded before Flop
Seat 3: 6f5c84b (button) folded on the Flop
Seat 4: 9f0e4063 (small blind) folded before Flop
Seat 5: 36a09985 (big blind) won (11,356)
Seat 6: 5f0040da folded before Flop
Seat 7: eaa12775 folded before Flop
Seat 8: 5c6c357b folded before Flop


Poker Hand #TM5693543562: Tournament #269070353, Bounty Hunters Deepstack Turbo $8.88 Hold'em No Limit - Level13(600/1,200(180)) - 2026/03/11 16:09:50
Table '16' 8-max Seat #2 is the button
Seat 1: 20ff195 (59,006 in chips)
Seat 2: Hero (24,676 in chips)
Seat 3: 6f5c84b (33,392 in chips)
Seat 4: 9f0e4063 (58,483 in chips)
Seat 5: 36a09985 (81,797 in chips)
Seat 6: 5f0040da (7,260 in chips)
Seat 7: eaa12775 (91,791 in chips)
Seat 8: 5c6c357b (46,277 in chips)
20ff195: posts the ante 180
Hero: posts the ante 180
eaa12775: posts the ante 180
5f0040da: posts the ante 180
6f5c84b: posts the ante 180
9f0e4063: posts the ante 180
5c6c357b: posts the ante 180
36a09985: posts the ante 180
6f5c84b: posts small blind 600
9f0e4063: posts big blind 1,200
*** HOLE CARDS ***
Dealt to 20ff195 
Dealt to Hero [3c 8c]
Dealt to 6f5c84b 
Dealt to 9f0e4063 
Dealt to 36a09985 
Dealt to 5f0040da 
Dealt to eaa12775 
Dealt to 5c6c357b 
36a09985: folds
5f0040da: folds
eaa12775: folds
5c6c357b: folds
20ff195: raises 1,200 to 2,400
Hero: folds
6f5c84b: folds
9f0e4063: folds
Uncalled bet (1,200) returned to 20ff195
*** SHOWDOWN ***
20ff195 collected 4,440 from pot
*** SUMMARY ***
Total pot 4,440 | Rake 0 | Jackpot 0 | Bingo 0 | Fortune 0 | Tax 0
Seat 1: 20ff195 collected (4,440)
Seat 2: Hero (button) folded before Flop
Seat 3: 6f5c84b (small blind) folded before Flop
Seat 4: 9f0e4063 (big blind) folded before Flop
Seat 5: 36a09985 folded before Flop
Seat 6: 5f0040da folded before Flop
Seat 7: eaa12775 folded before Flop
Seat 8: 5c6c357b folded before Flop


Poker Hand #TM5693543557: Tournament #269070353, Bounty Hunters Deepstack Turbo $8.88 Hold'em No Limit - Level13(600/1,200(180)) - 2026/03/11 16:09:27
Table '16' 8-max Seat #1 is the button
Seat 1: 20ff195 (59,186 in chips)
Seat 2: Hero (25,456 in chips)
Seat 3: 6f5c84b (34,772 in chips)
Seat 4: 9f0e4063 (51,823 in chips)
Seat 5: 36a09985 (81,977 in chips)
Seat 6: 5f0040da (11,040 in chips)
Seat 7: eaa12775 (91,971 in chips)
Seat 8: 5c6c357b (46,457 in chips)
20ff195: posts the ante 180
Hero: posts the ante 180
eaa12775: posts the ante 180
5f0040da: posts the ante 180
6f5c84b: posts the ante 180
9f0e4063: posts the ante 180
5c6c357b: posts the ante 180
36a09985: posts the ante 180
Hero: posts small blind 600
6f5c84b: posts big blind 1,200
*** HOLE CARDS ***
Dealt to 20ff195 
Dealt to Hero [7c Qd]
Dealt to 6f5c84b 
Dealt to 9f0e4063 
Dealt to 36a09985 
Dealt to 5f0040da 
Dealt to eaa12775 
Dealt to 5c6c357b 
9f0e4063: raises 2,400 to 3,600
36a09985: folds
5f0040da: calls 3,600
eaa12775: folds
5c6c357b: folds
20ff195: folds
Hero: folds
6f5c84b: folds
*** FLOP *** [Kd 7h 5d]
9f0e4063: bets 7,830
5f0040da: folds
Uncalled bet (7,830) returned to 9f0e4063
*** SHOWDOWN ***
9f0e4063 collected 10,440 from pot
*** SUMMARY ***
Total pot 10,440 | Rake 0 | Jackpot 0 | Bingo 0 | Fortune 0 | Tax 0
Board [Kd 7h 5d]
Seat 1: 20ff195 (button) folded before Flop
Seat 2: Hero (small blind) folded before Flop
Seat 3: 6f5c84b (big blind) folded before Flop
Seat 4: 9f0e4063 won (10,440)
Seat 5: 36a09985 folded before Flop
Seat 6: 5f0040da folded on the Flop
Seat 7: eaa12775 folded before Flop
Seat 8: 5c6c357b folded before Flop


Poker Hand #TM5693543540: Tournament #269070353, Bounty Hunters Deepstack Turbo $8.88 Hold'em No Limit - Level13(600/1,200(180)) - 2026/03/11 16:08:11
Table '16' 8-max Seat #8 is the button
Seat 1: 20ff195 (59,966 in chips)
Seat 2: Hero (28,036 in chips)
Seat 3: 6f5c84b (37,352 in chips)
Seat 4: 9f0e4063 (52,003 in chips)
Seat 5: 36a09985 (87,557 in chips)
Seat 6: 5f0040da (11,220 in chips)
Seat 7: eaa12775 (92,151 in chips)
Seat 8: 5c6c357b (34,397 in chips)
20ff195: posts the ante 180
Hero: posts the ante 180
eaa12775: posts the ante 180
5f0040da: posts the ante 180
6f5c84b: posts the ante 180
9f0e4063: posts the ante 180
5c6c357b: posts the ante 180
36a09985: posts the ante 180
20ff195: posts small blind 600
Hero: posts big blind 1,200
*** HOLE CARDS ***
Dealt to 20ff195 
Dealt to Hero [5d Qc]
Dealt to 6f5c84b 
Dealt to 9f0e4063 
Dealt to 36a09985 
Dealt to 5f0040da 
Dealt to eaa12775 
Dealt to 5c6c357b 
6f5c84b: raises 1,200 to 2,400
9f0e4063: folds
36a09985: calls 2,400
5f0040da: folds
eaa12775: folds
5c6c357b: calls 2,400
20ff195: folds
Hero: calls 1,200
*** FLOP *** [Jc 3c 7h]
Hero: checks
6f5c84b: checks
36a09985: bets 3,000
5c6c357b: calls 3,000
Hero: folds
6f5c84b: folds
*** TURN *** [Jc 3c 7h] [Kh]
36a09985: checks
5c6c357b: checks
*** RIVER *** [Jc 3c 7h Kh] [9d]
36a09985: checks
5c6c357b: checks
36a09985: shows [2c Ac] (Ace high)
5c6c357b: shows [7d 8d] (a pair of Sevens)
*** SHOWDOWN ***
5c6c357b collected 17,640 from pot
*** SUMMARY ***
Total pot 17,640 | Rake 0 | Jackpot 0 | Bingo 0 | Fortune 0 | Tax 0
Board [Jc 3c 7h Kh 9d]
Seat 1: 20ff195 (small blind) folded before Flop
Seat 2: Hero (big blind) folded on the Flop
Seat 3: 6f5c84b folded on the Flop
Seat 4: 9f0e4063 folded before Flop
Seat 5: 36a09985 showed [2c Ac] and lost with Ace high
Seat 6: 5f0040da folded before Flop
Seat 7: eaa12775 folded before Flop
Seat 8: 5c6c357b (button) showed [7d 8d] and won (17,640) with a pair of Sevens


Poker Hand #TM5693543522: Tournament #269070353, Bounty Hunters Deepstack Turbo $8.88 Hold'em No Limit - Level13(600/1,200(180)) - 2026/03/11 16:06:27
Table '16' 8-max Seat #7 is the button
Seat 1: 20ff195 (53,906 in chips)
Seat 2: Hero (28,216 in chips)
Seat 3: 6f5c84b (37,532 in chips)
Seat 4: 9f0e4063 (52,183 in chips)
Seat 5: 36a09985 (87,737 in chips)
Seat 6: 5f0040da (11,400 in chips)
Seat 7: eaa12775 (94,731 in chips)
Seat 8: 5c6c357b (36,977 in chips)
20ff195: posts the ante 180
Hero: posts the ante 180
eaa12775: posts the ante 180
5f0040da: posts the ante 180
6f5c84b: posts the ante 180
9f0e4063: posts the ante 180
36a09985: posts the ante 180
5c6c357b: posts the ante 180
5c6c357b: posts small blind 600
20ff195: posts big blind 1,200
*** HOLE CARDS ***
Dealt to 20ff195 
Dealt to Hero [5s Qh]
Dealt to 6f5c84b 
Dealt to 9f0e4063 
Dealt to 36a09985 
Dealt to 5f0040da 
Dealt to eaa12775 
Dealt to 5c6c357b 
Hero: folds
6f5c84b: folds
9f0e4063: folds
36a09985: folds
5f0040da: folds
eaa12775: raises 1,200 to 2,400
5c6c357b: calls 1,800
20ff195: calls 1,200
*** FLOP *** [Kd 8h Qc]
5c6c357b: checks
20ff195: checks
eaa12775: checks
*** TURN *** [Kd 8h Qc] [4s]
5c6c357b: checks
20ff195: checks
eaa12775: checks
*** RIVER *** [Kd 8h Qc 4s] [4d]
5c6c357b: checks
20ff195: checks
eaa12775: checks
5c6c357b: shows [9d 6d] (a pair of Fours)
20ff195: shows [8d Ad] (two pair, Eights and Fours)
eaa12775: shows [Ah Jc] (a pair of Fours)
*** SHOWDOWN ***
20ff195 collected 8,640 from pot
*** SUMMARY ***
Total pot 8,640 | Rake 0 | Jackpot 0 | Bingo 0 | Fortune 0 | Tax 0
Board [Kd 8h Qc 4s 4d]
Seat 1: 20ff195 (big blind) showed [8d Ad] and won (8,640) with two pair, Eights and Fours
Seat 2: Hero folded before Flop
Seat 3: 6f5c84b folded before Flop
Seat 4: 9f0e4063 folded before Flop
Seat 5: 36a09985 folded before Flop
Seat 6: 5f0040da folded before Flop
Seat 7: eaa12775 (button) showed [Ah Jc] and lost with a pair of Fours
Seat 8: 5c6c357b (small blind) showed [9d 6d] and lost with a pair of Fours


Poker Hand #TM5693543508: Tournament #269070353, Bounty Hunters Deepstack Turbo $8.88 Hold'em No Limit - Level12(500/1,000(150)) - 2026/03/11 16:05:20
Table '16' 8-max Seat #6 is the button
Seat 1: 20ff195 (54,056 in chips)
Seat 2: Hero (28,366 in chips)
Seat 3: 6f5c84b (37,682 in chips)
Seat 4: 9f0e4063 (52,333 in chips)
Seat 5: 36a09985 (89,887 in chips)
Seat 6: 5f0040da (9,450 in chips)
Seat 7: eaa12775 (92,781 in chips)
Seat 8: 5c6c357b (38,127 in chips)
20ff195: posts the ante 150
Hero: posts the ante 150
5f0040da: posts the ante 150
6f5c84b: posts the ante 150
eaa12775: posts the ante 150
9f0e4063: posts the ante 150
36a09985: posts the ante 150
5c6c357b: posts the ante 150
eaa12775: posts small blind 500
5c6c357b: posts big blind 1,000
*** HOLE CARDS ***
Dealt to 20ff195 
Dealt to Hero [8h Qs]
Dealt to 6f5c84b 
Dealt to 9f0e4063 
Dealt to 36a09985 
Dealt to 5f0040da 
Dealt to eaa12775 
Dealt to 5c6c357b 
20ff195: folds
Hero: folds
6f5c84b: folds
9f0e4063: folds
36a09985: raises 1,000 to 2,000
5f0040da: calls 2,000
eaa12775: raises 6,500 to 8,500
5c6c357b: folds
36a09985: folds
5f0040da: raises 800 to 9,300 and is all-in
eaa12775: calls 800
5f0040da: shows [Jc Tc]
eaa12775: shows [Ts Ac]
*** FLOP *** [Jd 7h 9c]
*** TURN *** [Jd 7h 9c] [8d]
*** RIVER *** [Jd 7h 9c 8d] [Qc]
*** SHOWDOWN ***
eaa12775 collected 11,400 from pot
5f0040da collected 11,400 from pot
*** SUMMARY ***
Total pot 22,800 | Rake 0 | Jackpot 0 | Bingo 0 | Fortune 0 | Tax 0
Board [Jd 7h 9c 8d Qc]
Seat 1: 20ff195 folded before Flop
Seat 2: Hero folded before Flop
Seat 3: 6f5c84b folded before Flop
Seat 4: 9f0e4063 folded before Flop
Seat 5: 36a09985 folded before Flop
Seat 6: 5f0040da (button) showed [Jc Tc] and won (11,400) with a straight, Queen to Eight
Seat 7: eaa12775 (small blind) showed [Ts Ac] and won (11,400) with a straight, Queen to Eight
Seat 8: 5c6c357b (big blind) folded before Flop


Poker Hand #TM5693543498: Tournament #269070353, Bounty Hunters Deepstack Turbo $8.88 Hold'em No Limit - Level12(500/1,000(150)) - 2026/03/11 16:04:35
Table '16' 8-max Seat #5 is the button
Seat 1: 20ff195 (54,206 in chips)
Seat 2: Hero (28,516 in chips)
Seat 3: 6f5c84b (37,832 in chips)
Seat 4: 9f0e4063 (52,483 in chips)
Seat 5: 36a09985 (92,037 in chips)
Seat 6: 5f0040da (18,100 in chips)
Seat 7: eaa12775 (81,231 in chips)
Seat 8: 5c6c357b (38,277 in chips)
20ff195: posts the ante 150
Hero: posts the ante 150
6f5c84b: posts the ante 150
eaa12775: posts the ante 150
5f0040da: posts the ante 150
9f0e4063: posts the ante 150
36a09985: posts the ante 150
5c6c357b: posts the ante 150
5f0040da: posts small blind 500
eaa12775: posts big blind 1,000
*** HOLE CARDS ***
Dealt to 20ff195 
Dealt to Hero [Kh 6s]
Dealt to 6f5c84b 
Dealt to 9f0e4063 
Dealt to 36a09985 
Dealt to 5f0040da 
Dealt to eaa12775 
Dealt to 5c6c357b 
5c6c357b: folds
20ff195: folds
Hero: folds
6f5c84b: folds
9f0e4063: folds
36a09985: raises 1,000 to 2,000
5f0040da: calls 1,500
eaa12775: raises 6,500 to 8,500
36a09985: folds
5f0040da: calls 6,500
*** FLOP *** [3s 4s Th]
5f0040da: checks
eaa12775: bets 15,150
5f0040da: folds
Uncalled bet (15,150) returned to eaa12775
*** SHOWDOWN ***
eaa12775 collected 20,200 from pot
*** SUMMARY ***
Total pot 20,200 | Rake 0 | Jackpot 0 | Bingo 0 | Fortune 0 | Tax 0
Board [3s 4s Th]
Seat 1: 20ff195 folded before Flop
Seat 2: Hero folded before Flop
Seat 3: 6f5c84b folded before Flop
Seat 4: 9f0e4063 folded before Flop
Seat 5: 36a09985 (button) folded before Flop
Seat 6: 5f0040da (small blind) folded on the Flop
Seat 7: eaa12775 (big blind) won (20,200)
Seat 8: 5c6c357b folded before Flop


Poker Hand #TM5693543482: Tournament #269070353, Bounty Hunters Deepstack Turbo $8.88 Hold'em No Limit - Level12(500/1,000(150)) - 2026/03/11 16:03:24
Table '16' 8-max Seat #4 is the button
Seat 1: 20ff195 (45,450 in chips)
Seat 2: Hero (33,372 in chips)
Seat 3: 6f5c84b (37,982 in chips)
Seat 4: 9f0e4063 (52,633 in chips)
Seat 5: 36a09985 (94,187 in chips)
Seat 6: 5f0040da (19,250 in chips)
Seat 7: eaa12775 (81,381 in chips)
Seat 8: 5c6c357b (38,427 in chips)
20ff195: posts the ante 150
Hero: posts the ante 150
6f5c84b: posts the ante 150
eaa12775: posts the ante 150
5f0040da: posts the ante 150
9f0e4063: posts the ante 150
5c6c357b: posts the ante 150
36a09985: posts the ante 150
36a09985: posts small blind 500
5f0040da: posts big blind 1,000
*** HOLE CARDS ***
Dealt to 20ff195 
Dealt to Hero [As 7s]
Dealt to 6f5c84b 
Dealt to 9f0e4063 
Dealt to 36a09985 
Dealt to 5f0040da 
Dealt to eaa12775 
Dealt to 5c6c357b 
eaa12775: folds
5c6c357b: folds
20ff195: raises 1,000 to 2,000
Hero: calls 2,000
6f5c84b: folds
9f0e4063: folds
36a09985: calls 1,500
5f0040da: folds
*** FLOP *** [2h Jh Qs]
36a09985: checks
20ff195: checks
Hero: checks
*** TURN *** [2h Jh Qs] [Ks]
36a09985: checks
20ff195: bets 2,706
Hero: calls 2,706
36a09985: folds
*** RIVER *** [2h Jh Qs Ks] [9d]
20ff195: bets 4,492
Hero: folds
Uncalled bet (4,492) returned to 20ff195
*** SHOWDOWN ***
20ff195 collected 13,612 from pot
*** SUMMARY ***
Total pot 13,612 | Rake 0 | Jackpot 0 | Bingo 0 | Fortune 0 | Tax 0
Board [2h Jh Qs Ks 9d]
Seat 1: 20ff195 won (13,612)
Seat 2: Hero folded on the River
Seat 3: 6f5c84b folded before Flop
Seat 4: 9f0e4063 (button) folded before Flop
Seat 5: 36a09985 (small blind) folded on the Turn
Seat 6: 5f0040da (big blind) folded before Flop
Seat 7: eaa12775 folded before Flop
Seat 8: 5c6c357b folded before Flop


Poker Hand #TM5693543473: Tournament #269070353, Bounty Hunters Deepstack Turbo $8.88 Hold'em No Limit - Level12(500/1,000(150)) - 2026/03/11 16:02:55
Table '16' 8-max Seat #3 is the button
Seat 1: 20ff195 (45,600 in chips)
Seat 2: Hero (33,522 in chips)
Seat 3: 6f5c84b (38,132 in chips)
Seat 4: 9f0e4063 (53,283 in chips)
Seat 5: 36a09985 (92,637 in chips)
Seat 6: 5f0040da (19,400 in chips)
Seat 7: eaa12775 (81,531 in chips)
Seat 8: 5c6c357b (38,577 in chips)
20ff195: posts the ante 150
Hero: posts the ante 150
6f5c84b: posts the ante 150
eaa12775: posts the ante 150
5f0040da: posts the ante 150
9f0e4063: posts the ante 150
5c6c357b: posts the ante 150
36a09985: posts the ante 150
9f0e4063: posts small blind 500
36a09985: posts big blind 1,000
*** HOLE CARDS ***
Dealt to 20ff195 
Dealt to Hero [8c 6h]
Dealt to 6f5c84b 
Dealt to 9f0e4063 
Dealt to 36a09985 
Dealt to 5f0040da 
Dealt to eaa12775 
Dealt to 5c6c357b 
5f0040da: folds
eaa12775: folds
5c6c357b: folds
20ff195: folds
Hero: folds
6f5c84b: folds
9f0e4063: folds
Uncalled bet (500) returned to 36a09985
*** SHOWDOWN ***
36a09985 collected 2,200 from pot
*** SUMMARY ***
Total pot 2,200 | Rake 0 | Jackpot 0 | Bingo 0 | Fortune 0 | Tax 0
Seat 1: 20ff195 folded before Flop
Seat 2: Hero folded before Flop
Seat 3: 6f5c84b (button) folded before Flop
Seat 4: 9f0e4063 (small blind) folded before Flop
Seat 5: 36a09985 (big blind) showed [Ah As] and collected (2,200)
Seat 6: 5f0040da folded before Flop
Seat 7: eaa12775 folded before Flop
Seat 8: 5c6c357b folded before Flop


Poker Hand #TM5693543453: Tournament #269070353, Bounty Hunters Deepstack Turbo $8.88 Hold'em No Limit - Level12(500/1,000(150)) - 2026/03/11 15:54:19
Table '16' 8-max Seat #2 is the button
Seat 1: 20ff195 (45,750 in chips)
Seat 2: Hero (33,672 in chips)
Seat 3: 6f5c84b (38,782 in chips)
Seat 4: 9f0e4063 (41,733 in chips)
Seat 5: 36a09985 (94,787 in chips)
Seat 6: 5f0040da (19,550 in chips)
Seat 7: eaa12775 (89,681 in chips)
Seat 8: 5c6c357b (38,727 in chips)
20ff195: posts the ante 150
Hero: posts the ante 150
eaa12775: posts the ante 150
5f0040da: posts the ante 150
6f5c84b: posts the ante 150
9f0e4063: posts the ante 150
5c6c357b: posts the ante 150
36a09985: posts the ante 150
6f5c84b: posts small blind 500
9f0e4063: posts big blind 1,000
*** HOLE CARDS ***
Dealt to 20ff195 
Dealt to Hero [7h Kd]
Dealt to 6f5c84b 
Dealt to 9f0e4063 
Dealt to 36a09985 
Dealt to 5f0040da 
Dealt to eaa12775 
Dealt to 5c6c357b 
36a09985: raises 1,000 to 2,000
5f0040da: folds
eaa12775: raises 6,000 to 8,000
5c6c357b: folds
20ff195: folds
Hero: folds
6f5c84b: folds
9f0e4063: raises 12,000 to 20,000
36a09985: folds
eaa12775: folds
Uncalled bet (12,000) returned to 9f0e4063
*** SHOWDOWN ***
9f0e4063 collected 19,700 from pot
*** SUMMARY ***
Total pot 19,700 | Rake 0 | Jackpot 0 | Bingo 0 | Fortune 0 | Tax 0
Seat 1: 20ff195 folded before Flop
Seat 2: Hero (button) folded before Flop
Seat 3: 6f5c84b (small blind) folded before Flop
Seat 4: 9f0e4063 (big blind) collected (19,700)
Seat 5: 36a09985 folded before Flop
Seat 6: 5f0040da folded before Flop
Seat 7: eaa12775 folded before Flop
Seat 8: 5c6c357b folded before Flop


Poker Hand #TM5693543441: Tournament #269070353, Bounty Hunters Deepstack Turbo $8.88 Hold'em No Limit - Level12(500/1,000(150)) - 2026/03/11 15:53:15
Table '16' 8-max Seat #1 is the button
Seat 1: 20ff195 (45,900 in chips)
Seat 2: Hero (35,822 in chips)
Seat 3: 6f5c84b (42,732 in chips)
Seat 4: 9f0e4063 (41,883 in chips)
Seat 5: 36a09985 (94,937 in chips)
Seat 6: 5f0040da (19,700 in chips)
Seat 7: eaa12775 (82,831 in chips)
Seat 8: 5c6c357b (38,877 in chips)
20ff195: posts the ante 150
Hero: posts the ante 150
eaa12775: posts the ante 150
5f0040da: posts the ante 150
6f5c84b: posts the ante 150
9f0e4063: posts the ante 150
5c6c357b: posts the ante 150
36a09985: posts the ante 150
Hero: posts small blind 500
6f5c84b: posts big blind 1,000
*** HOLE CARDS ***
Dealt to 20ff195 
Dealt to Hero [Th 9d]
Dealt to 6f5c84b 
Dealt to 9f0e4063 
Dealt to 36a09985 
Dealt to 5f0040da 
Dealt to eaa12775 
Dealt to 5c6c357b 
9f0e4063: folds
36a09985: folds
5f0040da: folds
eaa12775: raises 1,000 to 2,000
5c6c357b: folds
20ff195: folds
Hero: calls 1,500
6f5c84b: calls 1,000
*** FLOP *** [Kh 6d 4c]
Hero: checks
6f5c84b: checks
eaa12775: bets 1,800
Hero: folds
6f5c84b: calls 1,800
*** TURN *** [Kh 6d 4c] [3s]
6f5c84b: checks
eaa12775: bets 6,441
6f5c84b: folds
Uncalled bet (6,441) returned to eaa12775
*** SHOWDOWN ***
eaa12775 collected 10,800 from pot
*** SUMMARY ***
Total pot 10,800 | Rake 0 | Jackpot 0 | Bingo 0 | Fortune 0 | Tax 0
Board [Kh 6d 4c 3s]
Seat 1: 20ff195 (button) folded before Flop
Seat 2: Hero (small blind) folded on the Flop
Seat 3: 6f5c84b (big blind) folded on the Turn
Seat 4: 9f0e4063 folded before Flop
Seat 5: 36a09985 folded before Flop
Seat 6: 5f0040da folded before Flop
Seat 7: eaa12775 won (10,800)
Seat 8: 5c6c357b folded before Flop


Poker Hand #TM5693543431: Tournament #269070353, Bounty Hunters Deepstack Turbo $8.88 Hold'em No Limit - Level12(500/1,000(150)) - 2026/03/11 15:52:22
Table '16' 8-max Seat #8 is the button
Seat 1: 20ff195 (46,550 in chips)
Seat 2: Hero (36,972 in chips)
Seat 3: 6f5c84b (48,882 in chips)
Seat 4: 9f0e4063 (42,033 in chips)
Seat 5: 36a09985 (86,387 in chips)
Seat 6: 5f0040da (19,850 in chips)
Seat 7: eaa12775 (82,981 in chips)
Seat 8: 5c6c357b (39,027 in chips)
20ff195: posts the ante 150
Hero: posts the ante 150
eaa12775: posts the ante 150
5f0040da: posts the ante 150
6f5c84b: posts the ante 150
9f0e4063: posts the ante 150
5c6c357b: posts the ante 150
36a09985: posts the ante 150
20ff195: posts small blind 500
Hero: posts big blind 1,000
*** HOLE CARDS ***
Dealt to 20ff195 
Dealt to Hero [3h Ah]
Dealt to 6f5c84b 
Dealt to 9f0e4063 
Dealt to 36a09985 
Dealt to 5f0040da 
Dealt to eaa12775 
Dealt to 5c6c357b 
6f5c84b: raises 1,000 to 2,000
9f0e4063: folds
36a09985: raises 4,000 to 6,000
5f0040da: folds
eaa12775: folds
5c6c357b: folds
20ff195: folds
Hero: folds
6f5c84b: calls 4,000
*** FLOP *** [Kc 5c 4h]
6f5c84b: checks
36a09985: bets 5,500
6f5c84b: folds
Uncalled bet (5,500) returned to 36a09985
*** SHOWDOWN ***
36a09985 collected 14,700 from pot
*** SUMMARY ***
Total pot 14,700 | Rake 0 | Jackpot 0 | Bingo 0 | Fortune 0 | Tax 0
Board [Kc 5c 4h]
Seat 1: 20ff195 (small blind) folded before Flop
Seat 2: Hero (big blind) folded before Flop
Seat 3: 6f5c84b folded on the Flop
Seat 4: 9f0e4063 folded before Flop
Seat 5: 36a09985 won (14,700)
Seat 6: 5f0040da folded before Flop
Seat 7: eaa12775 folded before Flop
Seat 8: 5c6c357b (button) folded before Flop


Poker Hand #TM5693543421: Tournament #269070353, Bounty Hunters Deepstack Turbo $8.88 Hold'em No Limit - Level12(500/1,000(150)) - 2026/03/11 15:51:30
Table '16' 8-max Seat #7 is the button
Seat 1: 20ff195 (41,000 in chips)
Seat 2: Hero (37,122 in chips)
Seat 3: 6f5c84b (49,032 in chips)
Seat 4: 9f0e4063 (42,183 in chips)
Seat 5: 36a09985 (88,537 in chips)
Seat 6: 5f0040da (20,000 in chips)
Seat 7: eaa12775 (85,131 in chips)
Seat 8: 5c6c357b (39,677 in chips)
20ff195: posts the ante 150
Hero: posts the ante 150
eaa12775: posts the ante 150
5f0040da: posts the ante 150
6f5c84b: posts the ante 150
9f0e4063: posts the ante 150
36a09985: posts the ante 150
5c6c357b: posts the ante 150
5c6c357b: posts small blind 500
20ff195: posts big blind 1,000
*** HOLE CARDS ***
Dealt to 20ff195 
Dealt to Hero [8h Qc]
Dealt to 6f5c84b 
Dealt to 9f0e4063 
Dealt to 36a09985 
Dealt to 5f0040da 
Dealt to eaa12775 
Dealt to 5c6c357b 
Hero: folds
6f5c84b: folds
9f0e4063: folds
36a09985: raises 1,000 to 2,000
5f0040da: folds
eaa12775: calls 2,000
5c6c357b: folds
20ff195: raises 7,700 to 9,700
36a09985: folds
eaa12775: folds
Uncalled bet (7,700) returned to 20ff195
*** SHOWDOWN ***
20ff195 collected 7,700 from pot
*** SUMMARY ***
Total pot 7,700 | Rake 0 | Jackpot 0 | Bingo 0 | Fortune 0 | Tax 0
Seat 1: 20ff195 (big blind) collected (7,700)
Seat 2: Hero folded before Flop
Seat 3: 6f5c84b folded before Flop
Seat 4: 9f0e4063 folded before Flop
Seat 5: 36a09985 folded before Flop
Seat 6: 5f0040da folded before Flop
Seat 7: eaa12775 (button) folded before Flop
Seat 8: 5c6c357b (small blind) folded before Flop


Poker Hand #TM5693543406: Tournament #269070353, Bounty Hunters Deepstack Turbo $8.88 Hold'em No Limit - Level11(400/800(120)) - 2026/03/11 15:50:06
Table '16' 8-max Seat #5 is the button
Seat 1: 20ff195 (20,000 in chips)
Seat 2: Hero (37,242 in chips)
Seat 3: 6f5c84b (49,152 in chips)
Seat 4: 9f0e4063 (42,303 in chips)
Seat 5: 36a09985 (88,657 in chips)
Seat 7: eaa12775 (85,651 in chips)
Seat 8: 5c6c357b (59,677 in chips)
20ff195: posts the ante 120
Hero: posts the ante 120
6f5c84b: posts the ante 120
eaa12775: posts the ante 120
9f0e4063: posts the ante 120
36a09985: posts the ante 120
5c6c357b: posts the ante 120
eaa12775: posts small blind 400
5c6c357b: posts big blind 800
*** HOLE CARDS ***
Dealt to 20ff195 
Dealt to Hero [5d 3h]
Dealt to 6f5c84b 
Dealt to 9f0e4063 
Dealt to 36a09985 
Dealt to eaa12775 
Dealt to 5c6c357b 
20ff195: calls 800
Hero: folds
6f5c84b: folds
9f0e4063: folds
36a09985: folds
eaa12775: folds
5c6c357b: raises 2,400 to 3,200
20ff195: calls 2,400
*** FLOP *** [Ks 7h Tc]
5c6c357b: bets 1,528
20ff195: raises 8,022 to 9,550
5c6c357b: raises 46,807 to 56,357 and is all-in
20ff195: calls 7,130 and is all-in
Uncalled bet (39,677) returned to 5c6c357b
5c6c357b: shows [Ac Kh] (a pair of Kings)
20ff195: shows [Jh Ts] (a pair of Tens)
*** TURN *** [Ks 7h Tc] [5s]
*** RIVER *** [Ks 7h Tc 5s] [Td]
*** SHOWDOWN ***
20ff195 collected 41,000 from pot
*** SUMMARY ***
Total pot 41,000 | Rake 0 | Jackpot 0 | Bingo 0 | Fortune 0 | Tax 0
Board [Ks 7h Tc 5s Td]
Seat 1: 20ff195 showed [Jh Ts] and won (41,000) with three of a kind, Tens
Seat 2: Hero folded before Flop
Seat 3: 6f5c84b folded before Flop
Seat 4: 9f0e4063 folded before Flop
Seat 5: 36a09985 (button) folded before Flop
Seat 7: eaa12775 (small blind) folded before Flop
Seat 8: 5c6c357b (big blind) showed [Ac Kh] and lost with two pair, Kings and Tens


Poker Hand #TM5693543394: Tournament #269070353, Bounty Hunters Deepstack Turbo $8.88 Hold'em No Limit - Level11(400/800(120)) - 2026/03/11 15:49:17
Table '16' 8-max Seat #4 is the button
Seat 2: Hero (38,962 in chips)
Seat 3: 6f5c84b (49,272 in chips)
Seat 4: 9f0e4063 (44,023 in chips)
Seat 5: 36a09985 (89,177 in chips)
Seat 6: c2fe3e40 (13,226 in chips)
Seat 7: eaa12775 (85,771 in chips)
Seat 8: 5c6c357b (42,251 in chips)
Hero: posts the ante 120
6f5c84b: posts the ante 120
eaa12775: posts the ante 120
9f0e4063: posts the ante 120
c2fe3e40: posts the ante 120
5c6c357b: posts the ante 120
36a09985: posts the ante 120
36a09985: posts small blind 400
c2fe3e40: posts big blind 800
*** HOLE CARDS ***
Dealt to Hero [6d 8d]
Dealt to 6f5c84b 
Dealt to 9f0e4063 
Dealt to 36a09985 
Dealt to c2fe3e40 
Dealt to eaa12775 
Dealt to 5c6c357b 
eaa12775: folds
5c6c357b: raises 800 to 1,600
Hero: calls 1,600
6f5c84b: folds
9f0e4063: calls 1,600
36a09985: folds
c2fe3e40: raises 11,506 to 13,106 and is all-in
5c6c357b: raises 29,025 to 42,131 and is all-in
Hero: folds
9f0e4063: folds
Uncalled bet (29,025) returned to 5c6c357b
5c6c357b: shows [Ah Qh]
c2fe3e40: shows [Qd Qc]
*** FLOP *** [4h Ad 4s]
*** TURN *** [4h Ad 4s] [5s]
*** RIVER *** [4h Ad 4s 5s] [9s]
*** SHOWDOWN ***
5c6c357b collected 30,652 from pot
*** SUMMARY ***
Total pot 30,652 | Rake 0 | Jackpot 0 | Bingo 0 | Fortune 0 | Tax 0
Board [4h Ad 4s 5s 9s]
Seat 2: Hero folded before Flop
Seat 3: 6f5c84b folded before Flop
Seat 4: 9f0e4063 (button) folded before Flop
Seat 5: 36a09985 (small blind) folded before Flop
Seat 6: c2fe3e40 (big blind) showed [Qd Qc] and lost with two pair, Queens and Fours
Seat 7: eaa12775 folded before Flop
Seat 8: 5c6c357b showed [Ah Qh] and won (30,652) with two pair, Aces and Fours


Poker Hand #TM5693543382: Tournament #269070353, Bounty Hunters Deepstack Turbo $8.88 Hold'em No Limit - Level11(400/800(120)) - 2026/03/11 15:48:07
Table '16' 8-max Seat #3 is the button
Seat 1: 32fcf9a6 (21,980 in chips)
Seat 2: Hero (39,082 in chips)
Seat 3: 6f5c84b (50,192 in chips)
Seat 4: 9f0e4063 (44,543 in chips)
Seat 5: 36a09985 (65,277 in chips)
Seat 6: c2fe3e40 (13,346 in chips)
Seat 7: eaa12775 (85,891 in chips)
Seat 8: 5c6c357b (42,371 in chips)
Hero: posts the ante 120
6f5c84b: posts the ante 120
32fcf9a6: posts the ante 120
eaa12775: posts the ante 120
9f0e4063: posts the ante 120
c2fe3e40: posts the ante 120
5c6c357b: posts the ante 120
36a09985: posts the ante 120
9f0e4063: posts small blind 400
36a09985: posts big blind 800
*** HOLE CARDS ***
Dealt to 32fcf9a6 
Dealt to Hero [7s Kc]
Dealt to 6f5c84b 
Dealt to 9f0e4063 
Dealt to 36a09985 
Dealt to c2fe3e40 
Dealt to eaa12775 
Dealt to 5c6c357b 
c2fe3e40: folds
eaa12775: folds
5c6c357b: folds
32fcf9a6: calls 800
Hero: folds
6f5c84b: calls 800
9f0e4063: folds
36a09985: checks
*** FLOP *** [Qs 8c Tc]
36a09985: checks
32fcf9a6: bets 1,241
6f5c84b: folds
36a09985: raises 3,434 to 4,675
32fcf9a6: calls 3,434
*** TURN *** [Qs 8c Tc] [4h]
36a09985: bets 16,744
32fcf9a6: calls 16,385 and is all-in
Uncalled bet (359) returned to 36a09985
36a09985: shows [Qd 2d] (a pair of Queens)
32fcf9a6: shows [Kd 8d] (a pair of Eights)
*** RIVER *** [Qs 8c Tc 4h] [9d]
*** SHOWDOWN ***
36a09985 collected 45,880 from pot
*** SUMMARY ***
Total pot 45,880 | Rake 0 | Jackpot 0 | Bingo 0 | Fortune 0 | Tax 0
Board [Qs 8c Tc 4h 9d]
Seat 1: 32fcf9a6 showed [Kd 8d] and lost with a pair of Eights
Seat 2: Hero folded before Flop
Seat 3: 6f5c84b (button) folded on the Flop
Seat 4: 9f0e4063 (small blind) folded before Flop
Seat 5: 36a09985 (big blind) showed [Qd 2d] and won (45,880) with a pair of Queens
Seat 6: c2fe3e40 folded before Flop
Seat 7: eaa12775 folded before Flop
Seat 8: 5c6c357b folded before Flop


Poker Hand #TM5693543379: Tournament #269070353, Bounty Hunters Deepstack Turbo $8.88 Hold'em No Limit - Level11(400/800(120)) - 2026/03/11 15:47:37
Table '16' 8-max Seat #2 is the button
Seat 1: 32fcf9a6 (22,100 in chips)
Seat 2: Hero (39,202 in chips)
Seat 3: 6f5c84b (50,712 in chips)
Seat 4: 9f0e4063 (45,463 in chips)
Seat 5: 36a09985 (65,397 in chips)
Seat 6: c2fe3e40 (11,306 in chips)
Seat 7: eaa12775 (86,011 in chips)
Seat 8: 5c6c357b (42,491 in chips)
Hero: posts the ante 120
32fcf9a6: posts the ante 120
eaa12775: posts the ante 120
6f5c84b: posts the ante 120
9f0e4063: posts the ante 120
c2fe3e40: posts the ante 120
5c6c357b: posts the ante 120
36a09985: posts the ante 120
6f5c84b: posts small blind 400
9f0e4063: posts big blind 800
*** HOLE CARDS ***
Dealt to 32fcf9a6 
Dealt to Hero [5h 7c]
Dealt to 6f5c84b 
Dealt to 9f0e4063 
Dealt to 36a09985 
Dealt to c2fe3e40 
Dealt to eaa12775 
Dealt to 5c6c357b 
36a09985: folds
c2fe3e40: raises 10,386 to 11,186 and is all-in
eaa12775: folds
5c6c357b: folds
32fcf9a6: folds
Hero: folds
6f5c84b: folds
9f0e4063: folds
Uncalled bet (10,386) returned to c2fe3e40
*** SHOWDOWN ***
c2fe3e40 collected 2,960 from pot
*** SUMMARY ***
Total pot 2,960 | Rake 0 | Jackpot 0 | Bingo 0 | Fortune 0 | Tax 0
Seat 1: 32fcf9a6 folded before Flop
Seat 2: Hero (button) folded before Flop
Seat 3: 6f5c84b (small blind) folded before Flop
Seat 4: 9f0e4063 (big blind) folded before Flop
Seat 5: 36a09985 folded before Flop
Seat 6: c2fe3e40 collected (2,960)
Seat 7: eaa12775 folded before Flop
Seat 8: 5c6c357b folded before Flop


Poker Hand #TM5693543370: Tournament #269070353, Bounty Hunters Deepstack Turbo $8.88 Hold'em No Limit - Level11(400/800(120)) - 2026/03/11 15:46:47
Table '16' 8-max Seat #1 is the button
Seat 1: 32fcf9a6 (22,220 in chips)
Seat 2: Hero (40,922 in chips)
Seat 3: 6f5c84b (48,272 in chips)
Seat 4: 9f0e4063 (45,583 in chips)
Seat 5: 36a09985 (65,517 in chips)
Seat 6: c2fe3e40 (11,426 in chips)
Seat 7: eaa12775 (86,131 in chips)
Seat 8: 5c6c357b (42,611 in chips)
Hero: posts the ante 120
32fcf9a6: posts the ante 120
eaa12775: posts the ante 120
6f5c84b: posts the ante 120
9f0e4063: posts the ante 120
c2fe3e40: posts the ante 120
5c6c357b: posts the ante 120
36a09985: posts the ante 120
Hero: posts small blind 400
6f5c84b: posts big blind 800
*** HOLE CARDS ***
Dealt to 32fcf9a6 
Dealt to Hero [Ac 8d]
Dealt to 6f5c84b 
Dealt to 9f0e4063 
Dealt to 36a09985 
Dealt to c2fe3e40 
Dealt to eaa12775 
Dealt to 5c6c357b 
9f0e4063: folds
36a09985: folds
c2fe3e40: folds
eaa12775: folds
5c6c357b: folds
32fcf9a6: folds
Hero: raises 800 to 1,600
6f5c84b: calls 800
*** FLOP *** [5h 6d 6s]
Hero: checks
6f5c84b: bets 1,373
Hero: folds
Uncalled bet (1,373) returned to 6f5c84b
*** SHOWDOWN ***
6f5c84b collected 4,160 from pot
*** SUMMARY ***
Total pot 4,160 | Rake 0 | Jackpot 0 | Bingo 0 | Fortune 0 | Tax 0
Board [5h 6d 6s]
Seat 1: 32fcf9a6 (button) folded before Flop
Seat 2: Hero (small blind) folded on the Flop
Seat 3: 6f5c84b (big blind) won (4,160)
Seat 4: 9f0e4063 folded before Flop
Seat 5: 36a09985 folded before Flop
Seat 6: c2fe3e40 folded before Flop
Seat 7: eaa12775 folded before Flop
Seat 8: 5c6c357b folded before Flop


Poker Hand #TM5693543358: Tournament #269070353, Bounty Hunters Deepstack Turbo $8.88 Hold'em No Limit - Level11(400/800(120)) - 2026/03/11 15:45:54
Table '16' 8-max Seat #8 is the button
Seat 1: 32fcf9a6 (22,740 in chips)
Seat 2: Hero (44,636 in chips)
Seat 3: 6f5c84b (41,958 in chips)
Seat 4: 9f0e4063 (45,703 in chips)
Seat 5: 36a09985 (67,237 in chips)
Seat 6: c2fe3e40 (11,546 in chips)
Seat 8: 5c6c357b (42,731 in chips)
Hero: posts the ante 120
6f5c84b: posts the ante 120
32fcf9a6: posts the ante 120
9f0e4063: posts the ante 120
c2fe3e40: posts the ante 120
5c6c357b: posts the ante 120
36a09985: posts the ante 120
32fcf9a6: posts small blind 400
Hero: posts big blind 800
*** HOLE CARDS ***
Dealt to 32fcf9a6 
Dealt to Hero [As 7d]
Dealt to 6f5c84b 
Dealt to 9f0e4063 
Dealt to 36a09985 
Dealt to c2fe3e40 
Dealt to 5c6c357b 
6f5c84b: raises 800 to 1,600
9f0e4063: folds
36a09985: calls 1,600
c2fe3e40: folds
5c6c357b: folds
32fcf9a6: folds
Hero: calls 800
*** FLOP *** [9s 6c 5s]
Hero: checks
6f5c84b: bets 1,994
36a09985: folds
Hero: calls 1,994
*** TURN *** [9s 6c 5s] [5d]
Hero: checks
6f5c84b: checks
*** RIVER *** [9s 6c 5s 5d] [Td]
Hero: checks
6f5c84b: checks
Hero: shows [As 7d] (a pair of Fives)
6f5c84b: shows [Ah Qd] (a pair of Fives)
*** SHOWDOWN ***
6f5c84b collected 10,028 from pot
*** SUMMARY ***
Total pot 10,028 | Rake 0 | Jackpot 0 | Bingo 0 | Fortune 0 | Tax 0
Board [9s 6c 5s 5d Td]
Seat 1: 32fcf9a6 (small blind) folded before Flop
Seat 2: Hero (big blind) showed [As 7d] and lost with a pair of Fives
Seat 3: 6f5c84b showed [Ah Qd] and won (10,028) with a pair of Fives
Seat 4: 9f0e4063 folded before Flop
Seat 5: 36a09985 folded on the Flop
Seat 6: c2fe3e40 folded before Flop
Seat 8: 5c6c357b (button) folded before Flop


Poker Hand #TM5693543350: Tournament #269070353, Bounty Hunters Deepstack Turbo $8.88 Hold'em No Limit - Level11(400/800(120)) - 2026/03/11 15:45:04
Table '16' 8-max Seat #6 is the button
Seat 1: 32fcf9a6 (20,000 in chips)
Seat 2: Hero (44,756 in chips)
Seat 3: 6f5c84b (42,078 in chips)
Seat 4: 9f0e4063 (45,823 in chips)
Seat 5: 36a09985 (67,357 in chips)
Seat 6: c2fe3e40 (11,666 in chips)
Seat 8: 5c6c357b (44,871 in chips)
Hero: posts the ante 120
6f5c84b: posts the ante 120
32fcf9a6: posts the ante 120
9f0e4063: posts the ante 120
c2fe3e40: posts the ante 120
36a09985: posts the ante 120
5c6c357b: posts the ante 120
5c6c357b: posts small blind 400
32fcf9a6: posts big blind 800
*** HOLE CARDS ***
Dealt to 32fcf9a6 
Dealt to Hero [Tc 2c]
Dealt to 6f5c84b 
Dealt to 9f0e4063 
Dealt to 36a09985 
Dealt to c2fe3e40 
Dealt to 5c6c357b 
Hero: folds
6f5c84b: folds
9f0e4063: folds
36a09985: folds
c2fe3e40: folds
5c6c357b: calls 400
32fcf9a6: checks
*** FLOP *** [5c 6d 6h]
5c6c357b: bets 1,220
32fcf9a6: calls 1,220
*** TURN *** [5c 6d 6h] [Qs]
5c6c357b: checks
32fcf9a6: bets 3,660
5c6c357b: folds
Uncalled bet (3,660) returned to 32fcf9a6
*** SHOWDOWN ***
32fcf9a6 collected 4,880 from pot
*** SUMMARY ***
Total pot 4,880 | Rake 0 | Jackpot 0 | Bingo 0 | Fortune 0 | Tax 0
Board [5c 6d 6h Qs]
Seat 1: 32fcf9a6 (big blind) won (4,880)
Seat 2: Hero folded before Flop
Seat 3: 6f5c84b folded before Flop
Seat 4: 9f0e4063 folded before Flop
Seat 5: 36a09985 folded before Flop
Seat 6: c2fe3e40 (button) folded before Flop
Seat 8: 5c6c357b (small blind) folded on the Turn


Poker Hand #TM5693543339: Tournament #269070353, Bounty Hunters Deepstack Turbo $8.88 Hold'em No Limit - Level11(400/800(120)) - 2026/03/11 15:44:16
Table '16' 8-max Seat #5 is the button
Seat 2: Hero (46,476 in chips)
Seat 3: 6f5c84b (42,198 in chips)
Seat 4: 9f0e4063 (45,943 in chips)
Seat 5: 36a09985 (53,987 in chips)
Seat 6: c2fe3e40 (12,186 in chips)
Seat 7: addf9acc (10,770 in chips)
Seat 8: 5c6c357b (44,991 in chips)
addf9acc: posts the ante 120
Hero: posts the ante 120
6f5c84b: posts the ante 120
9f0e4063: posts the ante 120
c2fe3e40: posts the ante 120
36a09985: posts the ante 120
5c6c357b: posts the ante 120
c2fe3e40: posts small blind 400
addf9acc: posts big blind 800
*** HOLE CARDS ***
Dealt to Hero [8h 9h]
Dealt to 6f5c84b 
Dealt to 9f0e4063 
Dealt to 36a09985 
Dealt to c2fe3e40 
Dealt to addf9acc 
Dealt to 5c6c357b 
5c6c357b: folds
Hero: raises 800 to 1,600
6f5c84b: folds
9f0e4063: folds
36a09985: raises 3,200 to 4,800
c2fe3e40: folds
addf9acc: raises 5,850 to 10,650 and is all-in
Hero: folds
36a09985: calls 5,850
addf9acc: shows [9d 9c]
36a09985: shows [Kc Qd]
*** FLOP *** [Kd Qh 8c]
*** TURN *** [Kd Qh 8c] [Jc]
*** RIVER *** [Kd Qh 8c Jc] [Jd]
*** SHOWDOWN ***
36a09985 collected 24,140 from pot
*** SUMMARY ***
Total pot 24,140 | Rake 0 | Jackpot 0 | Bingo 0 | Fortune 0 | Tax 0
Board [Kd Qh 8c Jc Jd]
Seat 2: Hero folded before Flop
Seat 3: 6f5c84b folded before Flop
Seat 4: 9f0e4063 folded before Flop
Seat 5: 36a09985 (button) showed [Kc Qd] and won (24,140) with two pair, Kings and Queens
Seat 6: c2fe3e40 (small blind) folded before Flop
Seat 7: addf9acc (big blind) showed [9d 9c] and lost with two pair, Jacks and Nines
Seat 8: 5c6c357b folded before Flop


Poker Hand #TM5693543333: Tournament #269070353, Bounty Hunters Deepstack Turbo $8.88 Hold'em No Limit - Level11(400/800(120)) - 2026/03/11 15:43:28
Table '16' 8-max Seat #4 is the button
Seat 1: db5bf3d (16,763 in chips)
Seat 2: Hero (46,596 in chips)
Seat 3: 6f5c84b (42,318 in chips)
Seat 4: 9f0e4063 (46,063 in chips)
Seat 5: 36a09985 (54,507 in chips)
Seat 6: c2fe3e40 (13,106 in chips)
Seat 7: addf9acc (10,890 in chips)
Seat 8: 5c6c357b (26,308 in chips)
addf9acc: posts the ante 120
Hero: posts the ante 120
6f5c84b: posts the ante 120
9f0e4063: posts the ante 120
c2fe3e40: posts the ante 120
5c6c357b: posts the ante 120
36a09985: posts the ante 120
db5bf3d: posts the ante 120
36a09985: posts small blind 400
c2fe3e40: posts big blind 800
*** HOLE CARDS ***
Dealt to db5bf3d 
Dealt to Hero [2h 5s]
Dealt to 6f5c84b 
Dealt to 9f0e4063 
Dealt to 36a09985 
Dealt to c2fe3e40 
Dealt to addf9acc 
Dealt to 5c6c357b 
addf9acc: folds
5c6c357b: raises 800 to 1,600
db5bf3d: raises 15,043 to 16,643 and is all-in
Hero: folds
6f5c84b: folds
9f0e4063: folds
36a09985: folds
c2fe3e40: folds
5c6c357b: calls 15,043
db5bf3d: shows [As Kh]
5c6c357b: shows [Ah Kc]
*** FLOP *** [8h Jh 5h]
*** TURN *** [8h Jh 5h] [Kd]
*** RIVER *** [8h Jh 5h Kd] [3h]
*** SHOWDOWN ***
5c6c357b collected 35,446 from pot
*** SUMMARY ***
Total pot 35,446 | Rake 0 | Jackpot 0 | Bingo 0 | Fortune 0 | Tax 0
Board [8h Jh 5h Kd 3h]
Seat 1: db5bf3d showed [As Kh] and lost with a flush King high
Seat 2: Hero folded before Flop
Seat 3: 6f5c84b folded before Flop
Seat 4: 9f0e4063 (button) folded before Flop
Seat 5: 36a09985 (small blind) folded before Flop
Seat 6: c2fe3e40 (big blind) folded before Flop
Seat 7: addf9acc folded before Flop
Seat 8: 5c6c357b showed [Ah Kc] and won (35,446) with a flush Ace high


Poker Hand #TM5693543325: Tournament #269070353, Bounty Hunters Deepstack Turbo $8.88 Hold'em No Limit - Level11(400/800(120)) - 2026/03/11 15:42:50
Table '16' 8-max Seat #3 is the button
Seat 1: db5bf3d (16,883 in chips)
Seat 2: Hero (46,716 in chips)
Seat 3: 6f5c84b (42,438 in chips)
Seat 4: 9f0e4063 (46,583 in chips)
Seat 5: 36a09985 (55,427 in chips)
Seat 6: c2fe3e40 (13,226 in chips)
Seat 7: addf9acc (8,850 in chips)
Seat 8: 5c6c357b (26,428 in chips)
addf9acc: posts the ante 120
Hero: posts the ante 120
6f5c84b: posts the ante 120
9f0e4063: posts the ante 120
c2fe3e40: posts the ante 120
5c6c357b: posts the ante 120
36a09985: posts the ante 120
db5bf3d: posts the ante 120
9f0e4063: posts small blind 400
36a09985: posts big blind 800
*** HOLE CARDS ***
Dealt to db5bf3d 
Dealt to Hero [7h 7s]
Dealt to 6f5c84b 
Dealt to 9f0e4063 
Dealt to 36a09985 
Dealt to c2fe3e40 
Dealt to addf9acc 
Dealt to 5c6c357b 
c2fe3e40: folds
addf9acc: raises 7,930 to 8,730 and is all-in
5c6c357b: folds
db5bf3d: folds
Hero: folds
6f5c84b: folds
9f0e4063: folds
36a09985: folds
Uncalled bet (7,930) returned to addf9acc
*** SHOWDOWN ***
addf9acc collected 2,960 from pot
*** SUMMARY ***
Total pot 2,960 | Rake 0 | Jackpot 0 | Bingo 0 | Fortune 0 | Tax 0
Seat 1: db5bf3d folded before Flop
Seat 2: Hero folded before Flop
Seat 3: 6f5c84b (button) folded before Flop
Seat 4: 9f0e4063 (small blind) folded before Flop
Seat 5: 36a09985 (big blind) folded before Flop
Seat 6: c2fe3e40 folded before Flop
Seat 7: addf9acc collected (2,960)
Seat 8: 5c6c357b folded before Flop


Poker Hand #TM5693543317: Tournament #269070353, Bounty Hunters Deepstack Turbo $8.88 Hold'em No Limit - Level10(350/700(100)) - 2026/03/11 15:42:00
Table '16' 8-max Seat #2 is the button
Seat 1: db5bf3d (16,983 in chips)
Seat 2: Hero (46,816 in chips)
Seat 3: 6f5c84b (46,602 in chips)
Seat 4: 9f0e4063 (41,119 in chips)
Seat 5: 36a09985 (55,527 in chips)
Seat 6: c2fe3e40 (14,026 in chips)
Seat 7: addf9acc (8,950 in chips)
Seat 8: 5c6c357b (26,528 in chips)
addf9acc: posts the ante 100
Hero: posts the ante 100
6f5c84b: posts the ante 100
9f0e4063: posts the ante 100
c2fe3e40: posts the ante 100
5c6c357b: posts the ante 100
36a09985: posts the ante 100
db5bf3d: posts the ante 100
6f5c84b: posts small blind 350
9f0e4063: posts big blind 700
*** HOLE CARDS ***
Dealt to db5bf3d 
Dealt to Hero [6s 8d]
Dealt to 6f5c84b 
Dealt to 9f0e4063 
Dealt to 36a09985 
Dealt to c2fe3e40 
Dealt to addf9acc 
Dealt to 5c6c357b 
36a09985: folds
c2fe3e40: calls 700
addf9acc: folds
5c6c357b: folds
db5bf3d: folds
Hero: folds
6f5c84b: calls 350
9f0e4063: checks
*** FLOP *** [6c 5h Qh]
6f5c84b: bets 957
9f0e4063: raises 2,407 to 3,364
c2fe3e40: folds
6f5c84b: calls 2,407
*** TURN *** [6c 5h Qh] [Ah]
6f5c84b: checks
9f0e4063: bets 4,814
6f5c84b: folds
Uncalled bet (4,814) returned to 9f0e4063
*** SHOWDOWN ***
9f0e4063 collected 9,628 from pot
*** SUMMARY ***
Total pot 9,628 | Rake 0 | Jackpot 0 | Bingo 0 | Fortune 0 | Tax 0
Board [6c 5h Qh Ah]
Seat 1: db5bf3d folded before Flop
Seat 2: Hero (button) folded before Flop
Seat 3: 6f5c84b (small blind) folded on the Turn
Seat 4: 9f0e4063 (big blind) won (9,628)
Seat 5: 36a09985 folded before Flop
Seat 6: c2fe3e40 folded on the Flop
Seat 7: addf9acc folded before Flop
Seat 8: 5c6c357b folded before Flop


Poker Hand #TM5693543314: Tournament #269070353, Bounty Hunters Deepstack Turbo $8.88 Hold'em No Limit - Level10(350/700(100)) - 2026/03/11 15:41:32
Table '16' 8-max Seat #1 is the button
Seat 1: db5bf3d (17,083 in chips)
Seat 2: Hero (47,266 in chips)
Seat 3: 6f5c84b (47,402 in chips)
Seat 4: 9f0e4063 (41,219 in chips)
Seat 5: 36a09985 (55,627 in chips)
Seat 6: c2fe3e40 (14,126 in chips)
Seat 7: addf9acc (7,200 in chips)
Seat 8: 5c6c357b (26,628 in chips)
addf9acc: posts the ante 100
Hero: posts the ante 100
6f5c84b: posts the ante 100
9f0e4063: posts the ante 100
c2fe3e40: posts the ante 100
5c6c357b: posts the ante 100
36a09985: posts the ante 100
db5bf3d: posts the ante 100
Hero: posts small blind 350
6f5c84b: posts big blind 700
*** HOLE CARDS ***
Dealt to db5bf3d 
Dealt to Hero [6d Qh]
Dealt to 6f5c84b 
Dealt to 9f0e4063 
Dealt to 36a09985 
Dealt to c2fe3e40 
Dealt to addf9acc 
Dealt to 5c6c357b 
9f0e4063: folds
36a09985: folds
c2fe3e40: folds
addf9acc: raises 6,400 to 7,100 and is all-in
5c6c357b: folds
db5bf3d: folds
Hero: folds
6f5c84b: folds
Uncalled bet (6,400) returned to addf9acc
*** SHOWDOWN ***
addf9acc collected 2,550 from pot
*** SUMMARY ***
Total pot 2,550 | Rake 0 | Jackpot 0 | Bingo 0 | Fortune 0 | Tax 0
Seat 1: db5bf3d (button) folded before Flop
Seat 2: Hero (small blind) folded before Flop
Seat 3: 6f5c84b (big blind) folded before Flop
Seat 4: 9f0e4063 folded before Flop
Seat 5: 36a09985 folded before Flop
Seat 6: c2fe3e40 folded before Flop
Seat 7: addf9acc collected (2,550)
Seat 8: 5c6c357b folded before Flop


Poker Hand #TM5693543310: Tournament #269070353, Bounty Hunters Deepstack Turbo $8.88 Hold'em No Limit - Level10(350/700(100)) - 2026/03/11 15:40:59
Table '16' 8-max Seat #8 is the button
Seat 1: db5bf3d (17,533 in chips)
Seat 2: Hero (48,066 in chips)
Seat 3: 6f5c84b (47,502 in chips)
Seat 4: 9f0e4063 (41,319 in chips)
Seat 5: 36a09985 (55,727 in chips)
Seat 6: c2fe3e40 (14,226 in chips)
Seat 7: addf9acc (7,300 in chips)
Seat 8: 5c6c357b (24,878 in chips)
addf9acc: posts the ante 100
Hero: posts the ante 100
6f5c84b: posts the ante 100
9f0e4063: posts the ante 100
c2fe3e40: posts the ante 100
5c6c357b: posts the ante 100
36a09985: posts the ante 100
db5bf3d: posts the ante 100
db5bf3d: posts small blind 350
Hero: posts big blind 700
*** HOLE CARDS ***
Dealt to db5bf3d 
Dealt to Hero [9h 2s]
Dealt to 6f5c84b 
Dealt to 9f0e4063 
Dealt to 36a09985 
Dealt to c2fe3e40 
Dealt to addf9acc 
Dealt to 5c6c357b 
6f5c84b: folds
9f0e4063: folds
36a09985: folds
c2fe3e40: folds
addf9acc: folds
5c6c357b: raises 700 to 1,400
db5bf3d: folds
Hero: folds
Uncalled bet (700) returned to 5c6c357b
*** SHOWDOWN ***
5c6c357b collected 2,550 from pot
*** SUMMARY ***
Total pot 2,550 | Rake 0 | Jackpot 0 | Bingo 0 | Fortune 0 | Tax 0
Seat 1: db5bf3d (small blind) folded before Flop
Seat 2: Hero (big blind) folded before Flop
Seat 3: 6f5c84b folded before Flop
Seat 4: 9f0e4063 folded before Flop
Seat 5: 36a09985 folded before Flop
Seat 6: c2fe3e40 folded before Flop
Seat 7: addf9acc folded before Flop
Seat 8: 5c6c357b (button) collected (2,550)


Poker Hand #TM5693543301: Tournament #269070353, Bounty Hunters Deepstack Turbo $8.88 Hold'em No Limit - Level10(350/700(100)) - 2026/03/11 15:40:00
Table '16' 8-max Seat #7 is the button
Seat 1: db5bf3d (15,033 in chips)
Seat 2: Hero (48,166 in chips)
Seat 3: 6f5c84b (47,602 in chips)
Seat 4: 9f0e4063 (41,419 in chips)
Seat 5: 36a09985 (55,827 in chips)
Seat 6: c2fe3e40 (14,326 in chips)
Seat 7: addf9acc (7,400 in chips)
Seat 8: 5c6c357b (26,778 in chips)
addf9acc: posts the ante 100
Hero: posts the ante 100
6f5c84b: posts the ante 100
9f0e4063: posts the ante 100
c2fe3e40: posts the ante 100
36a09985: posts the ante 100
5c6c357b: posts the ante 100
db5bf3d: posts the ante 100
5c6c357b: posts small blind 350
db5bf3d: posts big blind 700
*** HOLE CARDS ***
Dealt to db5bf3d 
Dealt to Hero [7c Jc]
Dealt to 6f5c84b 
Dealt to 9f0e4063 
Dealt to 36a09985 
Dealt to c2fe3e40 
Dealt to addf9acc 
Dealt to 5c6c357b 
Hero: folds
6f5c84b: folds
9f0e4063: folds
36a09985: folds
c2fe3e40: folds
addf9acc: folds
5c6c357b: calls 350
db5bf3d: checks
*** FLOP *** [3h 5d 4d]
5c6c357b: checks
db5bf3d: bets 1,100
5c6c357b: calls 1,100
*** TURN *** [3h 5d 4d] [8s]
5c6c357b: checks
db5bf3d: bets 2,200
5c6c357b: folds
Uncalled bet (2,200) returned to db5bf3d
*** SHOWDOWN ***
db5bf3d collected 4,400 from pot
*** SUMMARY ***
Total pot 4,400 | Rake 0 | Jackpot 0 | Bingo 0 | Fortune 0 | Tax 0
Board [3h 5d 4d 8s]
Seat 1: db5bf3d (big blind) won (4,400)
Seat 2: Hero folded before Flop
Seat 3: 6f5c84b folded before Flop
Seat 4: 9f0e4063 folded before Flop
Seat 5: 36a09985 folded before Flop
Seat 6: c2fe3e40 folded before Flop
Seat 7: addf9acc (button) folded before Flop
Seat 8: 5c6c357b (small blind) folded on the Turn


Poker Hand #TM5693543291: Tournament #269070353, Bounty Hunters Deepstack Turbo $8.88 Hold'em No Limit - Level10(350/700(100)) - 2026/03/11 15:38:54
Table '16' 8-max Seat #6 is the button
Seat 1: db5bf3d (15,133 in chips)
Seat 2: Hero (43,966 in chips)
Seat 3: 6f5c84b (47,702 in chips)
Seat 4: 9f0e4063 (41,519 in chips)
Seat 5: 36a09985 (55,927 in chips)
Seat 6: c2fe3e40 (15,826 in chips)
Seat 7: addf9acc (8,900 in chips)
Seat 8: 5c6c357b (27,578 in chips)
addf9acc: posts the ante 100
Hero: posts the ante 100
6f5c84b: posts the ante 100
9f0e4063: posts the ante 100
c2fe3e40: posts the ante 100
36a09985: posts the ante 100
5c6c357b: posts the ante 100
db5bf3d: posts the ante 100
addf9acc: posts small blind 350
5c6c357b: posts big blind 700
*** HOLE CARDS ***
Dealt to db5bf3d 
Dealt to Hero [Ah Kh]
Dealt to 6f5c84b 
Dealt to 9f0e4063 
Dealt to 36a09985 
Dealt to c2fe3e40 
Dealt to addf9acc 
Dealt to 5c6c357b 
db5bf3d: folds
Hero: raises 700 to 1,400
6f5c84b: folds
9f0e4063: folds
36a09985: folds
c2fe3e40: calls 1,400
addf9acc: calls 1,050
5c6c357b: folds
*** FLOP *** [8s Qd Qh]
addf9acc: checks
Hero: checks
c2fe3e40: checks
*** TURN *** [8s Qd Qh] [As]
addf9acc: checks
Hero: bets 1,881
c2fe3e40: folds
addf9acc: folds
Uncalled bet (1,881) returned to Hero
*** SHOWDOWN ***
Hero collected 5,700 from pot
*** SUMMARY ***
Total pot 5,700 | Rake 0 | Jackpot 0 | Bingo 0 | Fortune 0 | Tax 0
Board [8s Qd Qh As]
Seat 1: db5bf3d folded before Flop
Seat 2: Hero won (5,700)
Seat 3: 6f5c84b folded before Flop
Seat 4: 9f0e4063 folded before Flop
Seat 5: 36a09985 folded before Flop
Seat 6: c2fe3e40 (button) folded on the Turn
Seat 7: addf9acc (small blind) folded on the Turn
Seat 8: 5c6c357b (big blind) folded before Flop


Poker Hand #TM5693543277: Tournament #269070353, Bounty Hunters Deepstack Turbo $8.88 Hold'em No Limit - Level10(350/700(100)) - 2026/03/11 15:37:32
Table '16' 8-max Seat #5 is the button
Seat 1: db5bf3d (15,233 in chips)
Seat 2: Hero (44,066 in chips)
Seat 3: 6f5c84b (47,802 in chips)
Seat 4: 9f0e4063 (41,619 in chips)
Seat 5: 36a09985 (47,877 in chips)
Seat 6: c2fe3e40 (16,276 in chips)
Seat 7: addf9acc (16,000 in chips)
Seat 8: 5c6c357b (27,678 in chips)
addf9acc: posts the ante 100
Hero: posts the ante 100
6f5c84b: posts the ante 100
9f0e4063: posts the ante 100
c2fe3e40: posts the ante 100
36a09985: posts the ante 100
5c6c357b: posts the ante 100
db5bf3d: posts the ante 100
c2fe3e40: posts small blind 350
addf9acc: posts big blind 700
*** HOLE CARDS ***
Dealt to db5bf3d 
Dealt to Hero [Qd 3s]
Dealt to 6f5c84b 
Dealt to 9f0e4063 
Dealt to 36a09985 
Dealt to c2fe3e40 
Dealt to addf9acc 
Dealt to 5c6c357b 
5c6c357b: folds
db5bf3d: folds
Hero: folds
6f5c84b: folds
9f0e4063: folds
36a09985: raises 700 to 1,400
c2fe3e40: folds
addf9acc: calls 700
*** FLOP *** [5c 2s Kh]
addf9acc: checks
36a09985: bets 1,750
addf9acc: calls 1,750
*** TURN *** [5c 2s Kh] [Qs]
addf9acc: checks
36a09985: bets 3,850
addf9acc: calls 3,850
*** RIVER *** [5c 2s Kh Qs] [3h]
addf9acc: checks
36a09985: checks
addf9acc: shows [Th Jh] (King high)
36a09985: shows [Kc 8h] (a pair of Kings)
*** SHOWDOWN ***
36a09985 collected 15,150 from pot
*** SUMMARY ***
Total pot 15,150 | Rake 0 | Jackpot 0 | Bingo 0 | Fortune 0 | Tax 0
Board [5c 2s Kh Qs 3h]
Seat 1: db5bf3d folded before Flop
Seat 2: Hero folded before Flop
Seat 3: 6f5c84b folded before Flop
Seat 4: 9f0e4063 folded before Flop
Seat 5: 36a09985 (button) showed [Kc 8h] and won (15,150) with a pair of Kings
Seat 6: c2fe3e40 (small blind) folded before Flop
Seat 7: addf9acc (big blind) showed [Th Jh] and lost with King high
Seat 8: 5c6c357b folded before Flop


Poker Hand #TM5693543273: Tournament #269070353, Bounty Hunters Deepstack Turbo $8.88 Hold'em No Limit - Level10(350/700(100)) - 2026/03/11 15:36:54
Table '16' 8-max Seat #4 is the button
Seat 1: db5bf3d (15,333 in chips)
Seat 2: Hero (42,316 in chips)
Seat 3: 6f5c84b (47,902 in chips)
Seat 4: 9f0e4063 (41,719 in chips)
Seat 5: 36a09985 (48,327 in chips)
Seat 6: c2fe3e40 (17,076 in chips)
Seat 7: addf9acc (16,100 in chips)
Seat 8: 5c6c357b (27,778 in chips)
addf9acc: posts the ante 100
Hero: posts the ante 100
6f5c84b: posts the ante 100
9f0e4063: posts the ante 100
c2fe3e40: posts the ante 100
5c6c357b: posts the ante 100
36a09985: posts the ante 100
db5bf3d: posts the ante 100
36a09985: posts small blind 350
c2fe3e40: posts big blind 700
*** HOLE CARDS ***
Dealt to db5bf3d 
Dealt to Hero [Ad Ks]
Dealt to 6f5c84b 
Dealt to 9f0e4063 
Dealt to 36a09985 
Dealt to c2fe3e40 
Dealt to addf9acc 
Dealt to 5c6c357b 
addf9acc: folds
5c6c357b: folds
db5bf3d: folds
Hero: raises 700 to 1,400
6f5c84b: folds
9f0e4063: folds
36a09985: folds
c2fe3e40: folds
Uncalled bet (700) returned to Hero
*** SHOWDOWN ***
Hero collected 2,550 from pot
*** SUMMARY ***
Total pot 2,550 | Rake 0 | Jackpot 0 | Bingo 0 | Fortune 0 | Tax 0
Seat 1: db5bf3d folded before Flop
Seat 2: Hero collected (2,550)
Seat 3: 6f5c84b folded before Flop
Seat 4: 9f0e4063 (button) folded before Flop
Seat 5: 36a09985 (small blind) folded before Flop
Seat 6: c2fe3e40 (big blind) folded before Flop
Seat 7: addf9acc folded before Flop
Seat 8: 5c6c357b folded before Flop


Poker Hand #TM5693543261: Tournament #269070353, Bounty Hunters Deepstack Turbo $8.88 Hold'em No Limit - Level10(350/700(100)) - 2026/03/11 15:36:06
Table '16' 8-max Seat #3 is the button
Seat 1: db5bf3d (15,433 in chips)
Seat 2: Hero (33,216 in chips)
Seat 3: 6f5c84b (48,002 in chips)
Seat 4: 9f0e4063 (43,219 in chips)
Seat 5: 36a09985 (55,427 in chips)
Seat 6: c2fe3e40 (17,176 in chips)
Seat 7: addf9acc (16,200 in chips)
Seat 8: 5c6c357b (27,878 in chips)
addf9acc: posts the ante 100
Hero: posts the ante 100
6f5c84b: posts the ante 100
9f0e4063: posts the ante 100
c2fe3e40: posts the ante 100
5c6c357b: posts the ante 100
36a09985: posts the ante 100
db5bf3d: posts the ante 100
9f0e4063: posts small blind 350
36a09985: posts big blind 700
*** HOLE CARDS ***
Dealt to db5bf3d 
Dealt to Hero [9s 9d]
Dealt to 6f5c84b 
Dealt to 9f0e4063 
Dealt to 36a09985 
Dealt to c2fe3e40 
Dealt to addf9acc 
Dealt to 5c6c357b 
c2fe3e40: folds
addf9acc: folds
5c6c357b: folds
db5bf3d: folds
Hero: raises 700 to 1,400
6f5c84b: folds
9f0e4063: calls 1,050
36a09985: raises 5,600 to 7,000
Hero: raises 26,116 to 33,116 and is all-in
9f0e4063: folds
36a09985: folds
Uncalled bet (26,116) returned to Hero
*** SHOWDOWN ***
Hero collected 16,200 from pot
*** SUMMARY ***
Total pot 16,200 | Rake 0 | Jackpot 0 | Bingo 0 | Fortune 0 | Tax 0
Seat 1: db5bf3d folded before Flop
Seat 2: Hero collected (16,200)
Seat 3: 6f5c84b (button) folded before Flop
Seat 4: 9f0e4063 (small blind) folded before Flop
Seat 5: 36a09985 (big blind) folded before Flop
Seat 6: c2fe3e40 folded before Flop
Seat 7: addf9acc folded before Flop
Seat 8: 5c6c357b folded before Flop


Poker Hand #TM5693543252: Tournament #269070353, Bounty Hunters Deepstack Turbo $8.88 Hold'em No Limit - Level10(350/700(100)) - 2026/03/11 15:35:13
Table '16' 8-max Seat #2 is the button
Seat 1: db5bf3d (15,533 in chips)
Seat 2: Hero (33,316 in chips)
Seat 3: 6f5c84b (48,802 in chips)
Seat 4: 9f0e4063 (44,019 in chips)
Seat 5: 36a09985 (55,527 in chips)
Seat 6: c2fe3e40 (15,076 in chips)
Seat 7: addf9acc (16,300 in chips)
Seat 8: 5c6c357b (27,978 in chips)
addf9acc: posts the ante 100
Hero: posts the ante 100
6f5c84b: posts the ante 100
9f0e4063: posts the ante 100
c2fe3e40: posts the ante 100
5c6c357b: posts the ante 100
36a09985: posts the ante 100
db5bf3d: posts the ante 100
6f5c84b: posts small blind 350
9f0e4063: posts big blind 700
*** HOLE CARDS ***
Dealt to db5bf3d 
Dealt to Hero [3s 5h]
Dealt to 6f5c84b 
Dealt to 9f0e4063 
Dealt to 36a09985 
Dealt to c2fe3e40 
Dealt to addf9acc 
Dealt to 5c6c357b 
36a09985: folds
c2fe3e40: calls 700
addf9acc: folds
5c6c357b: folds
db5bf3d: folds
Hero: folds
6f5c84b: calls 350
9f0e4063: checks
*** FLOP *** [Js 9c 2s]
6f5c84b: checks
9f0e4063: checks
c2fe3e40: checks
*** TURN *** [Js 9c 2s] [6s]
6f5c84b: checks
9f0e4063: checks
c2fe3e40: bets 957
6f5c84b: folds
9f0e4063: folds
Uncalled bet (957) returned to c2fe3e40
*** SHOWDOWN ***
c2fe3e40 collected 2,900 from pot
*** SUMMARY ***
Total pot 2,900 | Rake 0 | Jackpot 0 | Bingo 0 | Fortune 0 | Tax 0
Board [Js 9c 2s 6s]
Seat 1: db5bf3d folded before Flop
Seat 2: Hero (button) folded before Flop
Seat 3: 6f5c84b (small blind) folded on the Turn
Seat 4: 9f0e4063 (big blind) folded on the Turn
Seat 5: 36a09985 folded before Flop
Seat 6: c2fe3e40 won (2,900)
Seat 7: addf9acc folded before Flop
Seat 8: 5c6c357b folded before Flop


Poker Hand #TM5693543246: Tournament #269070353, Bounty Hunters Deepstack Turbo $8.88 Hold'em No Limit - Level10(350/700(100)) - 2026/03/11 15:34:24
Table '16' 8-max Seat #1 is the button
Seat 1: db5bf3d (15,633 in chips)
Seat 2: Hero (34,816 in chips)
Seat 3: 6f5c84b (45,302 in chips)
Seat 4: 9f0e4063 (44,119 in chips)
Seat 5: 36a09985 (55,627 in chips)
Seat 6: c2fe3e40 (15,176 in chips)
Seat 7: addf9acc (16,400 in chips)
Seat 8: 5c6c357b (29,478 in chips)
addf9acc: posts the ante 100
Hero: posts the ante 100
6f5c84b: posts the ante 100
9f0e4063: posts the ante 100
c2fe3e40: posts the ante 100
5c6c357b: posts the ante 100
36a09985: posts the ante 100
db5bf3d: posts the ante 100
Hero: posts small blind 350
6f5c84b: posts big blind 700
*** HOLE CARDS ***
Dealt to db5bf3d 
Dealt to Hero [Kc 7c]
Dealt to 6f5c84b 
Dealt to 9f0e4063 
Dealt to 36a09985 
Dealt to c2fe3e40 
Dealt to addf9acc 
Dealt to 5c6c357b 
9f0e4063: folds
36a09985: folds
c2fe3e40: folds
addf9acc: folds
5c6c357b: raises 700 to 1,400
db5bf3d: folds
Hero: calls 1,050
6f5c84b: calls 700
*** FLOP *** [Qs 2d Jd]
Hero: checks
6f5c84b: checks
5c6c357b: checks
*** TURN *** [Qs 2d Jd] [2c]
Hero: checks
6f5c84b: bets 2,500
5c6c357b: folds
Hero: folds
Uncalled bet (2,500) returned to 6f5c84b
*** SHOWDOWN ***
6f5c84b collected 5,000 from pot
*** SUMMARY ***
Total pot 5,000 | Rake 0 | Jackpot 0 | Bingo 0 | Fortune 0 | Tax 0
Board [Qs 2d Jd 2c]
Seat 1: db5bf3d (button) folded before Flop
Seat 2: Hero (small blind) folded on the Turn
Seat 3: 6f5c84b (big blind) won (5,000)
Seat 4: 9f0e4063 folded before Flop
Seat 5: 36a09985 folded before Flop
Seat 6: c2fe3e40 folded before Flop
Seat 7: addf9acc folded before Flop
Seat 8: 5c6c357b folded on the Turn


Poker Hand #TM5693543237: Tournament #269070353, Bounty Hunters Deepstack Turbo $8.88 Hold'em No Limit - Level9(300/600(90)) - 2026/03/11 15:33:17
Table '16' 8-max Seat #8 is the button
Seat 1: db5bf3d (12,716 in chips)
Seat 2: Hero (37,193 in chips)
Seat 3: 6f5c84b (45,392 in chips)
Seat 4: 9f0e4063 (44,209 in chips)
Seat 5: 36a09985 (55,717 in chips)
Seat 6: c2fe3e40 (15,266 in chips)
Seat 7: addf9acc (16,490 in chips)
Seat 8: 5c6c357b (29,568 in chips)
addf9acc: posts the ante 90
Hero: posts the ante 90
6f5c84b: posts the ante 90
9f0e4063: posts the ante 90
c2fe3e40: posts the ante 90
5c6c357b: posts the ante 90
36a09985: posts the ante 90
db5bf3d: posts the ante 90
db5bf3d: posts small blind 300
Hero: posts big blind 600
*** HOLE CARDS ***
Dealt to db5bf3d 
Dealt to Hero [Jd 8h]
Dealt to 6f5c84b 
Dealt to 9f0e4063 
Dealt to 36a09985 
Dealt to c2fe3e40 
Dealt to addf9acc 
Dealt to 5c6c357b 
6f5c84b: folds
9f0e4063: folds
36a09985: folds
c2fe3e40: folds
addf9acc: folds
5c6c357b: folds
db5bf3d: calls 300
Hero: checks
*** FLOP *** [6h 2s 9h]
db5bf3d: bets 634
Hero: calls 634
*** TURN *** [6h 2s 9h] [7s]
db5bf3d: bets 1,053
Hero: calls 1,053
*** RIVER *** [6h 2s 9h 7s] [7c]
db5bf3d: checks
Hero: checks
db5bf3d: shows [Qc 2c] (two pair, Sevens and Twos)
Hero: shows [Jd 8h] (a pair of Sevens)
*** SHOWDOWN ***
db5bf3d collected 5,294 from pot
*** SUMMARY ***
Total pot 5,294 | Rake 0 | Jackpot 0 | Bingo 0 | Fortune 0 | Tax 0
Board [6h 2s 9h 7s 7c]
Seat 1: db5bf3d (small blind) showed [Qc 2c] and won (5,294) with two pair, Sevens and Twos
Seat 2: Hero (big blind) showed [Jd 8h] and lost with a pair of Sevens
Seat 3: 6f5c84b folded before Flop
Seat 4: 9f0e4063 folded before Flop
Seat 5: 36a09985 folded before Flop
Seat 6: c2fe3e40 folded before Flop
Seat 7: addf9acc folded before Flop
Seat 8: 5c6c357b (button) folded before Flop


Poker Hand #TM5693543230: Tournament #269070353, Bounty Hunters Deepstack Turbo $8.88 Hold'em No Limit - Level9(300/600(90)) - 2026/03/11 15:32:38
Table '16' 8-max Seat #7 is the button
Seat 1: db5bf3d (13,406 in chips)
Seat 2: Hero (37,283 in chips)
Seat 3: 6f5c84b (45,482 in chips)
Seat 4: 9f0e4063 (44,299 in chips)
Seat 5: 36a09985 (55,807 in chips)
Seat 6: c2fe3e40 (15,356 in chips)
Seat 7: addf9acc (16,580 in chips)
Seat 8: 5c6c357b (28,338 in chips)
addf9acc: posts the ante 90
Hero: posts the ante 90
6f5c84b: posts the ante 90
9f0e4063: posts the ante 90
c2fe3e40: posts the ante 90
36a09985: posts the ante 90
5c6c357b: posts the ante 90
db5bf3d: posts the ante 90
5c6c357b: posts small blind 300
db5bf3d: posts big blind 600
*** HOLE CARDS ***
Dealt to db5bf3d 
Dealt to Hero [2d Jc]
Dealt to 6f5c84b 
Dealt to 9f0e4063 
Dealt to 36a09985 
Dealt to c2fe3e40 
Dealt to addf9acc 
Dealt to 5c6c357b 
Hero: folds
6f5c84b: folds
9f0e4063: folds
36a09985: folds
c2fe3e40: folds
addf9acc: folds
5c6c357b: raises 1,500 to 2,100
db5bf3d: folds
Uncalled bet (1,500) returned to 5c6c357b
*** SHOWDOWN ***
5c6c357b collected 1,920 from pot
*** SUMMARY ***
Total pot 1,920 | Rake 0 | Jackpot 0 | Bingo 0 | Fortune 0 | Tax 0
Seat 1: db5bf3d (big blind) folded before Flop
Seat 2: Hero folded before Flop
Seat 3: 6f5c84b folded before Flop
Seat 4: 9f0e4063 folded before Flop
Seat 5: 36a09985 folded before Flop
Seat 6: c2fe3e40 folded before Flop
Seat 7: addf9acc (button) folded before Flop
Seat 8: 5c6c357b (small blind) collected (1,920)


Poker Hand #TM5693543223: Tournament #269070353, Bounty Hunters Deepstack Turbo $8.88 Hold'em No Limit - Level9(300/600(90)) - 2026/03/11 15:31:32
Table '16' 8-max Seat #6 is the button
Seat 1: db5bf3d (13,496 in chips)
Seat 2: Hero (36,563 in chips)
Seat 3: 6f5c84b (45,572 in chips)
Seat 4: 9f0e4063 (43,579 in chips)
Seat 5: 36a09985 (55,897 in chips)
Seat 6: c2fe3e40 (15,446 in chips)
Seat 7: addf9acc (16,970 in chips)
Seat 8: 5c6c357b (29,028 in chips)
addf9acc: posts the ante 90
Hero: posts the ante 90
6f5c84b: posts the ante 90
9f0e4063: posts the ante 90
c2fe3e40: posts the ante 90
36a09985: posts the ante 90
5c6c357b: posts the ante 90
db5bf3d: posts the ante 90
addf9acc: posts small blind 300
5c6c357b: posts big blind 600
*** HOLE CARDS ***
Dealt to db5bf3d 
Dealt to Hero [Qd Td]
Dealt to 6f5c84b 
Dealt to 9f0e4063 
Dealt to 36a09985 
Dealt to c2fe3e40 
Dealt to addf9acc 
Dealt to 5c6c357b 
db5bf3d: folds
Hero: raises 600 to 1,200
6f5c84b: folds
9f0e4063: calls 1,200
36a09985: folds
c2fe3e40: folds
addf9acc: folds
5c6c357b: folds
*** FLOP *** [Kd Js 9h]
Hero: bets 1,327
9f0e4063: calls 1,327
*** TURN *** [Kd Js 9h] [2h]
Hero: bets 3,337
9f0e4063: calls 3,337
*** RIVER *** [Kd Js 9h 2h] [Tc]
Hero: bets 30,609 and is all-in
9f0e4063: calls 30,609
Hero: shows [Qd Td] (a straight, King to Nine)
9f0e4063: shows [Th Qc] (a straight, King to Nine)
*** SHOWDOWN ***
9f0e4063 collected 37,283 from pot
Hero collected 37,283 from pot
*** SUMMARY ***
Total pot 74,566 | Rake 0 | Jackpot 0 | Bingo 0 | Fortune 0 | Tax 0
Board [Kd Js 9h 2h Tc]
Seat 1: db5bf3d folded before Flop
Seat 2: Hero showed [Qd Td] and won (37,283) with a straight, King to Nine
Seat 3: 6f5c84b folded before Flop
Seat 4: 9f0e4063 showed [Th Qc] and won (37,283) with a straight, King to Nine
Seat 5: 36a09985 folded before Flop
Seat 6: c2fe3e40 (button) folded before Flop
Seat 7: addf9acc (small blind) folded before Flop
Seat 8: 5c6c357b (big blind) folded before Flop


Poker Hand #TM5693543217: Tournament #269070353, Bounty Hunters Deepstack Turbo $8.88 Hold'em No Limit - Level9(300/600(90)) - 2026/03/11 15:30:50
Table '16' 8-max Seat #5 is the button
Seat 1: db5bf3d (13,586 in chips)
Seat 2: Hero (36,653 in chips)
Seat 3: 6f5c84b (45,662 in chips)
Seat 4: 9f0e4063 (43,669 in chips)
Seat 5: 36a09985 (55,987 in chips)
Seat 6: c2fe3e40 (15,836 in chips)
Seat 7: addf9acc (17,660 in chips)
Seat 8: 5c6c357b (27,498 in chips)
addf9acc: posts the ante 90
Hero: posts the ante 90
6f5c84b: posts the ante 90
9f0e4063: posts the ante 90
c2fe3e40: posts the ante 90
36a09985: posts the ante 90
5c6c357b: posts the ante 90
db5bf3d: posts the ante 90
c2fe3e40: posts small blind 300
addf9acc: posts big blind 600
*** HOLE CARDS ***
Dealt to db5bf3d 
Dealt to Hero [Kd 4s]
Dealt to 6f5c84b 
Dealt to 9f0e4063 
Dealt to 36a09985 
Dealt to c2fe3e40 
Dealt to addf9acc 
Dealt to 5c6c357b 
5c6c357b: raises 600 to 1,200
db5bf3d: folds
Hero: folds
6f5c84b: folds
9f0e4063: folds
36a09985: folds
c2fe3e40: folds
addf9acc: folds
Uncalled bet (600) returned to 5c6c357b
*** SHOWDOWN ***
5c6c357b collected 2,220 from pot
*** SUMMARY ***
Total pot 2,220 | Rake 0 | Jackpot 0 | Bingo 0 | Fortune 0 | Tax 0
Seat 1: db5bf3d folded before Flop
Seat 2: Hero folded before Flop
Seat 3: 6f5c84b folded before Flop
Seat 4: 9f0e4063 folded before Flop
Seat 5: 36a09985 (button) folded before Flop
Seat 6: c2fe3e40 (small blind) folded before Flop
Seat 7: addf9acc (big blind) folded before Flop
Seat 8: 5c6c357b collected (2,220)


Poker Hand #TM5693543211: Tournament #269070353, Bounty Hunters Deepstack Turbo $8.88 Hold'em No Limit - Level9(300/600(90)) - 2026/03/11 15:30:25
Table '16' 8-max Seat #4 is the button
Seat 1: db5bf3d (13,676 in chips)
Seat 2: Hero (36,743 in chips)
Seat 3: 6f5c84b (45,752 in chips)
Seat 4: 9f0e4063 (42,139 in chips)
Seat 5: 36a09985 (56,377 in chips)
Seat 6: c2fe3e40 (16,526 in chips)
Seat 7: addf9acc (17,750 in chips)
Seat 8: 5c6c357b (27,588 in chips)
addf9acc: posts the ante 90
Hero: posts the ante 90
6f5c84b: posts the ante 90
9f0e4063: posts the ante 90
c2fe3e40: posts the ante 90
5c6c357b: posts the ante 90
36a09985: posts the ante 90
db5bf3d: posts the ante 90
36a09985: posts small blind 300
c2fe3e40: posts big blind 600
*** HOLE CARDS ***
Dealt to db5bf3d 
Dealt to Hero [5d Qd]
Dealt to 6f5c84b 
Dealt to 9f0e4063 
Dealt to 36a09985 
Dealt to c2fe3e40 
Dealt to addf9acc 
Dealt to 5c6c357b 
addf9acc: folds
5c6c357b: folds
db5bf3d: folds
Hero: folds
6f5c84b: folds
9f0e4063: raises 600 to 1,200
36a09985: folds
c2fe3e40: folds
Uncalled bet (600) returned to 9f0e4063
*** SHOWDOWN ***
9f0e4063 collected 2,220 from pot
*** SUMMARY ***
Total pot 2,220 | Rake 0 | Jackpot 0 | Bingo 0 | Fortune 0 | Tax 0
Seat 1: db5bf3d folded before Flop
Seat 2: Hero folded before Flop
Seat 3: 6f5c84b folded before Flop
Seat 4: 9f0e4063 (button) collected (2,220)
Seat 5: 36a09985 (small blind) folded before Flop
Seat 6: c2fe3e40 (big blind) folded before Flop
Seat 7: addf9acc folded before Flop
Seat 8: 5c6c357b folded before Flop


Poker Hand #TM5693543201: Tournament #269070353, Bounty Hunters Deepstack Turbo $8.88 Hold'em No Limit - Level9(300/600(90)) - 2026/03/11 15:29:24
Table '16' 8-max Seat #3 is the button
Seat 1: db5bf3d (21,485 in chips)
Seat 2: Hero (36,833 in chips)
Seat 3: 6f5c84b (45,842 in chips)
Seat 4: 9f0e4063 (16,640 in chips)
Seat 5: 36a09985 (57,067 in chips)
Seat 6: c2fe3e40 (16,616 in chips)
Seat 7: addf9acc (17,840 in chips)
Seat 8: 5c6c357b (44,228 in chips)
addf9acc: posts the ante 90
Hero: posts the ante 90
6f5c84b: posts the ante 90
9f0e4063: posts the ante 90
c2fe3e40: posts the ante 90
5c6c357b: posts the ante 90
36a09985: posts the ante 90
db5bf3d: posts the ante 90
9f0e4063: posts small blind 300
36a09985: posts big blind 600
*** HOLE CARDS ***
Dealt to db5bf3d 
Dealt to Hero [7d As]
Dealt to 6f5c84b 
Dealt to 9f0e4063 
Dealt to 36a09985 
Dealt to c2fe3e40 
Dealt to addf9acc 
Dealt to 5c6c357b 
c2fe3e40: folds
addf9acc: folds
5c6c357b: raises 600 to 1,200
db5bf3d: calls 1,200
Hero: folds
6f5c84b: folds
9f0e4063: raises 2,460 to 3,660
36a09985: folds
5c6c357b: calls 2,460
db5bf3d: calls 2,460
*** FLOP *** [Kh Kc 2h]
9f0e4063: checks
5c6c357b: checks
db5bf3d: bets 4,059
9f0e4063: raises 4,059 to 8,118
5c6c357b: raises 32,360 to 40,478 and is all-in
db5bf3d: folds
9f0e4063: calls 4,772 and is all-in
Uncalled bet (27,588) returned to 5c6c357b
5c6c357b: shows [Ah 8h] (a pair of Kings)
9f0e4063: shows [Kd Qh] (three of a kind, Kings)
*** TURN *** [Kh Kc 2h] [Ks]
*** RIVER *** [Kh Kc 2h Ks] [Jd]
*** SHOWDOWN ***
9f0e4063 collected 42,139 from pot
*** SUMMARY ***
Total pot 42,139 | Rake 0 | Jackpot 0 | Bingo 0 | Fortune 0 | Tax 0
Board [Kh Kc 2h Ks Jd]
Seat 1: db5bf3d folded on the Flop
Seat 2: Hero folded before Flop
Seat 3: 6f5c84b (button) folded before Flop
Seat 4: 9f0e4063 (small blind) showed [Kd Qh] and won (42,139) with four of a kind, Kings
Seat 5: 36a09985 (big blind) folded before Flop
Seat 6: c2fe3e40 folded before Flop
Seat 7: addf9acc folded before Flop
Seat 8: 5c6c357b showed [Ah 8h] and lost with three of a kind, Kings


Poker Hand #TM5693543194: Tournament #269070353, Bounty Hunters Deepstack Turbo $8.88 Hold'em No Limit - Level9(300/600(90)) - 2026/03/11 15:28:43
Table '16' 8-max Seat #2 is the button
Seat 1: db5bf3d (21,575 in chips)
Seat 2: Hero (36,923 in chips)
Seat 3: 6f5c84b (46,232 in chips)
Seat 4: 9f0e4063 (17,330 in chips)
Seat 5: 36a09985 (57,157 in chips)
Seat 6: c2fe3e40 (16,706 in chips)
Seat 7: addf9acc (17,930 in chips)
Seat 8: 5c6c357b (42,698 in chips)
addf9acc: posts the ante 90
Hero: posts the ante 90
6f5c84b: posts the ante 90
9f0e4063: posts the ante 90
c2fe3e40: posts the ante 90
5c6c357b: posts the ante 90
36a09985: posts the ante 90
db5bf3d: posts the ante 90
6f5c84b: posts small blind 300
9f0e4063: posts big blind 600
*** HOLE CARDS ***
Dealt to db5bf3d 
Dealt to Hero [5s 6s]
Dealt to 6f5c84b 
Dealt to 9f0e4063 
Dealt to 36a09985 
Dealt to c2fe3e40 
Dealt to addf9acc 
Dealt to 5c6c357b 
36a09985: folds
c2fe3e40: folds
addf9acc: folds
5c6c357b: raises 600 to 1,200
db5bf3d: folds
Hero: folds
6f5c84b: folds
9f0e4063: folds
Uncalled bet (600) returned to 5c6c357b
*** SHOWDOWN ***
5c6c357b collected 2,220 from pot
*** SUMMARY ***
Total pot 2,220 | Rake 0 | Jackpot 0 | Bingo 0 | Fortune 0 | Tax 0
Seat 1: db5bf3d folded before Flop
Seat 2: Hero (button) folded before Flop
Seat 3: 6f5c84b (small blind) folded before Flop
Seat 4: 9f0e4063 (big blind) folded before Flop
Seat 5: 36a09985 folded before Flop
Seat 6: c2fe3e40 folded before Flop
Seat 7: addf9acc folded before Flop
Seat 8: 5c6c357b collected (2,220)


Poker Hand #TM5693543190: Tournament #269070353, Bounty Hunters Deepstack Turbo $8.88 Hold'em No Limit - Level9(300/600(90)) - 2026/03/11 15:28:10
Table '16' 8-max Seat #1 is the button
Seat 1: db5bf3d (21,665 in chips)
Seat 2: Hero (37,313 in chips)
Seat 3: 6f5c84b (45,302 in chips)
Seat 4: 9f0e4063 (17,420 in chips)
Seat 5: 36a09985 (57,247 in chips)
Seat 6: c2fe3e40 (16,796 in chips)
Seat 7: addf9acc (18,020 in chips)
Seat 8: 5c6c357b (42,788 in chips)
addf9acc: posts the ante 90
Hero: posts the ante 90
6f5c84b: posts the ante 90
9f0e4063: posts the ante 90
c2fe3e40: posts the ante 90
5c6c357b: posts the ante 90
36a09985: posts the ante 90
db5bf3d: posts the ante 90
Hero: posts small blind 300
6f5c84b: posts big blind 600
*** HOLE CARDS ***
Dealt to db5bf3d 
Dealt to Hero [4h Jd]
Dealt to 6f5c84b 
Dealt to 9f0e4063 
Dealt to 36a09985 
Dealt to c2fe3e40 
Dealt to addf9acc 
Dealt to 5c6c357b 
9f0e4063: folds
36a09985: folds
c2fe3e40: folds
addf9acc: folds
5c6c357b: folds
db5bf3d: folds
Hero: folds
Uncalled bet (300) returned to 6f5c84b
*** SHOWDOWN ***
6f5c84b collected 1,320 from pot
*** SUMMARY ***
Total pot 1,320 | Rake 0 | Jackpot 0 | Bingo 0 | Fortune 0 | Tax 0
Seat 1: db5bf3d (button) folded before Flop
Seat 2: Hero (small blind) folded before Flop
Seat 3: 6f5c84b (big blind) collected (1,320)
Seat 4: 9f0e4063 folded before Flop
Seat 5: 36a09985 folded before Flop
Seat 6: c2fe3e40 folded before Flop
Seat 7: addf9acc folded before Flop
Seat 8: 5c6c357b folded before Flop


Poker Hand #TM5693543181: Tournament #269070353, Bounty Hunters Deepstack Turbo $8.88 Hold'em No Limit - Level9(300/600(90)) - 2026/03/11 15:27:24
Table '16' 8-max Seat #8 is the button
Seat 1: db5bf3d (19,235 in chips)
Seat 2: Hero (38,003 in chips)
Seat 3: 6f5c84b (45,392 in chips)
Seat 4: 9f0e4063 (18,710 in chips)
Seat 5: 36a09985 (57,337 in chips)
Seat 6: c2fe3e40 (16,886 in chips)
Seat 7: addf9acc (18,110 in chips)
Seat 8: 5c6c357b (42,878 in chips)
addf9acc: posts the ante 90
Hero: posts the ante 90
6f5c84b: posts the ante 90
9f0e4063: posts the ante 90
c2fe3e40: posts the ante 90
5c6c357b: posts the ante 90
36a09985: posts the ante 90
db5bf3d: posts the ante 90
db5bf3d: posts small blind 300
Hero: posts big blind 600
*** HOLE CARDS ***
Dealt to db5bf3d 
Dealt to Hero [Ad 5h]
Dealt to 6f5c84b 
Dealt to 9f0e4063 
Dealt to 36a09985 
Dealt to c2fe3e40 
Dealt to addf9acc 
Dealt to 5c6c357b 
6f5c84b: folds
9f0e4063: raises 600 to 1,200
36a09985: folds
c2fe3e40: folds
addf9acc: folds
5c6c357b: folds
db5bf3d: raises 17,945 to 19,145 and is all-in
Hero: folds
9f0e4063: folds
Uncalled bet (17,945) returned to db5bf3d
*** SHOWDOWN ***
db5bf3d collected 3,720 from pot
*** SUMMARY ***
Total pot 3,720 | Rake 0 | Jackpot 0 | Bingo 0 | Fortune 0 | Tax 0
Seat 1: db5bf3d (small blind) collected (3,720)
Seat 2: Hero (big blind) folded before Flop
Seat 3: 6f5c84b folded before Flop
Seat 4: 9f0e4063 folded before Flop
Seat 5: 36a09985 folded before Flop
Seat 6: c2fe3e40 folded before Flop
Seat 7: addf9acc folded before Flop
Seat 8: 5c6c357b (button) folded before Flop


Poker Hand #TM5693543171: Tournament #269070353, Bounty Hunters Deepstack Turbo $8.88 Hold'em No Limit - Level9(300/600(90)) - 2026/03/11 15:26:34
Table '16' 8-max Seat #7 is the button
Seat 1: db5bf3d (19,925 in chips)
Seat 2: Hero (38,093 in chips)
Seat 3: 6f5c84b (45,482 in chips)
Seat 4: 9f0e4063 (18,800 in chips)
Seat 5: 36a09985 (57,427 in chips)
Seat 6: c2fe3e40 (16,976 in chips)
Seat 7: addf9acc (18,200 in chips)
Seat 8: 5c6c357b (41,648 in chips)
addf9acc: posts the ante 90
Hero: posts the ante 90
6f5c84b: posts the ante 90
9f0e4063: posts the ante 90
c2fe3e40: posts the ante 90
36a09985: posts the ante 90
5c6c357b: posts the ante 90
db5bf3d: posts the ante 90
5c6c357b: posts small blind 300
db5bf3d: posts big blind 600
*** HOLE CARDS ***
Dealt to db5bf3d 
Dealt to Hero [6s 5d]
Dealt to 6f5c84b 
Dealt to 9f0e4063 
Dealt to 36a09985 
Dealt to c2fe3e40 
Dealt to addf9acc 
Dealt to 5c6c357b 
Hero: folds
6f5c84b: folds
9f0e4063: folds
36a09985: folds
c2fe3e40: folds
addf9acc: folds
5c6c357b: calls 300
db5bf3d: checks
*** FLOP *** [6h Ah Js]
5c6c357b: checks
db5bf3d: checks
*** TURN *** [6h Ah Js] [Qc]
5c6c357b: bets 600
db5bf3d: folds
Uncalled bet (600) returned to 5c6c357b
*** SHOWDOWN ***
5c6c357b collected 1,920 from pot
*** SUMMARY ***
Total pot 1,920 | Rake 0 | Jackpot 0 | Bingo 0 | Fortune 0 | Tax 0
Board [6h Ah Js Qc]
Seat 1: db5bf3d (big blind) folded on the Turn
Seat 2: Hero folded before Flop
Seat 3: 6f5c84b folded before Flop
Seat 4: 9f0e4063 folded before Flop
Seat 5: 36a09985 folded before Flop
Seat 6: c2fe3e40 folded before Flop
Seat 7: addf9acc (button) folded before Flop
Seat 8: 5c6c357b (small blind) won (1,920)


Poker Hand #TM5693543167: Tournament #269070353, Bounty Hunters Deepstack Turbo $8.88 Hold'em No Limit - Level8(250/500(75)) - 2026/03/11 15:26:09
Table '16' 8-max Seat #6 is the button
Seat 1: db5bf3d (20,000 in chips)
Seat 2: Hero (38,168 in chips)
Seat 3: 6f5c84b (45,557 in chips)
Seat 4: 9f0e4063 (18,875 in chips)
Seat 5: 36a09985 (57,502 in chips)
Seat 6: c2fe3e40 (17,051 in chips)
Seat 7: addf9acc (18,775 in chips)
Seat 8: 5c6c357b (40,623 in chips)
addf9acc: posts the ante 75
Hero: posts the ante 75
6f5c84b: posts the ante 75
9f0e4063: posts the ante 75
c2fe3e40: posts the ante 75
36a09985: posts the ante 75
5c6c357b: posts the ante 75
db5bf3d: posts the ante 75
addf9acc: posts small blind 250
5c6c357b: posts big blind 500
*** HOLE CARDS ***
Dealt to db5bf3d 
Dealt to Hero [6h 7c]
Dealt to 6f5c84b 
Dealt to 9f0e4063 
Dealt to 36a09985 
Dealt to c2fe3e40 
Dealt to addf9acc 
Dealt to 5c6c357b 
db5bf3d: folds
Hero: folds
6f5c84b: folds
9f0e4063: folds
36a09985: folds
c2fe3e40: folds
addf9acc: calls 250
5c6c357b: raises 1,000 to 1,500
addf9acc: folds
Uncalled bet (1,000) returned to 5c6c357b
*** SHOWDOWN ***
5c6c357b collected 1,600 from pot
*** SUMMARY ***
Total pot 1,600 | Rake 0 | Jackpot 0 | Bingo 0 | Fortune 0 | Tax 0
Seat 1: db5bf3d folded before Flop
Seat 2: Hero folded before Flop
Seat 3: 6f5c84b folded before Flop
Seat 4: 9f0e4063 folded before Flop
Seat 5: 36a09985 folded before Flop
Seat 6: c2fe3e40 (button) folded before Flop
Seat 7: addf9acc (small blind) folded before Flop
Seat 8: 5c6c357b (big blind) collected (1,600)


Poker Hand #TM5693543159: Tournament #269070353, Bounty Hunters Deepstack Turbo $8.88 Hold'em No Limit - Level8(250/500(75)) - 2026/03/11 15:25:24
Table '16' 8-max Seat #5 is the button
Seat 2: Hero (38,243 in chips)
Seat 3: 6f5c84b (43,857 in chips)
Seat 4: 9f0e4063 (18,950 in chips)
Seat 5: 36a09985 (57,577 in chips)
Seat 6: c2fe3e40 (17,376 in chips)
Seat 7: addf9acc (19,850 in chips)
Seat 8: 5c6c357b (40,698 in chips)
addf9acc: posts the ante 75
Hero: posts the ante 75
6f5c84b: posts the ante 75
9f0e4063: posts the ante 75
c2fe3e40: posts the ante 75
36a09985: posts the ante 75
5c6c357b: posts the ante 75
c2fe3e40: posts small blind 250
addf9acc: posts big blind 500
*** HOLE CARDS ***
Dealt to Hero [8h Ad]
Dealt to 6f5c84b 
Dealt to 9f0e4063 
Dealt to 36a09985 
Dealt to c2fe3e40 
Dealt to addf9acc 
Dealt to 5c6c357b 
5c6c357b: folds
Hero: folds
6f5c84b: raises 500 to 1,000
9f0e4063: folds
36a09985: folds
c2fe3e40: folds
addf9acc: calls 500
*** FLOP *** [9c Ks 5d]
addf9acc: checks
6f5c84b: bets 1,388
addf9acc: folds
Uncalled bet (1,388) returned to 6f5c84b
*** SHOWDOWN ***
6f5c84b collected 2,775 from pot
*** SUMMARY ***
Total pot 2,775 | Rake 0 | Jackpot 0 | Bingo 0 | Fortune 0 | Tax 0
Board [9c Ks 5d]
Seat 2: Hero folded before Flop
Seat 3: 6f5c84b won (2,775)
Seat 4: 9f0e4063 folded before Flop
Seat 5: 36a09985 (button) folded before Flop
Seat 6: c2fe3e40 (small blind) folded before Flop
Seat 7: addf9acc (big blind) folded on the Flop
Seat 8: 5c6c357b folded before Flop


Poker Hand #TM5693543155: Tournament #269070353, Bounty Hunters Deepstack Turbo $8.88 Hold'em No Limit - Level8(250/500(75)) - 2026/03/11 15:24:51
Table '16' 8-max Seat #4 is the button
Seat 2: Hero (39,318 in chips)
Seat 3: 6f5c84b (43,932 in chips)
Seat 4: 9f0e4063 (19,025 in chips)
Seat 5: 36a09985 (55,627 in chips)
Seat 6: c2fe3e40 (17,951 in chips)
Seat 7: addf9acc (19,925 in chips)
Seat 8: 5c6c357b (40,773 in chips)
addf9acc: posts the ante 75
Hero: posts the ante 75
6f5c84b: posts the ante 75
9f0e4063: posts the ante 75
c2fe3e40: posts the ante 75
5c6c357b: posts the ante 75
36a09985: posts the ante 75
36a09985: posts small blind 250
c2fe3e40: posts big blind 500
*** HOLE CARDS ***
Dealt to Hero [Jc 7c]
Dealt to 6f5c84b 
Dealt to 9f0e4063 
Dealt to 36a09985 
Dealt to c2fe3e40 
Dealt to addf9acc 
Dealt to 5c6c357b 
addf9acc: folds
5c6c357b: folds
Hero: raises 500 to 1,000
6f5c84b: folds
9f0e4063: folds
36a09985: raises 3,500 to 4,500
c2fe3e40: folds
Hero: folds
Uncalled bet (3,500) returned to 36a09985
*** SHOWDOWN ***
36a09985 collected 3,025 from pot
*** SUMMARY ***
Total pot 3,025 | Rake 0 | Jackpot 0 | Bingo 0 | Fortune 0 | Tax 0
Seat 2: Hero folded before Flop
Seat 3: 6f5c84b folded before Flop
Seat 4: 9f0e4063 (button) folded before Flop
Seat 5: 36a09985 (small blind) collected (3,025)
Seat 6: c2fe3e40 (big blind) folded before Flop
Seat 7: addf9acc folded before Flop
Seat 8: 5c6c357b folded before Flop


Poker Hand #TM5693543146: Tournament #269070353, Bounty Hunters Deepstack Turbo $8.88 Hold'em No Limit - Level8(250/500(75)) - 2026/03/11 15:24:03
Table '16' 8-max Seat #3 is the button
Seat 1: 1f96a584 (16,015 in chips)
Seat 2: Hero (36,602 in chips)
Seat 3: 6f5c84b (44,007 in chips)
Seat 4: 9f0e4063 (19,350 in chips)
Seat 5: 36a09985 (57,643 in chips)
Seat 6: c2fe3e40 (18,026 in chips)
Seat 7: addf9acc (20,000 in chips)
Seat 8: 5c6c357b (40,848 in chips)
addf9acc: posts the ante 75
Hero: posts the ante 75
6f5c84b: posts the ante 75
1f96a584: posts the ante 75
9f0e4063: posts the ante 75
c2fe3e40: posts the ante 75
5c6c357b: posts the ante 75
36a09985: posts the ante 75
9f0e4063: posts small blind 250
36a09985: posts big blind 500
*** HOLE CARDS ***
Dealt to 1f96a584 
Dealt to Hero [Jd Js]
Dealt to 6f5c84b 
Dealt to 9f0e4063 
Dealt to 36a09985 
Dealt to c2fe3e40 
Dealt to addf9acc 
Dealt to 5c6c357b 
c2fe3e40: folds
addf9acc: folds
5c6c357b: folds
1f96a584: folds
Hero: raises 500 to 1,000
6f5c84b: folds
9f0e4063: folds
36a09985: calls 500
*** FLOP *** [As Th Qs]
36a09985: checks
Hero: bets 941
36a09985: calls 941
*** TURN *** [As Th Qs] [7s]
36a09985: checks
Hero: checks
*** RIVER *** [As Th Qs 7s] [4s]
36a09985: checks
Hero: bets 3,549
36a09985: folds
Uncalled bet (3,549) returned to Hero
*** SHOWDOWN ***
Hero collected 4,732 from pot
*** SUMMARY ***
Total pot 4,732 | Rake 0 | Jackpot 0 | Bingo 0 | Fortune 0 | Tax 0
Board [As Th Qs 7s 4s]
Seat 1: 1f96a584 folded before Flop
Seat 2: Hero won (4,732)
Seat 3: 6f5c84b (button) folded before Flop
Seat 4: 9f0e4063 (small blind) folded before Flop
Seat 5: 36a09985 (big blind) folded on the River
Seat 6: c2fe3e40 folded before Flop
Seat 7: addf9acc folded before Flop
Seat 8: 5c6c357b folded before Flop


Poker Hand #TM5693543137: Tournament #269070353, Bounty Hunters Deepstack Turbo $8.88 Hold'em No Limit - Level8(250/500(75)) - 2026/03/11 15:23:23
Table '16' 8-max Seat #2 is the button
Seat 1: 1f96a584 (16,090 in chips)
Seat 2: Hero (36,677 in chips)
Seat 3: 6f5c84b (45,082 in chips)
Seat 4: 9f0e4063 (19,925 in chips)
Seat 5: 36a09985 (55,693 in chips)
Seat 6: c2fe3e40 (18,101 in chips)
Seat 8: 5c6c357b (40,923 in chips)
Hero: posts the ante 75
1f96a584: posts the ante 75
6f5c84b: posts the ante 75
9f0e4063: posts the ante 75
c2fe3e40: posts the ante 75
5c6c357b: posts the ante 75
36a09985: posts the ante 75
6f5c84b: posts small blind 250
9f0e4063: posts big blind 500
*** HOLE CARDS ***
Dealt to 1f96a584 
Dealt to Hero [5s 8c]
Dealt to 6f5c84b 
Dealt to 9f0e4063 
Dealt to 36a09985 
Dealt to c2fe3e40 
Dealt to 5c6c357b 
36a09985: raises 500 to 1,000
c2fe3e40: folds
5c6c357b: folds
1f96a584: folds
Hero: folds
6f5c84b: calls 750
9f0e4063: folds
*** FLOP *** [6h 2h 6c]
6f5c84b: checks
36a09985: bets 1,664
6f5c84b: folds
Uncalled bet (1,664) returned to 36a09985
*** SHOWDOWN ***
36a09985 collected 3,025 from pot
*** SUMMARY ***
Total pot 3,025 | Rake 0 | Jackpot 0 | Bingo 0 | Fortune 0 | Tax 0
Board [6h 2h 6c]
Seat 1: 1f96a584 folded before Flop
Seat 2: Hero (button) folded before Flop
Seat 3: 6f5c84b (small blind) folded on the Flop
Seat 4: 9f0e4063 (big blind) folded before Flop
Seat 5: 36a09985 won (3,025)
Seat 6: c2fe3e40 folded before Flop
Seat 8: 5c6c357b folded before Flop


Poker Hand #TM5693543117: Tournament #269070353, Bounty Hunters Deepstack Turbo $8.88 Hold'em No Limit - Level8(250/500(75)) - 2026/03/11 15:21:24
Table '16' 8-max Seat #1 is the button
Seat 1: 1f96a584 (16,165 in chips)
Seat 2: Hero (37,002 in chips)
Seat 3: 6f5c84b (45,657 in chips)
Seat 4: 9f0e4063 (20,000 in chips)
Seat 5: 36a09985 (29,613 in chips)
Seat 6: c2fe3e40 (18,176 in chips)
Seat 7: 4b5e559a (24,880 in chips)
Seat 8: 5c6c357b (40,998 in chips)
4b5e559a: posts the ante 75
Hero: posts the ante 75
1f96a584: posts the ante 75
6f5c84b: posts the ante 75
9f0e4063: posts the ante 75
c2fe3e40: posts the ante 75
5c6c357b: posts the ante 75
36a09985: posts the ante 75
Hero: posts small blind 250
6f5c84b: posts big blind 500
*** HOLE CARDS ***
Dealt to 1f96a584 
Dealt to Hero [9d 5s]
Dealt to 6f5c84b 
Dealt to 9f0e4063 
Dealt to 36a09985 
Dealt to c2fe3e40 
Dealt to 4b5e559a 
Dealt to 5c6c357b 
9f0e4063: folds
36a09985: raises 500 to 1,000
c2fe3e40: folds
4b5e559a: raises 2,000 to 3,000
5c6c357b: folds
1f96a584: folds
Hero: folds
6f5c84b: folds
36a09985: raises 4,750 to 7,750
4b5e559a: calls 4,750
*** FLOP *** [Ts 4d Jh]
36a09985: bets 5,561
4b5e559a: raises 11,494 to 17,055 and is all-in
36a09985: calls 11,494
4b5e559a: shows [Kd Ks] (a pair of Kings)
36a09985: shows [Ah Ac] (a pair of Aces)
*** TURN *** [Ts 4d Jh] [6s]
*** RIVER *** [Ts 4d Jh 6s] [Td]
*** SHOWDOWN ***
36a09985 collected 50,960 from pot
*** SUMMARY ***
Total pot 50,960 | Rake 0 | Jackpot 0 | Bingo 0 | Fortune 0 | Tax 0
Board [Ts 4d Jh 6s Td]
Seat 1: 1f96a584 (button) folded before Flop
Seat 2: Hero (small blind) folded before Flop
Seat 3: 6f5c84b (big blind) folded before Flop
Seat 4: 9f0e4063 folded before Flop
Seat 5: 36a09985 showed [Ah Ac] and won (50,960) with two pair, Aces and Tens
Seat 6: c2fe3e40 folded before Flop
Seat 7: 4b5e559a showed [Kd Ks] and lost with two pair, Kings and Tens
Seat 8: 5c6c357b folded before Flop


Poker Hand #TM5693543112: Tournament #269070353, Bounty Hunters Deepstack Turbo $8.88 Hold'em No Limit - Level8(250/500(75)) - 2026/03/11 15:20:56
Table '16' 8-max Seat #8 is the button
Seat 1: 1f96a584 (16,490 in chips)
Seat 2: Hero (37,577 in chips)
Seat 3: 6f5c84b (45,732 in chips)
Seat 5: 36a09985 (29,688 in chips)
Seat 6: c2fe3e40 (18,251 in chips)
Seat 7: 4b5e559a (23,680 in chips)
Seat 8: 5c6c357b (41,073 in chips)
4b5e559a: posts the ante 75
Hero: posts the ante 75
6f5c84b: posts the ante 75
1f96a584: posts the ante 75
c2fe3e40: posts the ante 75
5c6c357b: posts the ante 75
36a09985: posts the ante 75
1f96a584: posts small blind 250
Hero: posts big blind 500
*** HOLE CARDS ***
Dealt to 1f96a584 
Dealt to Hero [8h 4d]
Dealt to 6f5c84b 
Dealt to 36a09985 
Dealt to c2fe3e40 
Dealt to 4b5e559a 
Dealt to 5c6c357b 
6f5c84b: folds
36a09985: folds
c2fe3e40: folds
4b5e559a: raises 500 to 1,000
5c6c357b: folds
1f96a584: folds
Hero: folds
Uncalled bet (500) returned to 4b5e559a
*** SHOWDOWN ***
4b5e559a collected 1,775 from pot
*** SUMMARY ***
Total pot 1,775 | Rake 0 | Jackpot 0 | Bingo 0 | Fortune 0 | Tax 0
Seat 1: 1f96a584 (small blind) folded before Flop
Seat 2: Hero (big blind) folded before Flop
Seat 3: 6f5c84b folded before Flop
Seat 5: 36a09985 folded before Flop
Seat 6: c2fe3e40 folded before Flop
Seat 7: 4b5e559a collected (1,775)
Seat 8: 5c6c357b (button) folded before Flop


Poker Hand #TM5693543108: Tournament #269070353, Bounty Hunters Deepstack Turbo $8.88 Hold'em No Limit - Level8(250/500(75)) - 2026/03/11 15:20:26
Table '16' 8-max Seat #7 is the button
Seat 1: 1f96a584 (17,065 in chips)
Seat 2: Hero (37,652 in chips)
Seat 3: 6f5c84b (45,807 in chips)
Seat 5: 36a09985 (29,763 in chips)
Seat 6: c2fe3e40 (18,326 in chips)
Seat 7: 4b5e559a (23,755 in chips)
Seat 8: 5c6c357b (40,123 in chips)
4b5e559a: posts the ante 75
Hero: posts the ante 75
6f5c84b: posts the ante 75
1f96a584: posts the ante 75
c2fe3e40: posts the ante 75
36a09985: posts the ante 75
5c6c357b: posts the ante 75
5c6c357b: posts small blind 250
1f96a584: posts big blind 500
*** HOLE CARDS ***
Dealt to 1f96a584 
Dealt to Hero [3s Tc]
Dealt to 6f5c84b 
Dealt to 36a09985 
Dealt to c2fe3e40 
Dealt to 4b5e559a 
Dealt to 5c6c357b 
Hero: folds
6f5c84b: folds
36a09985: folds
c2fe3e40: folds
4b5e559a: folds
5c6c357b: raises 500 to 1,000
1f96a584: folds
Uncalled bet (500) returned to 5c6c357b
*** SHOWDOWN ***
5c6c357b collected 1,525 from pot
*** SUMMARY ***
Total pot 1,525 | Rake 0 | Jackpot 0 | Bingo 0 | Fortune 0 | Tax 0
Seat 1: 1f96a584 (big blind) folded before Flop
Seat 2: Hero folded before Flop
Seat 3: 6f5c84b folded before Flop
Seat 5: 36a09985 folded before Flop
Seat 6: c2fe3e40 folded before Flop
Seat 7: 4b5e559a (button) folded before Flop
Seat 8: 5c6c357b (small blind) collected (1,525)


Poker Hand #TM5693543097: Tournament #269070353, Bounty Hunters Deepstack Turbo $8.88 Hold'em No Limit - Level8(250/500(75)) - 2026/03/11 15:19:38
Table '16' 8-max Seat #5 is the button
Seat 1: 1f96a584 (17,140 in chips)
Seat 2: Hero (38,727 in chips)
Seat 3: 6f5c84b (46,882 in chips)
Seat 4: 50b35f86 (856 in chips)
Seat 5: 36a09985 (30,838 in chips)
Seat 6: 7b823c0e (17,347 in chips)
Seat 7: 4b5e559a (24,330 in chips)
Seat 8: 5c6c357b (18,045 in chips)
4b5e559a: posts the ante 75
50b35f86: posts the ante 75
Hero: posts the ante 75
6f5c84b: posts the ante 75
1f96a584: posts the ante 75
7b823c0e: posts the ante 75
36a09985: posts the ante 75
5c6c357b: posts the ante 75
7b823c0e: posts small blind 250
4b5e559a: posts big blind 500
*** HOLE CARDS ***
Dealt to 1f96a584 
Dealt to Hero [8c Th]
Dealt to 6f5c84b 
Dealt to 50b35f86 
Dealt to 36a09985 
Dealt to 7b823c0e 
Dealt to 4b5e559a 
Dealt to 5c6c357b 
5c6c357b: raises 500 to 1,000
1f96a584: folds
Hero: calls 1,000
6f5c84b: calls 1,000
50b35f86: calls 781 and is all-in
36a09985: calls 1,000
7b823c0e: raises 16,272 to 17,272 and is all-in
4b5e559a: folds
5c6c357b: raises 698 to 17,970 and is all-in
Hero: folds
6f5c84b: folds
36a09985: folds
Uncalled bet (698) returned to 5c6c357b
5c6c357b: shows [Ad Kc]
50b35f86: shows [6h 9s]
7b823c0e: shows [9d Ac]
*** FLOP *** [8d 9h Qs]
*** TURN *** [8d 9h Qs] [2h]
*** RIVER *** [8d 9h Qs 2h] [Kd]
*** SHOWDOWN ***
5c6c357b collected 5,786 from pot
5c6c357b collected 33,639 from pot
*** SUMMARY ***
Total pot 39,425 | Rake 0 | Jackpot 0 | Bingo 0 | Fortune 0 | Tax 0
Board [8d 9h Qs 2h Kd]
Seat 1: 1f96a584 folded before Flop
Seat 2: Hero folded before Flop
Seat 3: 6f5c84b folded before Flop
Seat 4: 50b35f86 showed [6h 9s] and lost with a pair of Nines
Seat 5: 36a09985 (button) folded before Flop
Seat 6: 7b823c0e (small blind) showed [9d Ac] and lost with a pair of Nines
Seat 7: 4b5e559a (big blind) folded before Flop
Seat 8: 5c6c357b showed [Ad Kc] and won (39,425) with a pair of Kings


Poker Hand #TM5693543091: Tournament #269070353, Bounty Hunters Deepstack Turbo $8.88 Hold'em No Limit - Level8(250/500(75)) - 2026/03/11 15:18:42
Table '16' 8-max Seat #4 is the button
Seat 1: 1f96a584 (17,215 in chips)
Seat 2: Hero (38,802 in chips)
Seat 3: 6f5c84b (22,841 in chips)
Seat 4: 50b35f86 (23,697 in chips)
Seat 5: 36a09985 (31,163 in chips)
Seat 6: 7b823c0e (17,922 in chips)
Seat 7: 4b5e559a (24,405 in chips)
Seat 8: 5c6c357b (18,120 in chips)
4b5e559a: posts the ante 75
50b35f86: posts the ante 75
Hero: posts the ante 75
6f5c84b: posts the ante 75
1f96a584: posts the ante 75
7b823c0e: posts the ante 75
5c6c357b: posts the ante 75
36a09985: posts the ante 75
36a09985: posts small blind 250
7b823c0e: posts big blind 500
*** HOLE CARDS ***
Dealt to 1f96a584 
Dealt to Hero [5c 4s]
Dealt to 6f5c84b 
Dealt to 50b35f86 
Dealt to 36a09985 
Dealt to 7b823c0e 
Dealt to 4b5e559a 
Dealt to 5c6c357b 
4b5e559a: folds
5c6c357b: folds
1f96a584: folds
Hero: folds
6f5c84b: raises 500 to 1,000
50b35f86: raises 22,622 to 23,622 and is all-in
36a09985: folds
7b823c0e: folds
6f5c84b: calls 21,766 and is all-in
Uncalled bet (856) returned to 50b35f86
50b35f86: shows [Jh Ah]
6f5c84b: shows [Ad Ac]
*** FLOP *** [7c 8d 3h]
*** TURN *** [7c 8d 3h] [Qd]
*** RIVER *** [7c 8d 3h Qd] [Jd]
*** SHOWDOWN ***
6f5c84b collected 46,882 from pot
*** SUMMARY ***
Total pot 46,882 | Rake 0 | Jackpot 0 | Bingo 0 | Fortune 0 | Tax 0
Board [7c 8d 3h Qd Jd]
Seat 1: 1f96a584 folded before Flop
Seat 2: Hero folded before Flop
Seat 3: 6f5c84b showed [Ad Ac] and won (46,882) with a pair of Aces
Seat 4: 50b35f86 (button) showed [Jh Ah] and lost with a pair of Jacks
Seat 5: 36a09985 (small blind) folded before Flop
Seat 6: 7b823c0e (big blind) folded before Flop
Seat 7: 4b5e559a folded before Flop
Seat 8: 5c6c357b folded before Flop


Poker Hand #TM5693543081: Tournament #269070353, Bounty Hunters Deepstack Turbo $8.88 Hold'em No Limit - Level7(200/400(60)) - 2026/03/11 15:17:44
Table '16' 8-max Seat #3 is the button
Seat 1: 1f96a584 (17,275 in chips)
Seat 2: Hero (38,862 in chips)
Seat 3: 6f5c84b (26,141 in chips)
Seat 4: 50b35f86 (24,957 in chips)
Seat 5: 36a09985 (26,303 in chips)
Seat 6: 7b823c0e (17,982 in chips)
Seat 7: 4b5e559a (24,465 in chips)
Seat 8: 5c6c357b (18,180 in chips)
4b5e559a: posts the ante 60
50b35f86: posts the ante 60
Hero: posts the ante 60
6f5c84b: posts the ante 60
1f96a584: posts the ante 60
7b823c0e: posts the ante 60
5c6c357b: posts the ante 60
36a09985: posts the ante 60
50b35f86: posts small blind 200
36a09985: posts big blind 400
*** HOLE CARDS ***
Dealt to 1f96a584 
Dealt to Hero [2s 5s]
Dealt to 6f5c84b 
Dealt to 50b35f86 
Dealt to 36a09985 
Dealt to 7b823c0e 
Dealt to 4b5e559a 
Dealt to 5c6c357b 
7b823c0e: folds
4b5e559a: folds
5c6c357b: folds
1f96a584: folds
Hero: folds
6f5c84b: raises 800 to 1,200
50b35f86: calls 1,000
36a09985: calls 800
*** FLOP *** [Kh 8h 4c]
50b35f86: checks
36a09985: checks
6f5c84b: bets 2,040
50b35f86: folds
36a09985: calls 2,040
*** TURN *** [Kh 8h 4c] [Qc]
36a09985: checks
6f5c84b: checks
*** RIVER *** [Kh 8h 4c Qc] [2c]
36a09985: bets 6,936
6f5c84b: folds
Uncalled bet (6,936) returned to 36a09985
*** SHOWDOWN ***
36a09985 collected 8,160 from pot
*** SUMMARY ***
Total pot 8,160 | Rake 0 | Jackpot 0 | Bingo 0 | Fortune 0 | Tax 0
Board [Kh 8h 4c Qc 2c]
Seat 1: 1f96a584 folded before Flop
Seat 2: Hero folded before Flop
Seat 3: 6f5c84b (button) folded on the River
Seat 4: 50b35f86 (small blind) folded on the Flop
Seat 5: 36a09985 (big blind) won (8,160)
Seat 6: 7b823c0e folded before Flop
Seat 7: 4b5e559a folded before Flop
Seat 8: 5c6c357b folded before Flop


Poker Hand #TM5693543073: Tournament #269070353, Bounty Hunters Deepstack Turbo $8.88 Hold'em No Limit - Level7(200/400(60)) - 2026/03/11 15:17:05
Table '16' 8-max Seat #2 is the button
Seat 1: 1f96a584 (17,335 in chips)
Seat 2: Hero (38,922 in chips)
Seat 3: 6f5c84b (27,411 in chips)
Seat 4: 50b35f86 (22,987 in chips)
Seat 6: 7b823c0e (18,042 in chips)
Seat 7: 4b5e559a (24,525 in chips)
Seat 8: 5c6c357b (18,640 in chips)
4b5e559a: posts the ante 60
50b35f86: posts the ante 60
Hero: posts the ante 60
1f96a584: posts the ante 60
7b823c0e: posts the ante 60
6f5c84b: posts the ante 60
5c6c357b: posts the ante 60
6f5c84b: posts small blind 200
50b35f86: posts big blind 400
*** HOLE CARDS ***
Dealt to 1f96a584 
Dealt to Hero [6h 5d]
Dealt to 6f5c84b 
Dealt to 50b35f86 
Dealt to 7b823c0e 
Dealt to 4b5e559a 
Dealt to 5c6c357b 
7b823c0e: folds
4b5e559a: folds
5c6c357b: calls 400
1f96a584: folds
Hero: folds
6f5c84b: calls 200
50b35f86: checks
*** FLOP *** [Kd Ac 9c]
6f5c84b: bets 810
50b35f86: raises 21,717 to 22,527 and is all-in
5c6c357b: folds
6f5c84b: folds
Uncalled bet (21,717) returned to 50b35f86
*** SHOWDOWN ***
50b35f86 collected 3,240 from pot
*** SUMMARY ***
Total pot 3,240 | Rake 0 | Jackpot 0 | Bingo 0 | Fortune 0 | Tax 0
Board [Kd Ac 9c]
Seat 1: 1f96a584 folded before Flop
Seat 2: Hero (button) folded before Flop
Seat 3: 6f5c84b (small blind) folded on the Flop
Seat 4: 50b35f86 (big blind) won (3,240)
Seat 6: 7b823c0e folded before Flop
Seat 7: 4b5e559a folded before Flop
Seat 8: 5c6c357b folded on the Flop


Poker Hand #TM5693543067: Tournament #269070353, Bounty Hunters Deepstack Turbo $8.88 Hold'em No Limit - Level7(200/400(60)) - 2026/03/11 15:16:21
Table '16' 8-max Seat #1 is the button
Seat 1: 1f96a584 (17,395 in chips)
Seat 2: Hero (39,182 in chips)
Seat 3: 6f5c84b (25,991 in chips)
Seat 4: 50b35f86 (23,047 in chips)
Seat 5: e81540be (20,243 in chips)
Seat 6: 7b823c0e (18,902 in chips)
Seat 7: 4b5e559a (24,585 in chips)
Seat 8: 5c6c357b (18,700 in chips)
4b5e559a: posts the ante 60
50b35f86: posts the ante 60
Hero: posts the ante 60
1f96a584: posts the ante 60
7b823c0e: posts the ante 60
6f5c84b: posts the ante 60
e81540be: posts the ante 60
5c6c357b: posts the ante 60
Hero: posts small blind 200
6f5c84b: posts big blind 400
*** HOLE CARDS ***
Dealt to 1f96a584 
Dealt to Hero [Ah 5d]
Dealt to 6f5c84b 
Dealt to 50b35f86 
Dealt to e81540be 
Dealt to 7b823c0e 
Dealt to 4b5e559a 
Dealt to 5c6c357b 
50b35f86: folds
e81540be: folds
7b823c0e: raises 400 to 800
4b5e559a: folds
5c6c357b: folds
1f96a584: folds
Hero: folds
6f5c84b: calls 400
*** FLOP *** [7c 9c 6s]
6f5c84b: checks
7b823c0e: checks
*** TURN *** [7c 9c 6s] [4c]
6f5c84b: bets 753
7b823c0e: folds
Uncalled bet (753) returned to 6f5c84b
*** SHOWDOWN ***
6f5c84b collected 2,280 from pot
*** SUMMARY ***
Total pot 2,280 | Rake 0 | Jackpot 0 | Bingo 0 | Fortune 0 | Tax 0
Board [7c 9c 6s 4c]
Seat 1: 1f96a584 (button) folded before Flop
Seat 2: Hero (small blind) folded before Flop
Seat 3: 6f5c84b (big blind) won (2,280)
Seat 4: 50b35f86 folded before Flop
Seat 5: e81540be folded before Flop
Seat 6: 7b823c0e folded on the Turn
Seat 7: 4b5e559a folded before Flop
Seat 8: 5c6c357b folded before Flop


Poker Hand #TM5693543061: Tournament #269070353, Bounty Hunters Deepstack Turbo $8.88 Hold'em No Limit - Level7(200/400(60)) - 2026/03/11 15:15:57
Table '16' 8-max Seat #8 is the button
Seat 1: 1f96a584 (17,655 in chips)
Seat 2: Hero (39,642 in chips)
Seat 3: 6f5c84b (26,051 in chips)
Seat 4: 50b35f86 (22,027 in chips)
Seat 5: e81540be (20,303 in chips)
Seat 6: 7b823c0e (18,962 in chips)
Seat 7: 4b5e559a (24,645 in chips)
Seat 8: 5c6c357b (18,760 in chips)
4b5e559a: posts the ante 60
50b35f86: posts the ante 60
Hero: posts the ante 60
7b823c0e: posts the ante 60
6f5c84b: posts the ante 60
1f96a584: posts the ante 60
e81540be: posts the ante 60
5c6c357b: posts the ante 60
1f96a584: posts small blind 200
Hero: posts big blind 400
*** HOLE CARDS ***
Dealt to 1f96a584 
Dealt to Hero [5d 8h]
Dealt to 6f5c84b 
Dealt to 50b35f86 
Dealt to e81540be 
Dealt to 7b823c0e 
Dealt to 4b5e559a 
Dealt to 5c6c357b 
6f5c84b: folds
50b35f86: raises 400 to 800
e81540be: folds
7b823c0e: folds
4b5e559a: folds
5c6c357b: folds
1f96a584: folds
Hero: folds
Uncalled bet (400) returned to 50b35f86
*** SHOWDOWN ***
50b35f86 collected 1,480 from pot
*** SUMMARY ***
Total pot 1,480 | Rake 0 | Jackpot 0 | Bingo 0 | Fortune 0 | Tax 0
Seat 1: 1f96a584 (small blind) folded before Flop
Seat 2: Hero (big blind) folded before Flop
Seat 3: 6f5c84b folded before Flop
Seat 4: 50b35f86 collected (1,480)
Seat 5: e81540be folded before Flop
Seat 6: 7b823c0e folded before Flop
Seat 7: 4b5e559a folded before Flop
Seat 8: 5c6c357b (button) folded before Flop


Poker Hand #TM5693543055: Tournament #269070353, Bounty Hunters Deepstack Turbo $8.88 Hold'em No Limit - Level7(200/400(60)) - 2026/03/11 15:15:14
Table '16' 8-max Seat #7 is the button
Seat 1: 1f96a584 (18,115 in chips)
Seat 2: Hero (39,702 in chips)
Seat 3: 6f5c84b (22,891 in chips)
Seat 4: 50b35f86 (22,087 in chips)
Seat 5: e81540be (22,503 in chips)
Seat 6: 7b823c0e (19,022 in chips)
Seat 7: 4b5e559a (24,705 in chips)
Seat 8: 5c6c357b (19,020 in chips)
4b5e559a: posts the ante 60
50b35f86: posts the ante 60
Hero: posts the ante 60
7b823c0e: posts the ante 60
6f5c84b: posts the ante 60
1f96a584: posts the ante 60
e81540be: posts the ante 60
5c6c357b: posts the ante 60
5c6c357b: posts small blind 200
1f96a584: posts big blind 400
*** HOLE CARDS ***
Dealt to 1f96a584 
Dealt to Hero [3d 8h]
Dealt to 6f5c84b 
Dealt to 50b35f86 
Dealt to e81540be 
Dealt to 7b823c0e 
Dealt to 4b5e559a 
Dealt to 5c6c357b 
Hero: folds
6f5c84b: raises 400 to 800
50b35f86: folds
e81540be: calls 800
7b823c0e: folds
4b5e559a: folds
5c6c357b: folds
1f96a584: folds
*** FLOP *** [Ah 4h 5c]
6f5c84b: bets 1,340
e81540be: calls 1,340
*** TURN *** [Ah 4h 5c] [Qh]
6f5c84b: bets 2,680
e81540be: folds
Uncalled bet (2,680) returned to 6f5c84b
*** SHOWDOWN ***
6f5c84b collected 5,360 from pot
*** SUMMARY ***
Total pot 5,360 | Rake 0 | Jackpot 0 | Bingo 0 | Fortune 0 | Tax 0
Board [Ah 4h 5c Qh]
Seat 1: 1f96a584 (big blind) folded before Flop
Seat 2: Hero folded before Flop
Seat 3: 6f5c84b won (5,360)
Seat 4: 50b35f86 folded before Flop
Seat 5: e81540be folded on the Turn
Seat 6: 7b823c0e folded before Flop
Seat 7: 4b5e559a (button) folded before Flop
Seat 8: 5c6c357b (small blind) folded before Flop


Poker Hand #TM5693543042: Tournament #269070353, Bounty Hunters Deepstack Turbo $8.88 Hold'em No Limit - Level7(200/400(60)) - 2026/03/11 15:14:10
Table '16' 8-max Seat #6 is the button
Seat 1: 1f96a584 (18,175 in chips)
Seat 2: Hero (39,762 in chips)
Seat 3: 6f5c84b (22,951 in chips)
Seat 4: 50b35f86 (22,147 in chips)
Seat 5: e81540be (23,363 in chips)
Seat 6: 7b823c0e (19,082 in chips)
Seat 7: 4b5e559a (22,685 in chips)
Seat 8: 5c6c357b (19,880 in chips)
4b5e559a: posts the ante 60
50b35f86: posts the ante 60
Hero: posts the ante 60
7b823c0e: posts the ante 60
6f5c84b: posts the ante 60
1f96a584: posts the ante 60
e81540be: posts the ante 60
5c6c357b: posts the ante 60
4b5e559a: posts small blind 200
5c6c357b: posts big blind 400
*** HOLE CARDS ***
Dealt to 1f96a584 
Dealt to Hero [Kd 9c]
Dealt to 6f5c84b 
Dealt to 50b35f86 
Dealt to e81540be 
Dealt to 7b823c0e 
Dealt to 4b5e559a 
Dealt to 5c6c357b 
1f96a584: folds
Hero: folds
6f5c84b: folds
50b35f86: folds
e81540be: raises 400 to 800
7b823c0e: folds
4b5e559a: calls 600
5c6c357b: calls 400
*** FLOP *** [6h As Jh]
4b5e559a: checks
5c6c357b: checks
e81540be: checks
*** TURN *** [6h As Jh] [3s]
4b5e559a: bets 720
5c6c357b: folds
e81540be: folds
Uncalled bet (720) returned to 4b5e559a
*** SHOWDOWN ***
4b5e559a collected 2,880 from pot
*** SUMMARY ***
Total pot 2,880 | Rake 0 | Jackpot 0 | Bingo 0 | Fortune 0 | Tax 0
Board [6h As Jh 3s]
Seat 1: 1f96a584 folded before Flop
Seat 2: Hero folded before Flop
Seat 3: 6f5c84b folded before Flop
Seat 4: 50b35f86 folded before Flop
Seat 5: e81540be folded on the Turn
Seat 6: 7b823c0e (button) folded before Flop
Seat 7: 4b5e559a (small blind) won (2,880)
Seat 8: 5c6c357b (big blind) folded on the Turn


Poker Hand #TM5693543037: Tournament #269070353, Bounty Hunters Deepstack Turbo $8.88 Hold'em No Limit - Level7(200/400(60)) - 2026/03/11 15:13:35
Table '16' 8-max Seat #5 is the button
Seat 1: 1f96a584 (18,235 in chips)
Seat 2: Hero (38,742 in chips)
Seat 3: 6f5c84b (23,011 in chips)
Seat 4: 50b35f86 (22,207 in chips)
Seat 5: e81540be (23,423 in chips)
Seat 6: 7b823c0e (19,342 in chips)
Seat 7: 4b5e559a (23,145 in chips)
Seat 8: 5c6c357b (19,940 in chips)
4b5e559a: posts the ante 60
50b35f86: posts the ante 60
Hero: posts the ante 60
6f5c84b: posts the ante 60
1f96a584: posts the ante 60
7b823c0e: posts the ante 60
e81540be: posts the ante 60
5c6c357b: posts the ante 60
7b823c0e: posts small blind 200
4b5e559a: posts big blind 400
*** HOLE CARDS ***
Dealt to 1f96a584 
Dealt to Hero [Kh Qd]
Dealt to 6f5c84b 
Dealt to 50b35f86 
Dealt to e81540be 
Dealt to 7b823c0e 
Dealt to 4b5e559a 
Dealt to 5c6c357b 
5c6c357b: folds
1f96a584: folds
Hero: raises 400 to 800
6f5c84b: folds
50b35f86: folds
e81540be: folds
7b823c0e: folds
4b5e559a: folds
Uncalled bet (400) returned to Hero
*** SHOWDOWN ***
Hero collected 1,480 from pot
*** SUMMARY ***
Total pot 1,480 | Rake 0 | Jackpot 0 | Bingo 0 | Fortune 0 | Tax 0
Seat 1: 1f96a584 folded before Flop
Seat 2: Hero collected (1,480)
Seat 3: 6f5c84b folded before Flop
Seat 4: 50b35f86 folded before Flop
Seat 5: e81540be (button) folded before Flop
Seat 6: 7b823c0e (small blind) folded before Flop
Seat 7: 4b5e559a (big blind) folded before Flop
Seat 8: 5c6c357b folded before Flop


Poker Hand #TM5693543029: Tournament #269070353, Bounty Hunters Deepstack Turbo $8.88 Hold'em No Limit - Level7(200/400(60)) - 2026/03/11 15:12:50
Table '16' 8-max Seat #4 is the button
Seat 1: 1f96a584 (18,295 in chips)
Seat 2: Hero (38,802 in chips)
Seat 3: 6f5c84b (23,071 in chips)
Seat 4: 50b35f86 (24,545 in chips)
Seat 5: e81540be (20,325 in chips)
Seat 6: 7b823c0e (19,802 in chips)
Seat 7: 4b5e559a (23,205 in chips)
Seat 8: 5c6c357b (20,000 in chips)
4b5e559a: posts the ante 60
50b35f86: posts the ante 60
Hero: posts the ante 60
6f5c84b: posts the ante 60
1f96a584: posts the ante 60
7b823c0e: posts the ante 60
e81540be: posts the ante 60
5c6c357b: posts the ante 60
e81540be: posts small blind 200
7b823c0e: posts big blind 400
*** HOLE CARDS ***
Dealt to 1f96a584 
Dealt to Hero [Kc 2d]
Dealt to 6f5c84b 
Dealt to 50b35f86 
Dealt to e81540be 
Dealt to 7b823c0e 
Dealt to 4b5e559a 
Dealt to 5c6c357b 
4b5e559a: folds
5c6c357b: folds
1f96a584: folds
Hero: folds
6f5c84b: folds
50b35f86: raises 519 to 919
e81540be: calls 719
7b823c0e: folds
*** FLOP *** [Jc 6h 8d]
e81540be: checks
50b35f86: bets 1,359
e81540be: calls 1,359
*** TURN *** [Jc 6h 8d] [6c]
e81540be: bets 2,718
50b35f86: folds
Uncalled bet (2,718) returned to e81540be
*** SHOWDOWN ***
e81540be collected 5,436 from pot
*** SUMMARY ***
Total pot 5,436 | Rake 0 | Jackpot 0 | Bingo 0 | Fortune 0 | Tax 0
Board [Jc 6h 8d 6c]
Seat 1: 1f96a584 folded before Flop
Seat 2: Hero folded before Flop
Seat 3: 6f5c84b folded before Flop
Seat 4: 50b35f86 (button) folded on the Turn
Seat 5: e81540be (small blind) won (5,436)
Seat 6: 7b823c0e (big blind) folded before Flop
Seat 7: 4b5e559a folded before Flop
Seat 8: 5c6c357b folded before Flop


Poker Hand #TM5693543022: Tournament #269070353, Bounty Hunters Deepstack Turbo $8.88 Hold'em No Limit - Level7(200/400(60)) - 2026/03/11 15:12:09
Table '16' 8-max Seat #3 is the button
Seat 1: 1f96a584 (18,355 in chips)
Seat 2: Hero (39,662 in chips)
Seat 3: 6f5c84b (23,131 in chips)
Seat 4: 50b35f86 (22,125 in chips)
Seat 5: e81540be (20,785 in chips)
Seat 6: 7b823c0e (19,862 in chips)
Seat 7: 4b5e559a (24,065 in chips)
Seat 8: 8f13b80d (30,151 in chips)
4b5e559a: posts the ante 60
8f13b80d: posts the ante 60
50b35f86: posts the ante 60
Hero: posts the ante 60
6f5c84b: posts the ante 60
1f96a584: posts the ante 60
7b823c0e: posts the ante 60
e81540be: posts the ante 60
50b35f86: posts small blind 200
e81540be: posts big blind 400
*** HOLE CARDS ***
Dealt to 1f96a584 
Dealt to Hero [8d 6d]
Dealt to 6f5c84b 
Dealt to 50b35f86 
Dealt to e81540be 
Dealt to 7b823c0e 
Dealt to 4b5e559a 
Dealt to 8f13b80d 
7b823c0e: folds
4b5e559a: raises 400 to 800
8f13b80d: folds
1f96a584: folds
Hero: calls 800
6f5c84b: folds
50b35f86: raises 21,265 to 22,065 and is all-in
e81540be: folds
4b5e559a: folds
Hero: folds
Uncalled bet (21,265) returned to 50b35f86
*** SHOWDOWN ***
50b35f86 collected 3,280 from pot
*** SUMMARY ***
Total pot 3,280 | Rake 0 | Jackpot 0 | Bingo 0 | Fortune 0 | Tax 0
Seat 1: 1f96a584 folded before Flop
Seat 2: Hero folded before Flop
Seat 3: 6f5c84b (button) folded before Flop
Seat 4: 50b35f86 (small blind) collected (3,280)
Seat 5: e81540be (big blind) folded before Flop
Seat 6: 7b823c0e folded before Flop
Seat 7: 4b5e559a folded before Flop
Seat 8: 8f13b80d folded before Flop


Poker Hand #TM5693543013: Tournament #269070353, Bounty Hunters Deepstack Turbo $8.88 Hold'em No Limit - Level7(200/400(60)) - 2026/03/11 15:11:31
Table '16' 8-max Seat #2 is the button
Seat 1: 1f96a584 (18,415 in chips)
Seat 2: Hero (39,722 in chips)
Seat 3: 6f5c84b (23,591 in chips)
Seat 4: 50b35f86 (21,305 in chips)
Seat 5: e81540be (20,845 in chips)
Seat 6: 7b823c0e (19,922 in chips)
Seat 7: 4b5e559a (24,125 in chips)
Seat 8: 8f13b80d (30,211 in chips)
4b5e559a: posts the ante 60
8f13b80d: posts the ante 60
50b35f86: posts the ante 60
Hero: posts the ante 60
1f96a584: posts the ante 60
7b823c0e: posts the ante 60
6f5c84b: posts the ante 60
e81540be: posts the ante 60
6f5c84b: posts small blind 200
50b35f86: posts big blind 400
*** HOLE CARDS ***
Dealt to 1f96a584 
Dealt to Hero [4s 7c]
Dealt to 6f5c84b 
Dealt to 50b35f86 
Dealt to e81540be 
Dealt to 7b823c0e 
Dealt to 4b5e559a 
Dealt to 8f13b80d 
e81540be: folds
7b823c0e: folds
4b5e559a: folds
8f13b80d: folds
1f96a584: folds
Hero: folds
6f5c84b: calls 200
50b35f86: checks
*** FLOP *** [5d 2s 8d]
6f5c84b: checks
50b35f86: bets 960
6f5c84b: folds
Uncalled bet (960) returned to 50b35f86
*** SHOWDOWN ***
50b35f86 collected 1,280 from pot
*** SUMMARY ***
Total pot 1,280 | Rake 0 | Jackpot 0 | Bingo 0 | Fortune 0 | Tax 0
Board [5d 2s 8d]
Seat 1: 1f96a584 folded before Flop
Seat 2: Hero (button) folded before Flop
Seat 3: 6f5c84b (small blind) folded on the Flop
Seat 4: 50b35f86 (big blind) won (1,280)
Seat 5: e81540be folded before Flop
Seat 6: 7b823c0e folded before Flop
Seat 7: 4b5e559a folded before Flop
Seat 8: 8f13b80d folded before Flop


Poker Hand #TM5693543008: Tournament #269070353, Bounty Hunters Deepstack Turbo $8.88 Hold'em No Limit - Level7(200/400(60)) - 2026/03/11 15:10:58
Table '16' 8-max Seat #1 is the button
Seat 1: 1f96a584 (18,475 in chips)
Seat 2: Hero (37,815 in chips)
Seat 3: 6f5c84b (25,138 in chips)
Seat 4: 50b35f86 (21,365 in chips)
Seat 5: e81540be (20,905 in chips)
Seat 6: 7b823c0e (19,982 in chips)
Seat 7: 4b5e559a (24,185 in chips)
Seat 8: 8f13b80d (30,271 in chips)
4b5e559a: posts the ante 60
8f13b80d: posts the ante 60
50b35f86: posts the ante 60
Hero: posts the ante 60
1f96a584: posts the ante 60
7b823c0e: posts the ante 60
6f5c84b: posts the ante 60
e81540be: posts the ante 60
Hero: posts small blind 200
6f5c84b: posts big blind 400
*** HOLE CARDS ***
Dealt to 1f96a584 
Dealt to Hero [Th Jc]
Dealt to 6f5c84b 
Dealt to 50b35f86 
Dealt to e81540be 
Dealt to 7b823c0e 
Dealt to 4b5e559a 
Dealt to 8f13b80d 
50b35f86: folds
e81540be: folds
7b823c0e: folds
4b5e559a: folds
8f13b80d: folds
1f96a584: folds
Hero: raises 400 to 800
6f5c84b: calls 400
*** FLOP *** [2h Qh Ad]
Hero: bets 687
6f5c84b: calls 687
*** TURN *** [2h Qh Ad] [Tc]
Hero: bets 1,727
6f5c84b: folds
Uncalled bet (1,727) returned to Hero
*** SHOWDOWN ***
Hero collected 3,454 from pot
*** SUMMARY ***
Total pot 3,454 | Rake 0 | Jackpot 0 | Bingo 0 | Fortune 0 | Tax 0
Board [2h Qh Ad Tc]
Seat 1: 1f96a584 (button) folded before Flop
Seat 2: Hero (small blind) won (3,454)
Seat 3: 6f5c84b (big blind) folded on the Turn
Seat 4: 50b35f86 folded before Flop
Seat 5: e81540be folded before Flop
Seat 6: 7b823c0e folded before Flop
Seat 7: 4b5e559a folded before Flop
Seat 8: 8f13b80d folded before Flop


Poker Hand #TM5693543004: Tournament #269070353, Bounty Hunters Deepstack Turbo $8.88 Hold'em No Limit - Level6(150/300(45)) - 2026/03/11 15:10:15
Table '16' 8-max Seat #8 is the button
Seat 1: 1f96a584 (18,670 in chips)
Seat 2: Hero (38,160 in chips)
Seat 3: 6f5c84b (25,783 in chips)
Seat 4: 50b35f86 (20,000 in chips)
Seat 5: e81540be (20,950 in chips)
Seat 6: 7b823c0e (20,027 in chips)
Seat 7: 4b5e559a (24,230 in chips)
Seat 8: 8f13b80d (30,316 in chips)
4b5e559a: posts the ante 45
8f13b80d: posts the ante 45
50b35f86: posts the ante 45
Hero: posts the ante 45
7b823c0e: posts the ante 45
6f5c84b: posts the ante 45
1f96a584: posts the ante 45
e81540be: posts the ante 45
1f96a584: posts small blind 150
Hero: posts big blind 300
*** HOLE CARDS ***
Dealt to 1f96a584 
Dealt to Hero [7s Qc]
Dealt to 6f5c84b 
Dealt to 50b35f86 
Dealt to e81540be 
Dealt to 7b823c0e 
Dealt to 4b5e559a 
Dealt to 8f13b80d 
6f5c84b: raises 300 to 600
50b35f86: raises 2,010 to 2,610
e81540be: folds
7b823c0e: folds
4b5e559a: folds
8f13b80d: folds
1f96a584: folds
Hero: folds
6f5c84b: folds
Uncalled bet (2,010) returned to 50b35f86
*** SHOWDOWN ***
50b35f86 collected 2,010 from pot
*** SUMMARY ***
Total pot 2,010 | Rake 0 | Jackpot 0 | Bingo 0 | Fortune 0 | Tax 0
Seat 1: 1f96a584 (small blind) folded before Flop
Seat 2: Hero (big blind) folded before Flop
Seat 3: 6f5c84b folded before Flop
Seat 4: 50b35f86 collected (2,010)
Seat 5: e81540be folded before Flop
Seat 6: 7b823c0e folded before Flop
Seat 7: 4b5e559a folded before Flop
Seat 8: 8f13b80d (button) folded before Flop


Poker Hand #TM5693542999: Tournament #269070353, Bounty Hunters Deepstack Turbo $8.88 Hold'em No Limit - Level6(150/300(45)) - 2026/03/11 15:09:55
Table '16' 8-max Seat #7 is the button
Seat 1: 1f96a584 (19,015 in chips)
Seat 2: Hero (38,205 in chips)
Seat 3: 6f5c84b (25,828 in chips)
Seat 5: e81540be (20,995 in chips)
Seat 6: 7b823c0e (20,072 in chips)
Seat 7: 4b5e559a (24,275 in chips)
Seat 8: 8f13b80d (29,746 in chips)
4b5e559a: posts the ante 45
8f13b80d: posts the ante 45
Hero: posts the ante 45
7b823c0e: posts the ante 45
6f5c84b: posts the ante 45
1f96a584: posts the ante 45
e81540be: posts the ante 45
8f13b80d: posts small blind 150
1f96a584: posts big blind 300
*** HOLE CARDS ***
Dealt to 1f96a584 
Dealt to Hero [7s Qh]
Dealt to 6f5c84b 
Dealt to e81540be 
Dealt to 7b823c0e 
Dealt to 4b5e559a 
Dealt to 8f13b80d 
Hero: folds
6f5c84b: folds
e81540be: folds
7b823c0e: folds
4b5e559a: folds
8f13b80d: raises 300 to 600
1f96a584: folds
Uncalled bet (300) returned to 8f13b80d
*** SHOWDOWN ***
8f13b80d collected 915 from pot
*** SUMMARY ***
Total pot 915 | Rake 0 | Jackpot 0 | Bingo 0 | Fortune 0 | Tax 0
Seat 1: 1f96a584 (big blind) folded before Flop
Seat 2: Hero folded before Flop
Seat 3: 6f5c84b folded before Flop
Seat 5: e81540be folded before Flop
Seat 6: 7b823c0e folded before Flop
Seat 7: 4b5e559a (button) folded before Flop
Seat 8: 8f13b80d (small blind) collected (915)


Poker Hand #TM5693542990: Tournament #269070353, Bounty Hunters Deepstack Turbo $8.88 Hold'em No Limit - Level6(150/300(45)) - 2026/03/11 15:09:00
Table '16' 8-max Seat #6 is the button
Seat 1: 1f96a584 (19,060 in chips)
Seat 2: Hero (38,250 in chips)
Seat 3: 6f5c84b (25,873 in chips)
Seat 4: 19afbefd (3,325 in chips)
Seat 5: e81540be (21,040 in chips)
Seat 6: 7b823c0e (20,117 in chips)
Seat 7: 4b5e559a (24,470 in chips)
Seat 8: 8f13b80d (26,001 in chips)
4b5e559a: posts the ante 45
8f13b80d: posts the ante 45
19afbefd: posts the ante 45
Hero: posts the ante 45
7b823c0e: posts the ante 45
6f5c84b: posts the ante 45
1f96a584: posts the ante 45
e81540be: posts the ante 45
4b5e559a: posts small blind 150
8f13b80d: posts big blind 300
*** HOLE CARDS ***
Dealt to 1f96a584 
Dealt to Hero [Kc 3d]
Dealt to 6f5c84b 
Dealt to 19afbefd 
Dealt to e81540be 
Dealt to 7b823c0e 
Dealt to 4b5e559a 
Dealt to 8f13b80d 
1f96a584: folds
Hero: folds
6f5c84b: folds
19afbefd: raises 2,980 to 3,280 and is all-in
e81540be: folds
7b823c0e: folds
4b5e559a: folds
8f13b80d: calls 2,980
19afbefd: shows [Qc 5c]
8f13b80d: shows [6d Ad]
*** FLOP *** [Jd 2h 3s]
*** TURN *** [Jd 2h 3s] [Kd]
*** RIVER *** [Jd 2h 3s Kd] [9s]
*** SHOWDOWN ***
8f13b80d collected 7,070 from pot
*** SUMMARY ***
Total pot 7,070 | Rake 0 | Jackpot 0 | Bingo 0 | Fortune 0 | Tax 0
Board [Jd 2h 3s Kd 9s]
Seat 1: 1f96a584 folded before Flop
Seat 2: Hero folded before Flop
Seat 3: 6f5c84b folded before Flop
Seat 4: 19afbefd showed [Qc 5c] and lost with King high
Seat 5: e81540be folded before Flop
Seat 6: 7b823c0e (button) folded before Flop
Seat 7: 4b5e559a (small blind) folded before Flop
Seat 8: 8f13b80d (big blind) showed [6d Ad] and won (7,070) with Ace high


Poker Hand #TM5693542983: Tournament #269070353, Bounty Hunters Deepstack Turbo $8.88 Hold'em No Limit - Level6(150/300(45)) - 2026/03/11 15:07:24
Table '16' 8-max Seat #5 is the button
Seat 1: 1f96a584 (19,105 in chips)
Seat 2: Hero (38,295 in chips)
Seat 3: 6f5c84b (25,918 in chips)
Seat 4: 19afbefd (6,370 in chips)
Seat 5: e81540be (21,085 in chips)
Seat 6: 7b823c0e (20,312 in chips)
Seat 7: 4b5e559a (21,005 in chips)
Seat 8: 8f13b80d (26,046 in chips)
4b5e559a: posts the ante 45
8f13b80d: posts the ante 45
19afbefd: posts the ante 45
Hero: posts the ante 45
6f5c84b: posts the ante 45
1f96a584: posts the ante 45
7b823c0e: posts the ante 45
e81540be: posts the ante 45
7b823c0e: posts small blind 150
4b5e559a: posts big blind 300
*** HOLE CARDS ***
Dealt to 1f96a584 
Dealt to Hero [4h 6c]
Dealt to 6f5c84b 
Dealt to 19afbefd 
Dealt to e81540be 
Dealt to 7b823c0e 
Dealt to 4b5e559a 
Dealt to 8f13b80d 
8f13b80d: folds
1f96a584: folds
Hero: folds
6f5c84b: folds
19afbefd: raises 450 to 750
e81540be: folds
7b823c0e: folds
4b5e559a: calls 450
*** FLOP *** [Jd Th Js]
4b5e559a: checks
19afbefd: bets 750
4b5e559a: calls 750
*** TURN *** [Jd Th Js] [Qd]
4b5e559a: checks
19afbefd: bets 1,500
4b5e559a: calls 1,500
*** RIVER *** [Jd Th Js Qd] [As]
4b5e559a: checks
19afbefd: checks
4b5e559a: shows [Qh Qs] (a full house, Queens full of Jacks)
19afbefd: shows [8c 7c] (a pair of Jacks)
*** SHOWDOWN ***
4b5e559a collected 6,510 from pot
*** SUMMARY ***
Total pot 6,510 | Rake 0 | Jackpot 0 | Bingo 0 | Fortune 0 | Tax 0
Board [Jd Th Js Qd As]
Seat 1: 1f96a584 folded before Flop
Seat 2: Hero folded before Flop
Seat 3: 6f5c84b folded before Flop
Seat 4: 19afbefd showed [8c 7c] and lost with a pair of Jacks
Seat 5: e81540be (button) folded before Flop
Seat 6: 7b823c0e (small blind) folded before Flop
Seat 7: 4b5e559a (big blind) showed [Qh Qs] and won (6,510) with a full house, Queens full of Jacks
Seat 8: 8f13b80d folded before Flop


Poker Hand #TM5693542974: Tournament #269070353, Bounty Hunters Deepstack Turbo $8.88 Hold'em No Limit - Level6(150/300(45)) - 2026/03/11 15:06:46
Table '16' 8-max Seat #4 is the button
Seat 1: 1f96a584 (19,150 in chips)
Seat 2: Hero (38,340 in chips)
Seat 3: 6f5c84b (25,153 in chips)
Seat 4: 19afbefd (6,415 in chips)
Seat 5: e81540be (21,280 in chips)
Seat 6: 7b823c0e (20,657 in chips)
Seat 7: 4b5e559a (21,050 in chips)
Seat 8: 8f13b80d (26,091 in chips)
4b5e559a: posts the ante 45
8f13b80d: posts the ante 45
19afbefd: posts the ante 45
Hero: posts the ante 45
6f5c84b: posts the ante 45
1f96a584: posts the ante 45
7b823c0e: posts the ante 45
e81540be: posts the ante 45
e81540be: posts small blind 150
7b823c0e: posts big blind 300
*** HOLE CARDS ***
Dealt to 1f96a584 
Dealt to Hero [6d Qh]
Dealt to 6f5c84b 
Dealt to 19afbefd 
Dealt to e81540be 
Dealt to 7b823c0e 
Dealt to 4b5e559a 
Dealt to 8f13b80d 
4b5e559a: folds
8f13b80d: folds
1f96a584: folds
Hero: folds
6f5c84b: raises 300 to 600
19afbefd: folds
e81540be: folds
7b823c0e: folds
Uncalled bet (300) returned to 6f5c84b
*** SHOWDOWN ***
6f5c84b collected 1,110 from pot
*** SUMMARY ***
Total pot 1,110 | Rake 0 | Jackpot 0 | Bingo 0 | Fortune 0 | Tax 0
Seat 1: 1f96a584 folded before Flop
Seat 2: Hero folded before Flop
Seat 3: 6f5c84b collected (1,110)
Seat 4: 19afbefd (button) folded before Flop
Seat 5: e81540be (small blind) folded before Flop
Seat 6: 7b823c0e (big blind) folded before Flop
Seat 7: 4b5e559a folded before Flop
Seat 8: 8f13b80d folded before Flop


Poker Hand #TM5693542969: Tournament #269070353, Bounty Hunters Deepstack Turbo $8.88 Hold'em No Limit - Level6(150/300(45)) - 2026/03/11 15:06:03
Table '16' 8-max Seat #3 is the button
Seat 1: 1f96a584 (19,195 in chips)
Seat 2: Hero (38,385 in chips)
Seat 3: 6f5c84b (25,798 in chips)
Seat 4: 19afbefd (7,060 in chips)
Seat 5: e81540be (21,625 in chips)
Seat 6: 7b823c0e (20,702 in chips)
Seat 7: 4b5e559a (21,095 in chips)
Seat 8: 8f13b80d (24,276 in chips)
4b5e559a: posts the ante 45
8f13b80d: posts the ante 45
19afbefd: posts the ante 45
Hero: posts the ante 45
6f5c84b: posts the ante 45
1f96a584: posts the ante 45
7b823c0e: posts the ante 45
e81540be: posts the ante 45
19afbefd: posts small blind 150
e81540be: posts big blind 300
*** HOLE CARDS ***
Dealt to 1f96a584 
Dealt to Hero [4c As]
Dealt to 6f5c84b 
Dealt to 19afbefd 
Dealt to e81540be 
Dealt to 7b823c0e 
Dealt to 4b5e559a 
Dealt to 8f13b80d 
7b823c0e: folds
4b5e559a: folds
8f13b80d: raises 300 to 600
1f96a584: folds
Hero: folds
6f5c84b: calls 600
19afbefd: calls 450
e81540be: folds
*** FLOP *** [Kh 7s Kc]
19afbefd: checks
8f13b80d: bets 615
6f5c84b: folds
19afbefd: folds
Uncalled bet (615) returned to 8f13b80d
*** SHOWDOWN ***
8f13b80d collected 2,460 from pot
*** SUMMARY ***
Total pot 2,460 | Rake 0 | Jackpot 0 | Bingo 0 | Fortune 0 | Tax 0
Board [Kh 7s Kc]
Seat 1: 1f96a584 folded before Flop
Seat 2: Hero folded before Flop
Seat 3: 6f5c84b (button) folded on the Flop
Seat 4: 19afbefd (small blind) folded on the Flop
Seat 5: e81540be (big blind) folded before Flop
Seat 6: 7b823c0e folded before Flop
Seat 7: 4b5e559a folded before Flop
Seat 8: 8f13b80d won (2,460)


Poker Hand #TM5693542963: Tournament #269070353, Bounty Hunters Deepstack Turbo $8.88 Hold'em No Limit - Level6(150/300(45)) - 2026/03/11 15:05:10
Table '16' 8-max Seat #2 is the button
Seat 1: 1f96a584 (19,240 in chips)
Seat 2: Hero (39,030 in chips)
Seat 3: 6f5c84b (26,443 in chips)
Seat 4: 19afbefd (5,545 in chips)
Seat 5: e81540be (21,670 in chips)
Seat 6: 7b823c0e (20,747 in chips)
Seat 7: 4b5e559a (21,140 in chips)
Seat 8: 8f13b80d (24,321 in chips)
4b5e559a: posts the ante 45
8f13b80d: posts the ante 45
19afbefd: posts the ante 45
Hero: posts the ante 45
1f96a584: posts the ante 45
7b823c0e: posts the ante 45
6f5c84b: posts the ante 45
e81540be: posts the ante 45
6f5c84b: posts small blind 150
19afbefd: posts big blind 300
*** HOLE CARDS ***
Dealt to 1f96a584 
Dealt to Hero [Ks Js]
Dealt to 6f5c84b 
Dealt to 19afbefd 
Dealt to e81540be 
Dealt to 7b823c0e 
Dealt to 4b5e559a 
Dealt to 8f13b80d 
e81540be: folds
7b823c0e: folds
4b5e559a: folds
8f13b80d: folds
1f96a584: folds
Hero: raises 300 to 600
6f5c84b: calls 450
19afbefd: calls 300
*** FLOP *** [8s 8d 7d]
6f5c84b: checks
19afbefd: checks
Hero: checks
*** TURN *** [8s 8d 7d] [6h]
6f5c84b: checks
19afbefd: bets 713
Hero: folds
6f5c84b: folds
Uncalled bet (713) returned to 19afbefd
*** SHOWDOWN ***
19afbefd collected 2,160 from pot
*** SUMMARY ***
Total pot 2,160 | Rake 0 | Jackpot 0 | Bingo 0 | Fortune 0 | Tax 0
Board [8s 8d 7d 6h]
Seat 1: 1f96a584 folded before Flop
Seat 2: Hero (button) folded on the Turn
Seat 3: 6f5c84b (small blind) folded on the Turn
Seat 4: 19afbefd (big blind) won (2,160)
Seat 5: e81540be folded before Flop
Seat 6: 7b823c0e folded before Flop
Seat 7: 4b5e559a folded before Flop
Seat 8: 8f13b80d folded before Flop


Poker Hand #TM5693542955: Tournament #269070353, Bounty Hunters Deepstack Turbo $8.88 Hold'em No Limit - Level6(150/300(45)) - 2026/03/11 15:04:26
Table '16' 8-max Seat #1 is the button
Seat 1: 1f96a584 (19,285 in chips)
Seat 2: Hero (19,380 in chips)
Seat 3: 6f5c84b (45,823 in chips)
Seat 4: 19afbefd (5,590 in chips)
Seat 5: e81540be (21,715 in chips)
Seat 6: 7b823c0e (20,792 in chips)
Seat 7: 4b5e559a (21,185 in chips)
Seat 8: 8f13b80d (24,366 in chips)
4b5e559a: posts the ante 45
8f13b80d: posts the ante 45
19afbefd: posts the ante 45
Hero: posts the ante 45
1f96a584: posts the ante 45
7b823c0e: posts the ante 45
6f5c84b: posts the ante 45
e81540be: posts the ante 45
Hero: posts small blind 150
6f5c84b: posts big blind 300
*** HOLE CARDS ***
Dealt to 1f96a584 
Dealt to Hero [Qd 9c]
Dealt to 6f5c84b 
Dealt to 19afbefd 
Dealt to e81540be 
Dealt to 7b823c0e 
Dealt to 4b5e559a 
Dealt to 8f13b80d 
19afbefd: folds
e81540be: folds
7b823c0e: folds
4b5e559a: folds
8f13b80d: folds
1f96a584: folds
Hero: raises 300 to 600
6f5c84b: calls 300
*** FLOP *** [2c Kh 6h]
Hero: bets 515
6f5c84b: calls 515
*** TURN *** [2c Kh 6h] [Js]
Hero: bets 1,295
6f5c84b: calls 1,295
*** RIVER *** [2c Kh 6h Js] [Td]
Hero: bets 16,925 and is all-in
6f5c84b: calls 16,925
Hero: shows [Qd 9c] (a straight, King to Nine)
6f5c84b: shows [6s Th] (two pair, Tens and Sixes)
*** SHOWDOWN ***
Hero collected 39,030 from pot
*** SUMMARY ***
Total pot 39,030 | Rake 0 | Jackpot 0 | Bingo 0 | Fortune 0 | Tax 0
Board [2c Kh 6h Js Td]
Seat 1: 1f96a584 (button) folded before Flop
Seat 2: Hero (small blind) showed [Qd 9c] and won (39,030) with a straight, King to Nine
Seat 3: 6f5c84b (big blind) showed [6s Th] and lost with two pair, Tens and Sixes
Seat 4: 19afbefd folded before Flop
Seat 5: e81540be folded before Flop
Seat 6: 7b823c0e folded before Flop
Seat 7: 4b5e559a folded before Flop
Seat 8: 8f13b80d folded before Flop


Poker Hand #TM5693542948: Tournament #269070353, Bounty Hunters Deepstack Turbo $8.88 Hold'em No Limit - Level6(150/300(45)) - 2026/03/11 15:03:16
Table '16' 8-max Seat #8 is the button
Seat 1: 1f96a584 (19,480 in chips)
Seat 2: Hero (9,480 in chips)
Seat 3: 6f5c84b (45,868 in chips)
Seat 4: 19afbefd (5,635 in chips)
Seat 5: e81540be (21,760 in chips)
Seat 6: 7b823c0e (20,837 in chips)
Seat 7: 4b5e559a (21,230 in chips)
Seat 8: 8f13b80d (33,846 in chips)
4b5e559a: posts the ante 45
8f13b80d: posts the ante 45
19afbefd: posts the ante 45
Hero: posts the ante 45
7b823c0e: posts the ante 45
6f5c84b: posts the ante 45
1f96a584: posts the ante 45
e81540be: posts the ante 45
1f96a584: posts small blind 150
Hero: posts big blind 300
*** HOLE CARDS ***
Dealt to 1f96a584 
Dealt to Hero [7c Kd]
Dealt to 6f5c84b 
Dealt to 19afbefd 
Dealt to e81540be 
Dealt to 7b823c0e 
Dealt to 4b5e559a 
Dealt to 8f13b80d 
6f5c84b: folds
19afbefd: folds
e81540be: folds
7b823c0e: folds
4b5e559a: folds
8f13b80d: raises 390 to 690
1f96a584: folds
Hero: calls 390
*** FLOP *** [Th 9d 8c]
Hero: checks
8f13b80d: bets 1,800
Hero: calls 1,800
*** TURN *** [Th 9d 8c] [Jc]
Hero: checks
8f13b80d: checks
*** RIVER *** [Th 9d 8c Jc] [Ad]
Hero: bets 6,945 and is all-in
8f13b80d: calls 6,945
Hero: shows [7c Kd] (a straight, Jack to Seven)
8f13b80d: shows [Ah Jh] (two pair, Aces and Jacks)
*** SHOWDOWN ***
Hero collected 19,380 from pot
*** SUMMARY ***
Total pot 19,380 | Rake 0 | Jackpot 0 | Bingo 0 | Fortune 0 | Tax 0
Board [Th 9d 8c Jc Ad]
Seat 1: 1f96a584 (small blind) folded before Flop
Seat 2: Hero (big blind) showed [7c Kd] and won (19,380) with a straight, Jack to Seven
Seat 3: 6f5c84b folded before Flop
Seat 4: 19afbefd folded before Flop
Seat 5: e81540be folded before Flop
Seat 6: 7b823c0e folded before Flop
Seat 7: 4b5e559a folded before Flop
Seat 8: 8f13b80d (button) showed [Ah Jh] and lost with two pair, Aces and Jacks


Poker Hand #TM5693542942: Tournament #269070353, Bounty Hunters Deepstack Turbo $8.88 Hold'em No Limit - Level6(150/300(45)) - 2026/03/11 15:02:18
Table '16' 8-max Seat #7 is the button
Seat 1: 1f96a584 (19,825 in chips)
Seat 2: Hero (9,525 in chips)
Seat 3: 6f5c84b (45,913 in chips)
Seat 4: 19afbefd (5,680 in chips)
Seat 5: e81540be (21,805 in chips)
Seat 6: 7b823c0e (22,982 in chips)
Seat 7: 4b5e559a (21,275 in chips)
Seat 8: 8f13b80d (31,131 in chips)
4b5e559a: posts the ante 45
8f13b80d: posts the ante 45
19afbefd: posts the ante 45
Hero: posts the ante 45
7b823c0e: posts the ante 45
6f5c84b: posts the ante 45
1f96a584: posts the ante 45
e81540be: posts the ante 45
8f13b80d: posts small blind 150
1f96a584: posts big blind 300
*** HOLE CARDS ***
Dealt to 1f96a584 
Dealt to Hero [3c 9s]
Dealt to 6f5c84b 
Dealt to 19afbefd 
Dealt to e81540be 
Dealt to 7b823c0e 
Dealt to 4b5e559a 
Dealt to 8f13b80d 
Hero: folds
6f5c84b: folds
19afbefd: folds
e81540be: folds
7b823c0e: raises 300 to 600
4b5e559a: folds
8f13b80d: raises 1,500 to 2,100
1f96a584: folds
7b823c0e: calls 1,500
*** FLOP *** [8s 5h 8d]
8f13b80d: bets 2,400
7b823c0e: folds
Uncalled bet (2,400) returned to 8f13b80d
*** SHOWDOWN ***
8f13b80d collected 4,860 from pot
*** SUMMARY ***
Total pot 4,860 | Rake 0 | Jackpot 0 | Bingo 0 | Fortune 0 | Tax 0
Board [8s 5h 8d]
Seat 1: 1f96a584 (big blind) folded before Flop
Seat 2: Hero folded before Flop
Seat 3: 6f5c84b folded before Flop
Seat 4: 19afbefd folded before Flop
Seat 5: e81540be folded before Flop
Seat 6: 7b823c0e folded on the Flop
Seat 7: 4b5e559a (button) folded before Flop
Seat 8: 8f13b80d (small blind) won (4,860)


Poker Hand #TM5693542928: Tournament #269070353, Bounty Hunters Deepstack Turbo $8.88 Hold'em No Limit - Level5(125/250(35)) - 2026/03/11 14:53:54
Table '16' 8-max Seat #6 is the button
Seat 1: 1f96a584 (19,860 in chips)
Seat 2: Hero (9,560 in chips)
Seat 3: 6f5c84b (45,948 in chips)
Seat 4: 19afbefd (5,715 in chips)
Seat 5: e81540be (21,840 in chips)
Seat 6: 7b823c0e (23,017 in chips)
Seat 7: 4b5e559a (19,550 in chips)
Seat 8: 8f13b80d (32,646 in chips)
4b5e559a: posts the ante 35
8f13b80d: posts the ante 35
19afbefd: posts the ante 35
Hero: posts the ante 35
7b823c0e: posts the ante 35
6f5c84b: posts the ante 35
1f96a584: posts the ante 35
e81540be: posts the ante 35
4b5e559a: posts small blind 125
8f13b80d: posts big blind 250
*** HOLE CARDS ***
Dealt to 1f96a584 
Dealt to Hero [3s Js]
Dealt to 6f5c84b 
Dealt to 19afbefd 
Dealt to e81540be 
Dealt to 7b823c0e 
Dealt to 4b5e559a 
Dealt to 8f13b80d 
1f96a584: folds
Hero: folds
6f5c84b: folds
19afbefd: folds
e81540be: folds
7b823c0e: folds
4b5e559a: calls 125
8f13b80d: checks
*** FLOP *** [8c Kh 7c]
4b5e559a: checks
8f13b80d: bets 258
4b5e559a: calls 258
*** TURN *** [8c Kh 7c] [5d]
4b5e559a: checks
8f13b80d: bets 972
4b5e559a: calls 972
*** RIVER *** [8c Kh 7c 5d] [Ah]
4b5e559a: checks
8f13b80d: checks
4b5e559a: shows [7d 5s] (two pair, Sevens and Fives)
8f13b80d: shows [6h Ks] (a pair of Kings)
*** SHOWDOWN ***
4b5e559a collected 3,240 from pot
*** SUMMARY ***
Total pot 3,240 | Rake 0 | Jackpot 0 | Bingo 0 | Fortune 0 | Tax 0
Board [8c Kh 7c 5d Ah]
Seat 1: 1f96a584 folded before Flop
Seat 2: Hero folded before Flop
Seat 3: 6f5c84b folded before Flop
Seat 4: 19afbefd folded before Flop
Seat 5: e81540be folded before Flop
Seat 6: 7b823c0e (button) folded before Flop
Seat 7: 4b5e559a (small blind) showed [7d 5s] and won (3,240) with two pair, Sevens and Fives
Seat 8: 8f13b80d (big blind) showed [6h Ks] and lost with a pair of Kings


Poker Hand #TM5693542913: Tournament #269070353, Bounty Hunters Deepstack Turbo $8.88 Hold'em No Limit - Level5(125/250(35)) - 2026/03/11 14:52:21
Table '16' 8-max Seat #5 is the button
Seat 1: 1f96a584 (19,895 in chips)
Seat 2: Hero (9,595 in chips)
Seat 3: 6f5c84b (45,983 in chips)
Seat 4: 19afbefd (7,547 in chips)
Seat 5: e81540be (21,875 in chips)
Seat 6: 7b823c0e (23,177 in chips)
Seat 7: 4b5e559a (19,835 in chips)
Seat 8: 8f13b80d (30,229 in chips)
4b5e559a: posts the ante 35
8f13b80d: posts the ante 35
19afbefd: posts the ante 35
Hero: posts the ante 35
6f5c84b: posts the ante 35
1f96a584: posts the ante 35
7b823c0e: posts the ante 35
e81540be: posts the ante 35
7b823c0e: posts small blind 125
4b5e559a: posts big blind 250
*** HOLE CARDS ***
Dealt to 1f96a584 
Dealt to Hero [Ts 6h]
Dealt to 6f5c84b 
Dealt to 19afbefd 
Dealt to e81540be 
Dealt to 7b823c0e 
Dealt to 4b5e559a 
Dealt to 8f13b80d 
8f13b80d: raises 275 to 525
1f96a584: folds
Hero: folds
6f5c84b: folds
19afbefd: calls 525
e81540be: folds
7b823c0e: folds
4b5e559a: folds
*** FLOP *** [3c 2c Jd]
8f13b80d: bets 427
19afbefd: calls 427
*** TURN *** [3c 2c Jd] [5c]
8f13b80d: checks
19afbefd: bets 845
8f13b80d: calls 845
*** RIVER *** [3c 2c Jd 5c] [Qc]
8f13b80d: bets 6,374
19afbefd: folds
Uncalled bet (6,374) returned to 8f13b80d
*** SHOWDOWN ***
8f13b80d collected 4,249 from pot
*** SUMMARY ***
Total pot 4,249 | Rake 0 | Jackpot 0 | Bingo 0 | Fortune 0 | Tax 0
Board [3c 2c Jd 5c Qc]
Seat 1: 1f96a584 folded before Flop
Seat 2: Hero folded before Flop
Seat 3: 6f5c84b folded before Flop
Seat 4: 19afbefd folded on the River
Seat 5: e81540be (button) folded before Flop
Seat 6: 7b823c0e (small blind) folded before Flop
Seat 7: 4b5e559a (big blind) folded before Flop
Seat 8: 8f13b80d showed [Qh] and won (4,249)


Poker Hand #TM5693542902: Tournament #269070353, Bounty Hunters Deepstack Turbo $8.88 Hold'em No Limit - Level5(125/250(35)) - 2026/03/11 14:51:07
Table '16' 8-max Seat #4 is the button
Seat 1: 1f96a584 (19,930 in chips)
Seat 2: Hero (9,630 in chips)
Seat 3: 6f5c84b (46,018 in chips)
Seat 4: 19afbefd (7,582 in chips)
Seat 5: e81540be (22,035 in chips)
Seat 6: 7b823c0e (23,787 in chips)
Seat 7: 4b5e559a (19,870 in chips)
Seat 8: 8f13b80d (29,284 in chips)
4b5e559a: posts the ante 35
8f13b80d: posts the ante 35
19afbefd: posts the ante 35
Hero: posts the ante 35
6f5c84b: posts the ante 35
1f96a584: posts the ante 35
7b823c0e: posts the ante 35
e81540be: posts the ante 35
e81540be: posts small blind 125
7b823c0e: posts big blind 250
*** HOLE CARDS ***
Dealt to 1f96a584 
Dealt to Hero [6s Js]
Dealt to 6f5c84b 
Dealt to 19afbefd 
Dealt to e81540be 
Dealt to 7b823c0e 
Dealt to 4b5e559a 
Dealt to 8f13b80d 
4b5e559a: folds
8f13b80d: raises 325 to 575
1f96a584: folds
Hero: folds
6f5c84b: folds
19afbefd: folds
e81540be: folds
7b823c0e: calls 325
*** FLOP *** [Qs 3d 3c]
7b823c0e: checks
8f13b80d: checks
*** TURN *** [Qs 3d 3c] [3h]
7b823c0e: checks
8f13b80d: bets 1,167
7b823c0e: folds
Uncalled bet (1,167) returned to 8f13b80d
*** SHOWDOWN ***
8f13b80d collected 1,555 from pot
*** SUMMARY ***
Total pot 1,555 | Rake 0 | Jackpot 0 | Bingo 0 | Fortune 0 | Tax 0
Board [Qs 3d 3c 3h]
Seat 1: 1f96a584 folded before Flop
Seat 2: Hero folded before Flop
Seat 3: 6f5c84b folded before Flop
Seat 4: 19afbefd (button) folded before Flop
Seat 5: e81540be (small blind) folded before Flop
Seat 6: 7b823c0e (big blind) folded on the Turn
Seat 7: 4b5e559a folded before Flop
Seat 8: 8f13b80d won (1,555)


Poker Hand #TM5693542886: Tournament #269070353, Bounty Hunters Deepstack Turbo $8.88 Hold'em No Limit - Level5(125/250(35)) - 2026/03/11 14:49:34
Table '16' 8-max Seat #3 is the button
Seat 1: 1f96a584 (19,965 in chips)
Seat 2: Hero (9,665 in chips)
Seat 3: 6f5c84b (46,053 in chips)
Seat 4: 19afbefd (9,008 in chips)
Seat 5: e81540be (20,399 in chips)
Seat 6: 7b823c0e (23,822 in chips)
Seat 7: 4b5e559a (19,905 in chips)
Seat 8: 8f13b80d (29,319 in chips)
4b5e559a: posts the ante 35
8f13b80d: posts the ante 35
19afbefd: posts the ante 35
Hero: posts the ante 35
6f5c84b: posts the ante 35
1f96a584: posts the ante 35
7b823c0e: posts the ante 35
e81540be: posts the ante 35
19afbefd: posts small blind 125
e81540be: posts big blind 250
*** HOLE CARDS ***
Dealt to 1f96a584 
Dealt to Hero [4c Th]
Dealt to 6f5c84b 
Dealt to 19afbefd 
Dealt to e81540be 
Dealt to 7b823c0e 
Dealt to 4b5e559a 
Dealt to 8f13b80d 
7b823c0e: folds
4b5e559a: folds
8f13b80d: folds
1f96a584: folds
Hero: folds
6f5c84b: folds
19afbefd: raises 250 to 500
e81540be: calls 250
*** FLOP *** [Tc 8d 5h]
19afbefd: checks
e81540be: bets 282
19afbefd: calls 282
*** TURN *** [Tc 8d 5h] [Jc]
19afbefd: bets 609
e81540be: calls 609
*** RIVER *** [Tc 8d 5h Jc] [Qd]
19afbefd: checks
e81540be: bets 18,973 and is all-in
19afbefd: folds
Uncalled bet (18,973) returned to e81540be
*** SHOWDOWN ***
e81540be collected 3,062 from pot
*** SUMMARY ***
Total pot 3,062 | Rake 0 | Jackpot 0 | Bingo 0 | Fortune 0 | Tax 0
Board [Tc 8d 5h Jc Qd]
Seat 1: 1f96a584 folded before Flop
Seat 2: Hero folded before Flop
Seat 3: 6f5c84b (button) folded before Flop
Seat 4: 19afbefd (small blind) folded on the River
Seat 5: e81540be (big blind) won (3,062)
Seat 6: 7b823c0e folded before Flop
Seat 7: 4b5e559a folded before Flop
Seat 8: 8f13b80d folded before Flop


Poker Hand #TM5693542870: Tournament #269070353, Bounty Hunters Deepstack Turbo $8.88 Hold'em No Limit - Level5(125/250(35)) - 2026/03/11 14:47:42
Table '16' 8-max Seat #2 is the button
Seat 1: 1f96a584 (20,000 in chips)
Seat 2: Hero (16,200 in chips)
Seat 3: 6f5c84b (46,213 in chips)
Seat 4: 19afbefd (9,293 in chips)
Seat 5: e81540be (20,434 in chips)
Seat 6: 7b823c0e (23,857 in chips)
Seat 7: 4b5e559a (19,940 in chips)
Seat 8: 8f13b80d (22,199 in chips)
4b5e559a: posts the ante 35
8f13b80d: posts the ante 35
19afbefd: posts the ante 35
Hero: posts the ante 35
1f96a584: posts the ante 35
7b823c0e: posts the ante 35
6f5c84b: posts the ante 35
e81540be: posts the ante 35
6f5c84b: posts small blind 125
19afbefd: posts big blind 250
*** HOLE CARDS ***
Dealt to 1f96a584 
Dealt to Hero [Ah 5h]
Dealt to 6f5c84b 
Dealt to 19afbefd 
Dealt to e81540be 
Dealt to 7b823c0e 
Dealt to 4b5e559a 
Dealt to 8f13b80d 
e81540be: folds
7b823c0e: folds
4b5e559a: folds
8f13b80d: raises 250 to 500
1f96a584: folds
Hero: raises 1,078 to 1,578
6f5c84b: folds
19afbefd: folds
8f13b80d: calls 1,078
*** FLOP *** [6s Jd 7s]
8f13b80d: checks
Hero: bets 1,258
8f13b80d: calls 1,258
*** TURN *** [6s Jd 7s] [6d]
8f13b80d: checks
Hero: bets 3,664
8f13b80d: calls 3,664
*** RIVER *** [6s Jd 7s 6d] [Qs]
8f13b80d: bets 10,242
Hero: folds
Uncalled bet (10,242) returned to 8f13b80d
*** SHOWDOWN ***
8f13b80d collected 13,655 from pot
*** SUMMARY ***
Total pot 13,655 | Rake 0 | Jackpot 0 | Bingo 0 | Fortune 0 | Tax 0
Board [6s Jd 7s 6d Qs]
Seat 1: 1f96a584 folded before Flop
Seat 2: Hero (button) folded on the River
Seat 3: 6f5c84b (small blind) folded before Flop
Seat 4: 19afbefd (big blind) folded before Flop
Seat 5: e81540be folded before Flop
Seat 6: 7b823c0e folded before Flop
Seat 7: 4b5e559a folded before Flop
Seat 8: 8f13b80d won (13,655)


Poker Hand #TM5693542850: Tournament #269070353, Bounty Hunters Deepstack Turbo $8.88 Hold'em No Limit - Level4(100/200(30)) - 2026/03/11 14:45:20
Table '16' 8-max Seat #8 is the button
Seat 2: Hero (16,630 in chips)
Seat 3: 6f5c84b (46,643 in chips)
Seat 4: 19afbefd (6,960 in chips)
Seat 5: e81540be (20,864 in chips)
Seat 6: 7b823c0e (23,887 in chips)
Seat 7: 4b5e559a (20,923 in chips)
Seat 8: 8f13b80d (22,229 in chips)
4b5e559a: posts the ante 30
8f13b80d: posts the ante 30
19afbefd: posts the ante 30
Hero: posts the ante 30
7b823c0e: posts the ante 30
6f5c84b: posts the ante 30
e81540be: posts the ante 30
Hero: posts small blind 100
6f5c84b: posts big blind 200
*** HOLE CARDS ***
Dealt to Hero [Qc 9c]
Dealt to 6f5c84b 
Dealt to 19afbefd 
Dealt to e81540be 
Dealt to 7b823c0e 
Dealt to 4b5e559a 
Dealt to 8f13b80d 
19afbefd: raises 200 to 400
e81540be: calls 400
7b823c0e: folds
4b5e559a: calls 400
8f13b80d: folds
Hero: calls 300
6f5c84b: calls 200
*** FLOP *** [Th 2h 4d]
Hero: checks
6f5c84b: checks
19afbefd: checks
e81540be: checks
4b5e559a: bets 553
Hero: folds
6f5c84b: folds
19afbefd: calls 553
e81540be: folds
*** TURN *** [Th 2h 4d] [7c]
19afbefd: checks
4b5e559a: checks
*** RIVER *** [Th 2h 4d 7c] [Ts]
19afbefd: bets 1,095
4b5e559a: folds
Uncalled bet (1,095) returned to 19afbefd
*** SHOWDOWN ***
19afbefd collected 3,316 from pot
*** SUMMARY ***
Total pot 3,316 | Rake 0 | Jackpot 0 | Bingo 0 | Fortune 0 | Tax 0
Board [Th 2h 4d 7c Ts]
Seat 2: Hero (small blind) folded on the Flop
Seat 3: 6f5c84b (big blind) folded on the Flop
Seat 4: 19afbefd won (3,316)
Seat 5: e81540be folded on the Flop
Seat 6: 7b823c0e folded before Flop
Seat 7: 4b5e559a folded on the River
Seat 8: 8f13b80d (button) folded before Flop


Poker Hand #TM5693542829: Tournament #269070353, Bounty Hunters Deepstack Turbo $8.88 Hold'em No Limit - Level4(100/200(30)) - 2026/03/11 14:42:55
Table '16' 8-max Seat #7 is the button
Seat 2: Hero (17,260 in chips)
Seat 3: 6f5c84b (46,673 in chips)
Seat 4: 19afbefd (10,167 in chips)
Seat 5: e81540be (22,356 in chips)
Seat 6: 7b823c0e (23,917 in chips)
Seat 7: 4b5e559a (20,953 in chips)
Seat 8: 8f13b80d (16,810 in chips)
4b5e559a: posts the ante 30
8f13b80d: posts the ante 30
19afbefd: posts the ante 30
Hero: posts the ante 30
7b823c0e: posts the ante 30
6f5c84b: posts the ante 30
e81540be: posts the ante 30
8f13b80d: posts small blind 100
Hero: posts big blind 200
*** HOLE CARDS ***
Dealt to Hero [7c 6c]
Dealt to 6f5c84b 
Dealt to 19afbefd 
Dealt to e81540be 
Dealt to 7b823c0e 
Dealt to 4b5e559a 
Dealt to 8f13b80d 
6f5c84b: folds
19afbefd: raises 400 to 600
e81540be: calls 600
7b823c0e: folds
4b5e559a: folds
8f13b80d: calls 500
Hero: calls 400
*** FLOP *** [Qs 8c 6d]
8f13b80d: checks
Hero: checks
19afbefd: bets 862
e81540be: calls 862
8f13b80d: raises 1,715 to 2,577
Hero: folds
19afbefd: calls 1,715
e81540be: folds
*** TURN *** [Qs 8c 6d] [Ad]
8f13b80d: checks
19afbefd: checks
*** RIVER *** [Qs 8c 6d Ad] [5h]
8f13b80d: bets 13,603 and is all-in
19afbefd: folds
Uncalled bet (13,603) returned to 8f13b80d
*** SHOWDOWN ***
8f13b80d collected 8,626 from pot
*** SUMMARY ***
Total pot 8,626 | Rake 0 | Jackpot 0 | Bingo 0 | Fortune 0 | Tax 0
Board [Qs 8c 6d Ad 5h]
Seat 2: Hero (big blind) folded on the Flop
Seat 3: 6f5c84b folded before Flop
Seat 4: 19afbefd folded on the River
Seat 5: e81540be folded on the Flop
Seat 6: 7b823c0e folded before Flop
Seat 7: 4b5e559a (button) folded before Flop
Seat 8: 8f13b80d (small blind) won (8,626)


Poker Hand #TM5693542820: Tournament #269070353, Bounty Hunters Deepstack Turbo $8.88 Hold'em No Limit - Level4(100/200(30)) - 2026/03/11 14:41:45
Table '16' 8-max Seat #6 is the button
Seat 1: 233913a2 (22,387 in chips)
Seat 2: Hero (17,290 in chips)
Seat 3: 6f5c84b (23,806 in chips)
Seat 4: 19afbefd (10,197 in chips)
Seat 5: e81540be (22,386 in chips)
Seat 6: 7b823c0e (23,947 in chips)
Seat 7: 4b5e559a (21,083 in chips)
Seat 8: 8f13b80d (17,040 in chips)
4b5e559a: posts the ante 30
8f13b80d: posts the ante 30
19afbefd: posts the ante 30
Hero: posts the ante 30
7b823c0e: posts the ante 30
6f5c84b: posts the ante 30
e81540be: posts the ante 30
233913a2: posts the ante 30
4b5e559a: posts small blind 100
8f13b80d: posts big blind 200
*** HOLE CARDS ***
Dealt to 233913a2 
Dealt to Hero [2d 8d]
Dealt to 6f5c84b 
Dealt to 19afbefd 
Dealt to e81540be 
Dealt to 7b823c0e 
Dealt to 4b5e559a 
Dealt to 8f13b80d 
233913a2: raises 200 to 400
Hero: folds
6f5c84b: raises 670 to 1,070
19afbefd: folds
e81540be: folds
7b823c0e: folds
4b5e559a: folds
8f13b80d: folds
233913a2: calls 670
*** FLOP *** [7h 9d 2c]
233913a2: checks
6f5c84b: bets 1,340
233913a2: calls 1,340
*** TURN *** [7h 9d 2c] [4h]
233913a2: checks
6f5c84b: bets 4,020
233913a2: calls 4,020
*** RIVER *** [7h 9d 2c 4h] [8s]
233913a2: checks
6f5c84b: bets 17,346 and is all-in
233913a2: calls 15,927 and is all-in
Uncalled bet (1,419) returned to 6f5c84b
6f5c84b: shows [Ac Ad] (a pair of Aces)
233913a2: shows [3s 3h] (a pair of Threes)
*** SHOWDOWN ***
6f5c84b collected 45,254 from pot
*** SUMMARY ***
Total pot 45,254 | Rake 0 | Jackpot 0 | Bingo 0 | Fortune 0 | Tax 0
Board [7h 9d 2c 4h 8s]
Seat 1: 233913a2 showed [3s 3h] and lost with a pair of Threes
Seat 2: Hero folded before Flop
Seat 3: 6f5c84b showed [Ac Ad] and won (45,254) with a pair of Aces
Seat 4: 19afbefd folded before Flop
Seat 5: e81540be folded before Flop
Seat 6: 7b823c0e (button) folded before Flop
Seat 7: 4b5e559a (small blind) folded before Flop
Seat 8: 8f13b80d (big blind) folded before Flop


Poker Hand #TM5693542806: Tournament #269070353, Bounty Hunters Deepstack Turbo $8.88 Hold'em No Limit - Level4(100/200(30)) - 2026/03/11 14:40:20
Table '16' 8-max Seat #5 is the button
Seat 1: 233913a2 (22,417 in chips)
Seat 2: Hero (17,320 in chips)
Seat 3: 6f5c84b (23,836 in chips)
Seat 4: 19afbefd (6,507 in chips)
Seat 5: e81540be (22,416 in chips)
Seat 6: 7b823c0e (24,077 in chips)
Seat 7: 4b5e559a (21,313 in chips)
Seat 8: 8f13b80d (20,250 in chips)
4b5e559a: posts the ante 30
8f13b80d: posts the ante 30
19afbefd: posts the ante 30
Hero: posts the ante 30
6f5c84b: posts the ante 30
7b823c0e: posts the ante 30
e81540be: posts the ante 30
233913a2: posts the ante 30
7b823c0e: posts small blind 100
4b5e559a: posts big blind 200
*** HOLE CARDS ***
Dealt to 233913a2 
Dealt to Hero [2c Js]
Dealt to 6f5c84b 
Dealt to 19afbefd 
Dealt to e81540be 
Dealt to 7b823c0e 
Dealt to 4b5e559a 
Dealt to 8f13b80d 
8f13b80d: raises 220 to 420
233913a2: folds
Hero: folds
6f5c84b: folds
19afbefd: raises 1,035 to 1,455
e81540be: folds
7b823c0e: folds
4b5e559a: folds
8f13b80d: calls 1,035
*** FLOP *** [Kh Qs 8h]
8f13b80d: checks
19afbefd: bets 1,725
8f13b80d: calls 1,725
*** TURN *** [Kh Qs 8h] [Qh]
8f13b80d: checks
19afbefd: bets 3,297 and is all-in
8f13b80d: folds
Uncalled bet (3,297) returned to 19afbefd
*** SHOWDOWN ***
19afbefd collected 6,900 from pot
*** SUMMARY ***
Total pot 6,900 | Rake 0 | Jackpot 0 | Bingo 0 | Fortune 0 | Tax 0
Board [Kh Qs 8h Qh]
Seat 1: 233913a2 folded before Flop
Seat 2: Hero folded before Flop
Seat 3: 6f5c84b folded before Flop
Seat 4: 19afbefd won (6,900)
Seat 5: e81540be (button) folded before Flop
Seat 6: 7b823c0e (small blind) folded before Flop
Seat 7: 4b5e559a (big blind) folded before Flop
Seat 8: 8f13b80d folded on the Turn


Poker Hand #TM5693542789: Tournament #269070353, Bounty Hunters Deepstack Turbo $8.88 Hold'em No Limit - Level3(75/150(20)) - 2026/03/11 14:38:41
Table '16' 8-max Seat #4 is the button
Seat 1: 233913a2 (22,437 in chips)
Seat 2: Hero (17,340 in chips)
Seat 3: 6f5c84b (23,856 in chips)
Seat 4: 19afbefd (8,954 in chips)
Seat 5: e81540be (19,699 in chips)
Seat 6: 7b823c0e (24,247 in chips)
Seat 7: 4b5e559a (21,333 in chips)
Seat 8: 8f13b80d (20,270 in chips)
4b5e559a: posts the ante 20
8f13b80d: posts the ante 20
19afbefd: posts the ante 20
Hero: posts the ante 20
6f5c84b: posts the ante 20
7b823c0e: posts the ante 20
e81540be: posts the ante 20
233913a2: posts the ante 20
e81540be: posts small blind 75
7b823c0e: posts big blind 150
*** HOLE CARDS ***
Dealt to 233913a2 
Dealt to Hero [2d Kh]
Dealt to 6f5c84b 
Dealt to 19afbefd 
Dealt to e81540be 
Dealt to 7b823c0e 
Dealt to 4b5e559a 
Dealt to 8f13b80d 
4b5e559a: folds
8f13b80d: folds
233913a2: folds
Hero: folds
6f5c84b: folds
19afbefd: raises 300 to 450
e81540be: calls 375
7b823c0e: folds
*** FLOP *** [3s 6c 8c]
e81540be: checks
19afbefd: bets 400
e81540be: raises 550 to 950
19afbefd: calls 550
*** TURN *** [3s 6c 8c] [Js]
e81540be: checks
19afbefd: bets 1,027
e81540be: calls 1,027
*** RIVER *** [3s 6c 8c Js] [9c]
e81540be: bets 3,000
19afbefd: folds
Uncalled bet (3,000) returned to e81540be
*** SHOWDOWN ***
e81540be collected 5,164 from pot
*** SUMMARY ***
Total pot 5,164 | Rake 0 | Jackpot 0 | Bingo 0 | Fortune 0 | Tax 0
Board [3s 6c 8c Js 9c]
Seat 1: 233913a2 folded before Flop
Seat 2: Hero folded before Flop
Seat 3: 6f5c84b folded before Flop
Seat 4: 19afbefd (button) folded on the River
Seat 5: e81540be (small blind) won (5,164)
Seat 6: 7b823c0e (big blind) folded before Flop
Seat 7: 4b5e559a folded before Flop
Seat 8: 8f13b80d folded before Flop


Poker Hand #TM5693542779: Tournament #269070353, Bounty Hunters Deepstack Turbo $8.88 Hold'em No Limit - Level3(75/150(20)) - 2026/03/11 14:37:33
Table '16' 8-max Seat #3 is the button
Seat 1: 233913a2 (19,305 in chips)
Seat 2: Hero (17,360 in chips)
Seat 3: 6f5c84b (23,876 in chips)
Seat 4: 19afbefd (11,666 in chips)
Seat 5: e81540be (20,019 in chips)
Seat 6: 7b823c0e (24,267 in chips)
Seat 7: 4b5e559a (21,353 in chips)
Seat 8: 8f13b80d (20,290 in chips)
4b5e559a: posts the ante 20
8f13b80d: posts the ante 20
19afbefd: posts the ante 20
Hero: posts the ante 20
6f5c84b: posts the ante 20
7b823c0e: posts the ante 20
e81540be: posts the ante 20
233913a2: posts the ante 20
19afbefd: posts small blind 75
e81540be: posts big blind 150
*** HOLE CARDS ***
Dealt to 233913a2 
Dealt to Hero [6c 2s]
Dealt to 6f5c84b 
Dealt to 19afbefd 
Dealt to e81540be 
Dealt to 7b823c0e 
Dealt to 4b5e559a 
Dealt to 8f13b80d 
7b823c0e: folds
4b5e559a: folds
8f13b80d: folds
233913a2: raises 150 to 300
Hero: folds
6f5c84b: folds
19afbefd: calls 225
e81540be: calls 150
*** FLOP *** [Qc 3d Kc]
19afbefd: checks
e81540be: checks
233913a2: bets 350
19afbefd: raises 581 to 931
e81540be: folds
233913a2: calls 581
*** TURN *** [Qc 3d Kc] [Ah]
19afbefd: bets 1,461
233913a2: raises 1,929 to 3,390
19afbefd: folds
Uncalled bet (1,929) returned to 233913a2
*** SHOWDOWN ***
233913a2 collected 5,844 from pot
*** SUMMARY ***
Total pot 5,844 | Rake 0 | Jackpot 0 | Bingo 0 | Fortune 0 | Tax 0
Board [Qc 3d Kc Ah]
Seat 1: 233913a2 won (5,844)
Seat 2: Hero folded before Flop
Seat 3: 6f5c84b (button) folded before Flop
Seat 4: 19afbefd (small blind) folded on the Turn
Seat 5: e81540be (big blind) folded on the Flop
Seat 6: 7b823c0e folded before Flop
Seat 7: 4b5e559a folded before Flop
Seat 8: 8f13b80d folded before Flop


Poker Hand #TM5693542764: Tournament #269070353, Bounty Hunters Deepstack Turbo $8.88 Hold'em No Limit - Level3(75/150(20)) - 2026/03/11 14:36:00
Table '16' 8-max Seat #2 is the button
Seat 1: 233913a2 (20,000 in chips)
Seat 2: Hero (17,380 in chips)
Seat 3: 6f5c84b (23,971 in chips)
Seat 4: 19afbefd (11,986 in chips)
Seat 5: e81540be (18,829 in chips)
Seat 6: 7b823c0e (24,287 in chips)
Seat 7: 4b5e559a (21,373 in chips)
Seat 8: 8f13b80d (20,310 in chips)
4b5e559a: posts the ante 20
8f13b80d: posts the ante 20
19afbefd: posts the ante 20
Hero: posts the ante 20
7b823c0e: posts the ante 20
6f5c84b: posts the ante 20
e81540be: posts the ante 20
233913a2: posts the ante 20
6f5c84b: posts small blind 75
19afbefd: posts big blind 150
*** HOLE CARDS ***
Dealt to 233913a2 
Dealt to Hero [As 2h]
Dealt to 6f5c84b 
Dealt to 19afbefd 
Dealt to e81540be 
Dealt to 7b823c0e 
Dealt to 4b5e559a 
Dealt to 8f13b80d 
e81540be: calls 150
7b823c0e: folds
4b5e559a: folds
8f13b80d: folds
233913a2: raises 150 to 300
Hero: folds
6f5c84b: folds
19afbefd: calls 150
e81540be: calls 150
*** FLOP *** [5c 5d Kh]
19afbefd: checks
e81540be: checks
233913a2: bets 375
19afbefd: folds
e81540be: calls 375
*** TURN *** [5c 5d Kh] [3h]
e81540be: checks
233913a2: checks
*** RIVER *** [5c 5d Kh 3h] [6d]
e81540be: bets 849
233913a2: folds
Uncalled bet (849) returned to e81540be
*** SHOWDOWN ***
e81540be collected 1,885 from pot
*** SUMMARY ***
Total pot 1,885 | Rake 0 | Jackpot 0 | Bingo 0 | Fortune 0 | Tax 0
Board [5c 5d Kh 3h 6d]
Seat 1: 233913a2 folded on the River
Seat 2: Hero (button) folded before Flop
Seat 3: 6f5c84b (small blind) folded before Flop
Seat 4: 19afbefd (big blind) folded on the Flop
Seat 5: e81540be won (1,885)
Seat 6: 7b823c0e folded before Flop
Seat 7: 4b5e559a folded before Flop
Seat 8: 8f13b80d folded before Flop


Poker Hand #TM5693542760: Tournament #269070353, Bounty Hunters Deepstack Turbo $8.88 Hold'em No Limit - Level3(75/150(20)) - 2026/03/11 14:35:31
Table '16' 8-max Seat #8 is the button
Seat 2: Hero (17,475 in chips)
Seat 3: 6f5c84b (23,776 in chips)
Seat 4: 19afbefd (12,006 in chips)
Seat 5: e81540be (18,849 in chips)
Seat 6: 7b823c0e (24,307 in chips)
Seat 7: 4b5e559a (21,393 in chips)
Seat 8: 8f13b80d (20,330 in chips)
4b5e559a: posts the ante 20
8f13b80d: posts the ante 20
19afbefd: posts the ante 20
Hero: posts the ante 20
7b823c0e: posts the ante 20
6f5c84b: posts the ante 20
e81540be: posts the ante 20
Hero: posts small blind 75
6f5c84b: posts big blind 150
*** HOLE CARDS ***
Dealt to Hero [Jc 3d]
Dealt to 6f5c84b 
Dealt to 19afbefd 
Dealt to e81540be 
Dealt to 7b823c0e 
Dealt to 4b5e559a 
Dealt to 8f13b80d 
19afbefd: folds
e81540be: folds
7b823c0e: folds
4b5e559a: folds
8f13b80d: folds
Hero: folds
Uncalled bet (75) returned to 6f5c84b
*** SHOWDOWN ***
6f5c84b collected 290 from pot
*** SUMMARY ***
Total pot 290 | Rake 0 | Jackpot 0 | Bingo 0 | Fortune 0 | Tax 0
Seat 2: Hero (small blind) folded before Flop
Seat 3: 6f5c84b (big blind) collected (290)
Seat 4: 19afbefd folded before Flop
Seat 5: e81540be folded before Flop
Seat 6: 7b823c0e folded before Flop
Seat 7: 4b5e559a folded before Flop
Seat 8: 8f13b80d (button) folded before Flop


Poker Hand #TM5693542752: Tournament #269070353, Bounty Hunters Deepstack Turbo $8.88 Hold'em No Limit - Level3(75/150(20)) - 2026/03/11 14:34:53
Table '16' 8-max Seat #7 is the button
Seat 2: Hero (17,645 in chips)
Seat 3: 6f5c84b (23,796 in chips)
Seat 4: 19afbefd (12,026 in chips)
Seat 5: e81540be (18,869 in chips)
Seat 6: 7b823c0e (24,327 in chips)
Seat 7: 4b5e559a (21,413 in chips)
Seat 8: 8f13b80d (20,060 in chips)
4b5e559a: posts the ante 20
8f13b80d: posts the ante 20
19afbefd: posts the ante 20
Hero: posts the ante 20
7b823c0e: posts the ante 20
6f5c84b: posts the ante 20
e81540be: posts the ante 20
8f13b80d: posts small blind 75
Hero: posts big blind 150
*** HOLE CARDS ***
Dealt to Hero [Jh 4d]
Dealt to 6f5c84b 
Dealt to 19afbefd 
Dealt to e81540be 
Dealt to 7b823c0e 
Dealt to 4b5e559a 
Dealt to 8f13b80d 
6f5c84b: folds
19afbefd: folds
e81540be: folds
7b823c0e: folds
4b5e559a: folds
8f13b80d: raises 150 to 300
Hero: folds
Uncalled bet (150) returned to 8f13b80d
*** SHOWDOWN ***
8f13b80d collected 440 from pot
*** SUMMARY ***
Total pot 440 | Rake 0 | Jackpot 0 | Bingo 0 | Fortune 0 | Tax 0
Seat 2: Hero (big blind) folded before Flop
Seat 3: 6f5c84b folded before Flop
Seat 4: 19afbefd folded before Flop
Seat 5: e81540be folded before Flop
Seat 6: 7b823c0e folded before Flop
Seat 7: 4b5e559a (button) folded before Flop
Seat 8: 8f13b80d (small blind) collected (440)


Poker Hand #TM5693542747: Tournament #269070353, Bounty Hunters Deepstack Turbo $8.88 Hold'em No Limit - Level3(75/150(20)) - 2026/03/11 14:34:35
Table '16' 8-max Seat #6 is the button
Seat 1: 1a83b43e (18,248 in chips)
Seat 2: Hero (17,280 in chips)
Seat 3: 6f5c84b (23,816 in chips)
Seat 4: 19afbefd (12,046 in chips)
Seat 5: e81540be (18,889 in chips)
Seat 6: 7b823c0e (24,347 in chips)
Seat 7: 4b5e559a (21,508 in chips)
Seat 8: 8f13b80d (20,230 in chips)
4b5e559a: posts the ante 20
8f13b80d: posts the ante 20
19afbefd: posts the ante 20
Hero: posts the ante 20
7b823c0e: posts the ante 20
6f5c84b: posts the ante 20
1a83b43e: posts the ante 20
e81540be: posts the ante 20
4b5e559a: posts small blind 75
8f13b80d: posts big blind 150
*** HOLE CARDS ***
Dealt to 1a83b43e 
Dealt to Hero [Td Kd]
Dealt to 6f5c84b 
Dealt to 19afbefd 
Dealt to e81540be 
Dealt to 7b823c0e 
Dealt to 4b5e559a 
Dealt to 8f13b80d 
1a83b43e: folds
Hero: raises 150 to 300
6f5c84b: folds
19afbefd: folds
e81540be: folds
7b823c0e: folds
4b5e559a: folds
8f13b80d: folds
Uncalled bet (150) returned to Hero
*** SHOWDOWN ***
Hero collected 535 from pot
*** SUMMARY ***
Total pot 535 | Rake 0 | Jackpot 0 | Bingo 0 | Fortune 0 | Tax 0
Seat 1: 1a83b43e folded before Flop
Seat 2: Hero collected (535)
Seat 3: 6f5c84b folded before Flop
Seat 4: 19afbefd folded before Flop
Seat 5: e81540be folded before Flop
Seat 6: 7b823c0e (button) folded before Flop
Seat 7: 4b5e559a (small blind) folded before Flop
Seat 8: 8f13b80d (big blind) folded before Flop


Poker Hand #TM5693542735: Tournament #269070353, Bounty Hunters Deepstack Turbo $8.88 Hold'em No Limit - Level3(75/150(20)) - 2026/03/11 14:33:06
Table '16' 8-max Seat #5 is the button
Seat 1: 1a83b43e (18,268 in chips)
Seat 2: Hero (17,300 in chips)
Seat 3: 6f5c84b (27,157 in chips)
Seat 4: 19afbefd (12,066 in chips)
Seat 5: e81540be (19,209 in chips)
Seat 6: 7b823c0e (20,136 in chips)
Seat 7: 4b5e559a (21,678 in chips)
Seat 8: 8f13b80d (20,550 in chips)
4b5e559a: posts the ante 20
8f13b80d: posts the ante 20
19afbefd: posts the ante 20
Hero: posts the ante 20
6f5c84b: posts the ante 20
1a83b43e: posts the ante 20
7b823c0e: posts the ante 20
e81540be: posts the ante 20
7b823c0e: posts small blind 75
4b5e559a: posts big blind 150
*** HOLE CARDS ***
Dealt to 1a83b43e 
Dealt to Hero [5s 7s]
Dealt to 6f5c84b 
Dealt to 19afbefd 
Dealt to e81540be 
Dealt to 7b823c0e 
Dealt to 4b5e559a 
Dealt to 8f13b80d 
8f13b80d: raises 150 to 300
1a83b43e: folds
Hero: folds
6f5c84b: calls 300
19afbefd: folds
e81540be: calls 300
7b823c0e: calls 225
4b5e559a: folds
*** FLOP *** [Td Jh 7d]
7b823c0e: checks
8f13b80d: checks
6f5c84b: bets 1,133
e81540be: folds
7b823c0e: calls 1,133
8f13b80d: folds
*** TURN *** [Td Jh 7d] [Ac]
7b823c0e: checks
6f5c84b: bets 1,888
7b823c0e: calls 1,888
*** RIVER *** [Td Jh 7d Ac] [9d]
7b823c0e: bets 7,500
6f5c84b: folds
Uncalled bet (7,500) returned to 7b823c0e
*** SHOWDOWN ***
7b823c0e collected 7,552 from pot
*** SUMMARY ***
Total pot 7,552 | Rake 0 | Jackpot 0 | Bingo 0 | Fortune 0 | Tax 0
Board [Td Jh 7d Ac 9d]
Seat 1: 1a83b43e folded before Flop
Seat 2: Hero folded before Flop
Seat 3: 6f5c84b folded on the River
Seat 4: 19afbefd folded before Flop
Seat 5: e81540be (button) folded on the Flop
Seat 6: 7b823c0e (small blind) won (7,552)
Seat 7: 4b5e559a (big blind) folded before Flop
Seat 8: 8f13b80d folded on the Flop


Poker Hand #TM5693542730: Tournament #269070353, Bounty Hunters Deepstack Turbo $8.88 Hold'em No Limit - Level3(75/150(20)) - 2026/03/11 14:32:36
Table '16' 8-max Seat #4 is the button
Seat 1: 1a83b43e (18,288 in chips)
Seat 2: Hero (17,320 in chips)
Seat 3: 6f5c84b (27,177 in chips)
Seat 4: 19afbefd (11,701 in chips)
Seat 5: e81540be (19,304 in chips)
Seat 6: 7b823c0e (20,306 in chips)
Seat 7: 4b5e559a (21,698 in chips)
Seat 8: 8f13b80d (20,570 in chips)
4b5e559a: posts the ante 20
8f13b80d: posts the ante 20
19afbefd: posts the ante 20
Hero: posts the ante 20
6f5c84b: posts the ante 20
1a83b43e: posts the ante 20
7b823c0e: posts the ante 20
e81540be: posts the ante 20
e81540be: posts small blind 75
7b823c0e: posts big blind 150
*** HOLE CARDS ***
Dealt to 1a83b43e 
Dealt to Hero [7d 8c]
Dealt to 6f5c84b 
Dealt to 19afbefd 
Dealt to e81540be 
Dealt to 7b823c0e 
Dealt to 4b5e559a 
Dealt to 8f13b80d 
4b5e559a: folds
8f13b80d: folds
1a83b43e: folds
Hero: folds
6f5c84b: folds
19afbefd: raises 150 to 300
e81540be: folds
7b823c0e: folds
Uncalled bet (150) returned to 19afbefd
*** SHOWDOWN ***
19afbefd collected 535 from pot
*** SUMMARY ***
Total pot 535 | Rake 0 | Jackpot 0 | Bingo 0 | Fortune 0 | Tax 0
Seat 1: 1a83b43e folded before Flop
Seat 2: Hero folded before Flop
Seat 3: 6f5c84b folded before Flop
Seat 4: 19afbefd (button) collected (535)
Seat 5: e81540be (small blind) folded before Flop
Seat 6: 7b823c0e (big blind) folded before Flop
Seat 7: 4b5e559a folded before Flop
Seat 8: 8f13b80d folded before Flop


Poker Hand #TM5693542706: Tournament #269070353, Bounty Hunters Deepstack Turbo $8.88 Hold'em No Limit - Level2(60/120(18)) - 2026/03/11 14:30:27
Table '16' 8-max Seat #3 is the button
Seat 1: 1a83b43e (18,306 in chips)
Seat 2: Hero (17,338 in chips)
Seat 3: 6f5c84b (19,244 in chips)
Seat 4: 19afbefd (18,644 in chips)
Seat 5: e81540be (19,964 in chips)
Seat 6: 7b823c0e (20,324 in chips)
Seat 7: 4b5e559a (21,956 in chips)
Seat 8: 8f13b80d (20,588 in chips)
4b5e559a: posts the ante 18
8f13b80d: posts the ante 18
19afbefd: posts the ante 18
Hero: posts the ante 18
6f5c84b: posts the ante 18
1a83b43e: posts the ante 18
7b823c0e: posts the ante 18
e81540be: posts the ante 18
19afbefd: posts small blind 60
e81540be: posts big blind 120
*** HOLE CARDS ***
Dealt to 1a83b43e 
Dealt to Hero [6d 5s]
Dealt to 6f5c84b 
Dealt to 19afbefd 
Dealt to e81540be 
Dealt to 7b823c0e 
Dealt to 4b5e559a 
Dealt to 8f13b80d 
7b823c0e: folds
4b5e559a: raises 120 to 240
8f13b80d: folds
1a83b43e: folds
Hero: folds
6f5c84b: raises 402 to 642
19afbefd: calls 582
e81540be: calls 522
4b5e559a: folds
*** FLOP *** [3c Qd 2c]
19afbefd: checks
e81540be: checks
6f5c84b: bets 763
19afbefd: calls 763
e81540be: folds
*** TURN *** [3c Qd 2c] [Td]
19afbefd: checks
6f5c84b: bets 5,520
19afbefd: calls 5,520
*** RIVER *** [3c Qd 2c Td] [Jh]
19afbefd: checks
6f5c84b: bets 12,301 and is all-in
19afbefd: folds
Uncalled bet (12,301) returned to 6f5c84b
*** SHOWDOWN ***
6f5c84b collected 14,876 from pot
*** SUMMARY ***
Total pot 14,876 | Rake 0 | Jackpot 0 | Bingo 0 | Fortune 0 | Tax 0
Board [3c Qd 2c Td Jh]
Seat 1: 1a83b43e folded before Flop
Seat 2: Hero folded before Flop
Seat 3: 6f5c84b (button) won (14,876)
Seat 4: 19afbefd (small blind) folded on the River
Seat 5: e81540be (big blind) folded on the Flop
Seat 6: 7b823c0e folded before Flop
Seat 7: 4b5e559a folded before Flop
Seat 8: 8f13b80d folded before Flop


Poker Hand #TM5693542694: Tournament #269070353, Bounty Hunters Deepstack Turbo $8.88 Hold'em No Limit - Level2(60/120(18)) - 2026/03/11 14:29:45
Table '16' 8-max Seat #2 is the button
Seat 1: 1a83b43e (18,324 in chips)
Seat 2: Hero (17,356 in chips)
Seat 3: 6f5c84b (19,322 in chips)
Seat 4: 19afbefd (18,782 in chips)
Seat 5: e81540be (19,982 in chips)
Seat 6: 7b823c0e (20,342 in chips)
Seat 7: 4b5e559a (21,974 in chips)
Seat 8: 8f13b80d (20,282 in chips)
4b5e559a: posts the ante 18
8f13b80d: posts the ante 18
19afbefd: posts the ante 18
Hero: posts the ante 18
1a83b43e: posts the ante 18
7b823c0e: posts the ante 18
6f5c84b: posts the ante 18
e81540be: posts the ante 18
6f5c84b: posts small blind 60
19afbefd: posts big blind 120
*** HOLE CARDS ***
Dealt to 1a83b43e 
Dealt to Hero [Qh 4c]
Dealt to 6f5c84b 
Dealt to 19afbefd 
Dealt to e81540be 
Dealt to 7b823c0e 
Dealt to 4b5e559a 
Dealt to 8f13b80d 
e81540be: folds
7b823c0e: folds
4b5e559a: folds
8f13b80d: raises 240 to 360
1a83b43e: folds
Hero: folds
6f5c84b: folds
19afbefd: folds
Uncalled bet (240) returned to 8f13b80d
*** SHOWDOWN ***
8f13b80d collected 444 from pot
*** SUMMARY ***
Total pot 444 | Rake 0 | Jackpot 0 | Bingo 0 | Fortune 0 | Tax 0
Seat 1: 1a83b43e folded before Flop
Seat 2: Hero (button) folded before Flop
Seat 3: 6f5c84b (small blind) folded before Flop
Seat 4: 19afbefd (big blind) folded before Flop
Seat 5: e81540be folded before Flop
Seat 6: 7b823c0e folded before Flop
Seat 7: 4b5e559a folded before Flop
Seat 8: 8f13b80d collected (444)


Poker Hand #TM5693542679: Tournament #269070353, Bounty Hunters Deepstack Turbo $8.88 Hold'em No Limit - Level2(60/120(18)) - 2026/03/11 14:28:49
Table '16' 8-max Seat #1 is the button
Seat 1: 1a83b43e (18,342 in chips)
Seat 2: Hero (17,674 in chips)
Seat 3: 6f5c84b (20,084 in chips)
Seat 4: 19afbefd (17,312 in chips)
Seat 5: e81540be (20,000 in chips)
Seat 6: 7b823c0e (20,360 in chips)
Seat 7: 4b5e559a (22,292 in chips)
Seat 8: 8f13b80d (20,300 in chips)
4b5e559a: posts the ante 18
8f13b80d: posts the ante 18
19afbefd: posts the ante 18
Hero: posts the ante 18
1a83b43e: posts the ante 18
7b823c0e: posts the ante 18
6f5c84b: posts the ante 18
e81540be: posts the ante 18
Hero: posts small blind 60
6f5c84b: posts big blind 120
*** HOLE CARDS ***
Dealt to 1a83b43e 
Dealt to Hero [8c Ac]
Dealt to 6f5c84b 
Dealt to 19afbefd 
Dealt to e81540be 
Dealt to 7b823c0e 
Dealt to 4b5e559a 
Dealt to 8f13b80d 
19afbefd: raises 180 to 300
e81540be: folds
7b823c0e: folds
4b5e559a: calls 300
8f13b80d: folds
1a83b43e: folds
Hero: calls 240
6f5c84b: calls 180
*** FLOP *** [9d 4s Ts]
Hero: checks
6f5c84b: checks
19afbefd: bets 444
4b5e559a: folds
Hero: folds
6f5c84b: calls 444
*** TURN *** [9d 4s Ts] [3d]
6f5c84b: checks
19afbefd: bets 1,116
6f5c84b: folds
Uncalled bet (1,116) returned to 19afbefd
*** SHOWDOWN ***
19afbefd collected 2,232 from pot
*** SUMMARY ***
Total pot 2,232 | Rake 0 | Jackpot 0 | Bingo 0 | Fortune 0 | Tax 0
Board [9d 4s Ts 3d]
Seat 1: 1a83b43e (button) folded before Flop
Seat 2: Hero (small blind) folded on the Flop
Seat 3: 6f5c84b (big blind) folded on the Turn
Seat 4: 19afbefd won (2,232)
Seat 5: e81540be folded before Flop
Seat 6: 7b823c0e folded before Flop
Seat 7: 4b5e559a folded on the Flop
Seat 8: 8f13b80d folded before Flop


Poker Hand #TM5693542651: Tournament #269070353, Bounty Hunters Deepstack Turbo $8.88 Hold'em No Limit - Level2(60/120(18)) - 2026/03/11 14:26:26
Table '16' 8-max Seat #8 is the button
Seat 1: 1a83b43e (18,420 in chips)
Seat 2: Hero (17,932 in chips)
Seat 3: 6f5c84b (20,102 in chips)
Seat 4: 19afbefd (19,101 in chips)
Seat 6: 7b823c0e (20,905 in chips)
Seat 7: 4b5e559a (19,586 in chips)
Seat 8: 8f13b80d (20,318 in chips)
4b5e559a: posts the ante 18
8f13b80d: posts the ante 18
19afbefd: posts the ante 18
Hero: posts the ante 18
7b823c0e: posts the ante 18
6f5c84b: posts the ante 18
1a83b43e: posts the ante 18
1a83b43e: posts small blind 60
Hero: posts big blind 120
*** HOLE CARDS ***
Dealt to 1a83b43e 
Dealt to Hero [2s As]
Dealt to 6f5c84b 
Dealt to 19afbefd 
Dealt to 7b823c0e 
Dealt to 4b5e559a 
Dealt to 8f13b80d 
6f5c84b: folds
19afbefd: raises 120 to 240
7b823c0e: calls 240
4b5e559a: calls 240
8f13b80d: folds
1a83b43e: folds
Hero: calls 120
*** FLOP *** [6s 8d Qd]
Hero: checks
19afbefd: checks
7b823c0e: checks
4b5e559a: bets 287
Hero: folds
19afbefd: calls 287
7b823c0e: calls 287
*** TURN *** [6s 8d Qd] [6d]
19afbefd: checks
7b823c0e: checks
4b5e559a: bets 1,244
19afbefd: calls 1,244
7b823c0e: folds
*** RIVER *** [6s 8d Qd 6d] [Kc]
19afbefd: checks
4b5e559a: bets 3,852
19afbefd: folds
Uncalled bet (3,852) returned to 4b5e559a
*** SHOWDOWN ***
4b5e559a collected 4,495 from pot
*** SUMMARY ***
Total pot 4,495 | Rake 0 | Jackpot 0 | Bingo 0 | Fortune 0 | Tax 0
Board [6s 8d Qd 6d Kc]
Seat 1: 1a83b43e (small blind) folded before Flop
Seat 2: Hero (big blind) folded on the Flop
Seat 3: 6f5c84b folded before Flop
Seat 4: 19afbefd folded on the River
Seat 6: 7b823c0e folded on the Turn
Seat 7: 4b5e559a won (4,495)
Seat 8: 8f13b80d (button) folded before Flop


Poker Hand #TM5693542639: Tournament #269070353, Bounty Hunters Deepstack Turbo $8.88 Hold'em No Limit - Level2(60/120(18)) - 2026/03/11 14:25:12
Table '16' 8-max Seat #7 is the button
Seat 1: 1a83b43e (18,558 in chips)
Seat 2: Hero (17,950 in chips)
Seat 3: 6f5c84b (20,120 in chips)
Seat 4: 19afbefd (19,724 in chips)
Seat 5: 5fd2e10d (18,759 in chips)
Seat 6: 7b823c0e (19,994 in chips)
Seat 7: 4b5e559a (19,604 in chips)
Seat 8: 8f13b80d (20,396 in chips)
4b5e559a: posts the ante 18
8f13b80d: posts the ante 18
19afbefd: posts the ante 18
Hero: posts the ante 18
7b823c0e: posts the ante 18
6f5c84b: posts the ante 18
1a83b43e: posts the ante 18
5fd2e10d: posts the ante 18
8f13b80d: posts small blind 60
1a83b43e: posts big blind 120
*** HOLE CARDS ***
Dealt to 1a83b43e 
Dealt to Hero [Td 2s]
Dealt to 6f5c84b 
Dealt to 19afbefd 
Dealt to 5fd2e10d 
Dealt to 7b823c0e 
Dealt to 4b5e559a 
Dealt to 8f13b80d 
Hero: folds
6f5c84b: folds
19afbefd: raises 180 to 300
5fd2e10d: folds
7b823c0e: calls 300
4b5e559a: folds
8f13b80d: folds
1a83b43e: folds
*** FLOP *** [4c Th 8s]
19afbefd: bets 305
7b823c0e: calls 305
*** TURN *** [4c Th 8s] [2h]
19afbefd: checks
7b823c0e: bets 767
19afbefd: folds
Uncalled bet (767) returned to 7b823c0e
*** SHOWDOWN ***
7b823c0e collected 1,534 from pot
*** SUMMARY ***
Total pot 1,534 | Rake 0 | Jackpot 0 | Bingo 0 | Fortune 0 | Tax 0
Board [4c Th 8s 2h]
Seat 1: 1a83b43e (big blind) folded before Flop
Seat 2: Hero folded before Flop
Seat 3: 6f5c84b folded before Flop
Seat 4: 19afbefd folded on the Turn
Seat 5: 5fd2e10d folded before Flop
Seat 6: 7b823c0e won (1,534)
Seat 7: 4b5e559a (button) folded before Flop
Seat 8: 8f13b80d (small blind) folded before Flop


Poker Hand #TM5693542627: Tournament #269070353, Bounty Hunters Deepstack Turbo $8.88 Hold'em No Limit - Level2(60/120(18)) - 2026/03/11 14:24:16
Table '16' 8-max Seat #6 is the button
Seat 1: 1a83b43e (18,576 in chips)
Seat 2: Hero (17,968 in chips)
Seat 3: 6f5c84b (19,634 in chips)
Seat 4: 19afbefd (19,742 in chips)
Seat 5: 5fd2e10d (18,777 in chips)
Seat 6: 7b823c0e (20,012 in chips)
Seat 7: 4b5e559a (19,862 in chips)
Seat 8: 8f13b80d (20,534 in chips)
4b5e559a: posts the ante 18
8f13b80d: posts the ante 18
19afbefd: posts the ante 18
Hero: posts the ante 18
7b823c0e: posts the ante 18
6f5c84b: posts the ante 18
1a83b43e: posts the ante 18
5fd2e10d: posts the ante 18
4b5e559a: posts small blind 60
8f13b80d: posts big blind 120
*** HOLE CARDS ***
Dealt to 1a83b43e 
Dealt to Hero [9s 5h]
Dealt to 6f5c84b 
Dealt to 19afbefd 
Dealt to 5fd2e10d 
Dealt to 7b823c0e 
Dealt to 4b5e559a 
Dealt to 8f13b80d 
1a83b43e: folds
Hero: folds
6f5c84b: raises 120 to 240
19afbefd: folds
5fd2e10d: folds
7b823c0e: folds
4b5e559a: calls 180
8f13b80d: folds
*** FLOP *** [Ah Ad Kc]
4b5e559a: checks
6f5c84b: bets 246
4b5e559a: folds
Uncalled bet (246) returned to 6f5c84b
*** SHOWDOWN ***
6f5c84b collected 744 from pot
*** SUMMARY ***
Total pot 744 | Rake 0 | Jackpot 0 | Bingo 0 | Fortune 0 | Tax 0
Board [Ah Ad Kc]
Seat 1: 1a83b43e folded before Flop
Seat 2: Hero folded before Flop
Seat 3: 6f5c84b won (744)
Seat 4: 19afbefd folded before Flop
Seat 5: 5fd2e10d folded before Flop
Seat 6: 7b823c0e (button) folded before Flop
Seat 7: 4b5e559a (small blind) folded on the Flop
Seat 8: 8f13b80d (big blind) folded before Flop


Poker Hand #TM5693542618: Tournament #269070353, Bounty Hunters Deepstack Turbo $8.88 Hold'em No Limit - Level2(60/120(18)) - 2026/03/11 14:23:37
Table '16' 8-max Seat #5 is the button
Seat 1: 1a83b43e (18,594 in chips)
Seat 2: Hero (17,986 in chips)
Seat 3: 6f5c84b (19,652 in chips)
Seat 4: 19afbefd (20,000 in chips)
Seat 5: 5fd2e10d (18,231 in chips)
Seat 6: 7b823c0e (20,090 in chips)
Seat 7: 4b5e559a (20,000 in chips)
Seat 8: 8f13b80d (20,552 in chips)
4b5e559a: posts the ante 18
8f13b80d: posts the ante 18
19afbefd: posts the ante 18
Hero: posts the ante 18
6f5c84b: posts the ante 18
1a83b43e: posts the ante 18
7b823c0e: posts the ante 18
5fd2e10d: posts the ante 18
7b823c0e: posts small blind 60
4b5e559a: posts big blind 120
*** HOLE CARDS ***
Dealt to 1a83b43e 
Dealt to Hero [8d 2h]
Dealt to 6f5c84b 
Dealt to 19afbefd 
Dealt to 5fd2e10d 
Dealt to 7b823c0e 
Dealt to 4b5e559a 
Dealt to 8f13b80d 
8f13b80d: folds
1a83b43e: folds
Hero: folds
6f5c84b: folds
19afbefd: raises 120 to 240
5fd2e10d: raises 720 to 960
7b823c0e: folds
4b5e559a: folds
19afbefd: folds
Uncalled bet (720) returned to 5fd2e10d
*** SHOWDOWN ***
5fd2e10d collected 804 from pot
*** SUMMARY ***
Total pot 804 | Rake 0 | Jackpot 0 | Bingo 0 | Fortune 0 | Tax 0
Seat 1: 1a83b43e folded before Flop
Seat 2: Hero folded before Flop
Seat 3: 6f5c84b folded before Flop
Seat 4: 19afbefd folded before Flop
Seat 5: 5fd2e10d (button) collected (804)
Seat 6: 7b823c0e (small blind) folded before Flop
Seat 7: 4b5e559a (big blind) folded before Flop
Seat 8: 8f13b80d folded before Flop


Poker Hand #TM5693542616: Tournament #269070353, Bounty Hunters Deepstack Turbo $8.88 Hold'em No Limit - Level2(60/120(18)) - 2026/03/11 14:23:21
Table '16' 8-max Seat #3 is the button
Seat 1: 1a83b43e (18,612 in chips)
Seat 2: Hero (18,004 in chips)
Seat 3: 6f5c84b (19,670 in chips)
Seat 5: 5fd2e10d (18,309 in chips)
Seat 6: 7b823c0e (19,940 in chips)
Seat 8: 8f13b80d (20,570 in chips)
8f13b80d: posts the ante 18
Hero: posts the ante 18
6f5c84b: posts the ante 18
1a83b43e: posts the ante 18
7b823c0e: posts the ante 18
5fd2e10d: posts the ante 18
5fd2e10d: posts small blind 60
7b823c0e: posts big blind 120
*** HOLE CARDS ***
Dealt to 1a83b43e 
Dealt to Hero [4c Th]
Dealt to 6f5c84b 
Dealt to 5fd2e10d 
Dealt to 7b823c0e 
Dealt to 8f13b80d 
8f13b80d: folds
1a83b43e: folds
Hero: folds
6f5c84b: folds
5fd2e10d: folds
Uncalled bet (60) returned to 7b823c0e
*** SHOWDOWN ***
7b823c0e collected 228 from pot
*** SUMMARY ***
Total pot 228 | Rake 0 | Jackpot 0 | Bingo 0 | Fortune 0 | Tax 0
Seat 1: 1a83b43e folded before Flop
Seat 2: Hero folded before Flop
Seat 3: 6f5c84b (button) folded before Flop
Seat 5: 5fd2e10d (small blind) folded before Flop
Seat 6: 7b823c0e (big blind) collected (228)
Seat 8: 8f13b80d folded before Flop


Poker Hand #TM5693542607: Tournament #269070353, Bounty Hunters Deepstack Turbo $8.88 Hold'em No Limit - Level1(50/100(15)) - 2026/03/11 14:22:44
Table '16' 8-max Seat #2 is the button
Seat 1: 1a83b43e (18,627 in chips)
Seat 2: Hero (18,019 in chips)
Seat 3: 6f5c84b (19,885 in chips)
Seat 5: 5fd2e10d (18,877 in chips)
Seat 6: 7b823c0e (19,955 in chips)
Seat 7: 1da84753 (24,457 in chips)
Seat 8: 8f13b80d (20,585 in chips)
8f13b80d: posts the ante 15
Hero: posts the ante 15
1a83b43e: posts the ante 15
7b823c0e: posts the ante 15
6f5c84b: posts the ante 15
5fd2e10d: posts the ante 15
1da84753: posts the ante 15
6f5c84b: posts small blind 50
5fd2e10d: posts big blind 100
*** HOLE CARDS ***
Dealt to 1a83b43e 
Dealt to Hero [2s 4d]
Dealt to 6f5c84b 
Dealt to 5fd2e10d 
Dealt to 7b823c0e 
Dealt to 1da84753 
Dealt to 8f13b80d 
7b823c0e: folds
1da84753: raises 100 to 200
8f13b80d: folds
1a83b43e: folds
Hero: folds
6f5c84b: calls 150
5fd2e10d: calls 100
*** FLOP *** [8c 9s 4h]
6f5c84b: checks
5fd2e10d: checks
1da84753: bets 353
6f5c84b: folds
5fd2e10d: calls 353
*** TURN *** [8c 9s 4h] [6h]
5fd2e10d: checks
1da84753: bets 1,059
5fd2e10d: folds
Uncalled bet (1,059) returned to 1da84753
*** SHOWDOWN ***
1da84753 collected 1,411 from pot
*** SUMMARY ***
Total pot 1,411 | Rake 0 | Jackpot 0 | Bingo 0 | Fortune 0 | Tax 0
Board [8c 9s 4h 6h]
Seat 1: 1a83b43e folded before Flop
Seat 2: Hero (button) folded before Flop
Seat 3: 6f5c84b (small blind) folded on the Flop
Seat 5: 5fd2e10d (big blind) folded on the Turn
Seat 6: 7b823c0e folded before Flop
Seat 7: 1da84753 won (1,411)
Seat 8: 8f13b80d folded before Flop


Poker Hand #TM5693542594: Tournament #269070353, Bounty Hunters Deepstack Turbo $8.88 Hold'em No Limit - Level1(50/100(15)) - 2026/03/11 14:21:45
Table '16' 8-max Seat #1 is the button
Seat 1: 1a83b43e (19,495 in chips)
Seat 2: Hero (18,084 in chips)
Seat 3: 6f5c84b (20,000 in chips)
Seat 4: 6b2618d (19,645 in chips)
Seat 5: 5fd2e10d (19,745 in chips)
Seat 6: 7b823c0e (19,970 in chips)
Seat 7: 1da84753 (22,296 in chips)
Seat 8: 8f13b80d (20,600 in chips)
8f13b80d: posts the ante 15
6b2618d: posts the ante 15
Hero: posts the ante 15
1a83b43e: posts the ante 15
7b823c0e: posts the ante 15
6f5c84b: posts the ante 15
5fd2e10d: posts the ante 15
1da84753: posts the ante 15
Hero: posts small blind 50
6f5c84b: posts big blind 100
*** HOLE CARDS ***
Dealt to 1a83b43e 
Dealt to Hero [6d 3d]
Dealt to 6f5c84b 
Dealt to 6b2618d 
Dealt to 5fd2e10d 
Dealt to 7b823c0e 
Dealt to 1da84753 
Dealt to 8f13b80d 
6b2618d: raises 100 to 200
5fd2e10d: calls 200
7b823c0e: folds
1da84753: raises 653 to 853
8f13b80d: folds
1a83b43e: calls 853
Hero: folds
6f5c84b: folds
6b2618d: folds
5fd2e10d: calls 653
*** FLOP *** [Qh Ts 9s]
5fd2e10d: checks
1da84753: bets 3,029
1a83b43e: folds
5fd2e10d: folds
Uncalled bet (3,029) returned to 1da84753
*** SHOWDOWN ***
1da84753 collected 3,029 from pot
*** SUMMARY ***
Total pot 3,029 | Rake 0 | Jackpot 0 | Bingo 0 | Fortune 0 | Tax 0
Board [Qh Ts 9s]
Seat 1: 1a83b43e (button) folded on the Flop
Seat 2: Hero (small blind) folded before Flop
Seat 3: 6f5c84b (big blind) folded before Flop
Seat 4: 6b2618d folded before Flop
Seat 5: 5fd2e10d folded on the Flop
Seat 6: 7b823c0e folded before Flop
Seat 7: 1da84753 won (3,029)
Seat 8: 8f13b80d folded before Flop


Poker Hand #TM5693542590: Tournament #269070353, Bounty Hunters Deepstack Turbo $8.88 Hold'em No Limit - Level1(50/100(15)) - 2026/03/11 14:21:18
Table '16' 8-max Seat #8 is the button
Seat 1: 1a83b43e (19,560 in chips)
Seat 2: Hero (18,399 in chips)
Seat 4: 6b2618d (19,660 in chips)
Seat 5: 5fd2e10d (19,760 in chips)
Seat 6: 7b823c0e (19,985 in chips)
Seat 7: 1da84753 (21,856 in chips)
Seat 8: 8f13b80d (20,615 in chips)
8f13b80d: posts the ante 15
6b2618d: posts the ante 15
Hero: posts the ante 15
7b823c0e: posts the ante 15
1a83b43e: posts the ante 15
5fd2e10d: posts the ante 15
1da84753: posts the ante 15
1a83b43e: posts small blind 50
Hero: posts big blind 100
*** HOLE CARDS ***
Dealt to 1a83b43e 
Dealt to Hero [Ts 7d]
Dealt to 6b2618d 
Dealt to 5fd2e10d 
Dealt to 7b823c0e 
Dealt to 1da84753 
Dealt to 8f13b80d 
6b2618d: folds
5fd2e10d: folds
7b823c0e: folds
1da84753: raises 200 to 300
8f13b80d: folds
1a83b43e: folds
Hero: calls 200
*** FLOP *** [8h Jh Kh]
Hero: checks
1da84753: bets 378
Hero: folds
Uncalled bet (378) returned to 1da84753
*** SHOWDOWN ***
1da84753 collected 755 from pot
*** SUMMARY ***
Total pot 755 | Rake 0 | Jackpot 0 | Bingo 0 | Fortune 0 | Tax 0
Board [8h Jh Kh]
Seat 1: 1a83b43e (small blind) folded before Flop
Seat 2: Hero (big blind) folded on the Flop
Seat 4: 6b2618d folded before Flop
Seat 5: 5fd2e10d folded before Flop
Seat 6: 7b823c0e folded before Flop
Seat 7: 1da84753 won (755)
Seat 8: 8f13b80d (button) folded before Flop


Poker Hand #TM5693542580: Tournament #269070353, Bounty Hunters Deepstack Turbo $8.88 Hold'em No Limit - Level1(50/100(15)) - 2026/03/11 14:20:32
Table '16' 8-max Seat #7 is the button
Seat 1: 1a83b43e (19,675 in chips)
Seat 2: Hero (19,955 in chips)
Seat 3: 8ed4276a (39,320 in chips)
Seat 4: 6b2618d (19,675 in chips)
Seat 5: 5fd2e10d (19,775 in chips)
Seat 6: 7b823c0e (20,000 in chips)
Seat 7: 1da84753 (20,060 in chips)
Seat 8: 8f13b80d (20,680 in chips)
8ed4276a: posts the ante 15
6b2618d: posts the ante 15
8f13b80d: posts the ante 15
Hero: posts the ante 15
7b823c0e: posts the ante 15
1a83b43e: posts the ante 15
5fd2e10d: posts the ante 15
1da84753: posts the ante 15
8f13b80d: posts small blind 50
1a83b43e: posts big blind 100
*** HOLE CARDS ***
Dealt to 1a83b43e 
Dealt to Hero [9h Kh]
Dealt to 8ed4276a 
Dealt to 6b2618d 
Dealt to 5fd2e10d 
Dealt to 7b823c0e 
Dealt to 1da84753 
Dealt to 8f13b80d 
Hero: raises 100 to 200
8ed4276a: folds
6b2618d: folds
5fd2e10d: folds
7b823c0e: folds
1da84753: raises 503 to 703
8f13b80d: folds
1a83b43e: folds
Hero: calls 503
*** FLOP *** [8d 7d Qh]
Hero: checks
1da84753: bets 838
Hero: calls 838
*** TURN *** [8d 7d Qh] [Jd]
Hero: checks
1da84753: bets 2,514
Hero: folds
Uncalled bet (2,514) returned to 1da84753
*** SHOWDOWN ***
1da84753 collected 3,352 from pot
*** SUMMARY ***
Total pot 3,352 | Rake 0 | Jackpot 0 | Bingo 0 | Fortune 0 | Tax 0
Board [8d 7d Qh Jd]
Seat 1: 1a83b43e (big blind) folded before Flop
Seat 2: Hero folded on the Turn
Seat 3: 8ed4276a folded before Flop
Seat 4: 6b2618d folded before Flop
Seat 5: 5fd2e10d folded before Flop
Seat 6: 7b823c0e folded before Flop
Seat 7: 1da84753 (button) won (3,352)
Seat 8: 8f13b80d (small blind) folded before Flop


Poker Hand #TM5693542568: Tournament #269070353, Bounty Hunters Deepstack Turbo $8.88 Hold'em No Limit - Level1(50/100(15)) - 2026/03/11 14:19:43
Table '16' 8-max Seat #5 is the button
Seat 1: 1a83b43e (19,690 in chips)
Seat 2: Hero (19,970 in chips)
Seat 3: 8ed4276a (39,935 in chips)
Seat 4: 6b2618d (19,690 in chips)
Seat 5: 5fd2e10d (19,790 in chips)
Seat 7: 1da84753 (20,125 in chips)
Seat 8: 8f13b80d (19,940 in chips)
8ed4276a: posts the ante 15
6b2618d: posts the ante 15
8f13b80d: posts the ante 15
Hero: posts the ante 15
1a83b43e: posts the ante 15
5fd2e10d: posts the ante 15
1da84753: posts the ante 15
1da84753: posts small blind 50
8f13b80d: posts big blind 100
*** HOLE CARDS ***
Dealt to 1a83b43e 
Dealt to Hero [7s Jh]
Dealt to 8ed4276a 
Dealt to 6b2618d 
Dealt to 5fd2e10d 
Dealt to 1da84753 
Dealt to 8f13b80d 
1a83b43e: folds
Hero: folds
8ed4276a: calls 100
6b2618d: folds
5fd2e10d: folds
1da84753: folds
8f13b80d: raises 500 to 600
8ed4276a: calls 500
*** FLOP *** [As 2s 3s]
8f13b80d: bets 300
8ed4276a: folds
Uncalled bet (300) returned to 8f13b80d
*** SHOWDOWN ***
8f13b80d collected 1,355 from pot
*** SUMMARY ***
Total pot 1,355 | Rake 0 | Jackpot 0 | Bingo 0 | Fortune 0 | Tax 0
Board [As 2s 3s]
Seat 1: 1a83b43e folded before Flop
Seat 2: Hero folded before Flop
Seat 3: 8ed4276a folded on the Flop
Seat 4: 6b2618d folded before Flop
Seat 5: 5fd2e10d (button) folded before Flop
Seat 7: 1da84753 (small blind) folded before Flop
Seat 8: 8f13b80d (big blind) won (1,355)


Poker Hand #TM5693542557: Tournament #269070353, Bounty Hunters Deepstack Turbo $8.88 Hold'em No Limit - Level1(50/100(15)) - 2026/03/11 14:18:37
Table '16' 8-max Seat #4 is the button
Seat 1: 1a83b43e (19,705 in chips)
Seat 2: Hero (19,985 in chips)
Seat 3: 8ed4276a (19,905 in chips)
Seat 4: 6b2618d (19,705 in chips)
Seat 5: 5fd2e10d (19,855 in chips)
Seat 7: 1da84753 (40,030 in chips)
Seat 8: 8f13b80d (19,955 in chips)
8ed4276a: posts the ante 15
6b2618d: posts the ante 15
8f13b80d: posts the ante 15
Hero: posts the ante 15
1a83b43e: posts the ante 15
5fd2e10d: posts the ante 15
1da84753: posts the ante 15
5fd2e10d: posts small blind 50
1da84753: posts big blind 100
*** HOLE CARDS ***
Dealt to 1a83b43e 
Dealt to Hero [8c Ks]
Dealt to 8ed4276a 
Dealt to 6b2618d 
Dealt to 5fd2e10d 
Dealt to 1da84753 
Dealt to 8f13b80d 
8f13b80d: folds
1a83b43e: folds
Hero: folds
8ed4276a: raises 100 to 200
6b2618d: folds
5fd2e10d: folds
1da84753: calls 100
*** FLOP *** [9s 3s Jh]
1da84753: checks
8ed4276a: bets 278
1da84753: raises 278 to 556
8ed4276a: calls 278
*** TURN *** [9s 3s Jh] [5c]
1da84753: bets 1,667
8ed4276a: calls 1,667
*** RIVER *** [9s 3s Jh 5c] [As]
1da84753: bets 37,592 and is all-in
8ed4276a: calls 17,467 and is all-in
Uncalled bet (20,125) returned to 1da84753
1da84753: shows [Ts 2s] (a flush Ace high)
8ed4276a: shows [Qs 8s] (a flush Ace high)
*** SHOWDOWN ***
8ed4276a collected 39,935 from pot
*** SUMMARY ***
Total pot 39,935 | Rake 0 | Jackpot 0 | Bingo 0 | Fortune 0 | Tax 0
Board [9s 3s Jh 5c As]
Seat 1: 1a83b43e folded before Flop
Seat 2: Hero folded before Flop
Seat 3: 8ed4276a showed [Qs 8s] and won (39,935) with a flush Ace high
Seat 4: 6b2618d (button) folded before Flop
Seat 5: 5fd2e10d (small blind) folded before Flop
Seat 7: 1da84753 (big blind) showed [Ts 2s] and lost with a flush Ace high
Seat 8: 8f13b80d folded before Flop


Poker Hand #TM5693542542: Tournament #269070353, Bounty Hunters Deepstack Turbo $8.88 Hold'em No Limit - Level1(50/100(15)) - 2026/03/11 14:17:38
Table '16' 8-max Seat #3 is the button
Seat 1: 1a83b43e (19,920 in chips)
Seat 2: Hero (20,000 in chips)
Seat 3: 8ed4276a (19,920 in chips)
Seat 4: 6b2618d (19,770 in chips)
Seat 5: 5fd2e10d (19,970 in chips)
Seat 6: 3ed702df (19,770 in chips)
Seat 7: 1da84753 (40,680 in chips)
Seat 8: 8f13b80d (19,970 in chips)
8ed4276a: posts the ante 15
8f13b80d: posts the ante 15
6b2618d: posts the ante 15
Hero: posts the ante 15
3ed702df: posts the ante 15
1a83b43e: posts the ante 15
5fd2e10d: posts the ante 15
1da84753: posts the ante 15
6b2618d: posts small blind 50
5fd2e10d: posts big blind 100
*** HOLE CARDS ***
Dealt to 1a83b43e 
Dealt to Hero [7c 5c]
Dealt to 8ed4276a 
Dealt to 6b2618d 
Dealt to 5fd2e10d 
Dealt to 3ed702df 
Dealt to 1da84753 
Dealt to 8f13b80d 
3ed702df: raises 100 to 200
1da84753: calls 200
8f13b80d: folds
1a83b43e: calls 200
Hero: folds
8ed4276a: folds
6b2618d: folds
5fd2e10d: folds
*** FLOP *** [Qc 7h 2h]
3ed702df: bets 435
1da84753: calls 435
1a83b43e: folds
*** TURN *** [Qc 7h 2h] [6s]
3ed702df: bets 1,305
1da84753: folds
Uncalled bet (1,305) returned to 3ed702df
*** SHOWDOWN ***
3ed702df collected 1,740 from pot
*** SUMMARY ***
Total pot 1,740 | Rake 0 | Jackpot 0 | Bingo 0 | Fortune 0 | Tax 0
Board [Qc 7h 2h 6s]
Seat 1: 1a83b43e folded on the Flop
Seat 2: Hero folded before Flop
Seat 3: 8ed4276a (button) folded before Flop
Seat 4: 6b2618d (small blind) folded before Flop
Seat 5: 5fd2e10d (big blind) folded before Flop
Seat 6: 3ed702df won (1,740)
Seat 7: 1da84753 folded on the Turn
Seat 8: 8f13b80d folded before Flop


