Poker Hand #TM5701932120: Tournament #269579895, Bounty Hunters Deepstack Turbo $10.80 Hold'em No Limit - Level7(200/400(60)) - 2026/03/13 23:13:42
Table '62' 8-max Seat #8 is the button
Seat 1: d91b31a7 (33,185 in chips)
Seat 2: ab181ad6 (24,703 in chips)
Seat 3: 7623fb31 (10,946 in chips)
Seat 4: Hero (39,384 in chips)
Seat 5: 889b7d3 (91,955 in chips)
Seat 6: eee8c0bc (23,831 in chips)
Seat 7: 70a0fb61 (37,494 in chips)
Seat 8: f3364ff4 (19,703 in chips)
7623fb31: posts the ante 60
Hero: posts the ante 60
eee8c0bc: posts the ante 60
ab181ad6: posts the ante 60
d91b31a7: posts the ante 60
f3364ff4: posts the ante 60
889b7d3: posts the ante 60
70a0fb61: posts the ante 60
d91b31a7: posts small blind 200
ab181ad6: posts big blind 400
*** HOLE CARDS ***
Dealt to d91b31a7 
Dealt to ab181ad6 
Dealt to 7623fb31 
Dealt to Hero [Th 7d]
Dealt to 889b7d3 
Dealt to eee8c0bc 
Dealt to 70a0fb61 
Dealt to f3364ff4 
7623fb31: folds
Hero: folds
889b7d3: folds
eee8c0bc: folds
70a0fb61: folds
f3364ff4: raises 400 to 800
d91b31a7: folds
ab181ad6: folds
Uncalled bet (400) returned to f3364ff4
*** SHOWDOWN ***
f3364ff4 collected 1,480 from pot
*** SUMMARY ***
Total pot 1,480 | Rake 0 | Jackpot 0 | Bingo 0 | Fortune 0 | Tax 0
Seat 1: d91b31a7 (small blind) folded before Flop
Seat 2: ab181ad6 (big blind) folded before Flop
Seat 3: 7623fb31 folded before Flop
Seat 4: Hero folded before Flop
Seat 5: 889b7d3 folded before Flop
Seat 6: eee8c0bc folded before Flop
Seat 7: 70a0fb61 folded before Flop
Seat 8: f3364ff4 (button) collected (1,480)


Poker Hand #TM5701932107: Tournament #269579895, Bounty Hunters Deepstack Turbo $10.80 Hold'em No Limit - Level7(200/400(60)) - 2026/03/13 23:12:54
Table '62' 8-max Seat #7 is the button
Seat 1: d91b31a7 (33,645 in chips)
Seat 2: ab181ad6 (24,763 in chips)
Seat 3: 7623fb31 (11,006 in chips)
Seat 4: Hero (39,444 in chips)
Seat 5: 889b7d3 (108,692 in chips)
Seat 6: eee8c0bc (23,891 in chips)
Seat 7: 70a0fb61 (16,737 in chips)
Seat 8: f3364ff4 (23,023 in chips)
7623fb31: posts the ante 60
Hero: posts the ante 60
eee8c0bc: posts the ante 60
ab181ad6: posts the ante 60
d91b31a7: posts the ante 60
f3364ff4: posts the ante 60
889b7d3: posts the ante 60
70a0fb61: posts the ante 60
f3364ff4: posts small blind 200
d91b31a7: posts big blind 400
*** HOLE CARDS ***
Dealt to d91b31a7 
Dealt to ab181ad6 
Dealt to 7623fb31 
Dealt to Hero [7d Kh]
Dealt to 889b7d3 
Dealt to eee8c0bc 
Dealt to 70a0fb61 
Dealt to f3364ff4 
ab181ad6: folds
7623fb31: folds
Hero: folds
889b7d3: raises 400 to 800
eee8c0bc: folds
70a0fb61: calls 800
f3364ff4: raises 2,460 to 3,260
d91b31a7: folds
889b7d3: raises 105,372 to 108,632 and is all-in
70a0fb61: calls 15,877 and is all-in
f3364ff4: folds
Uncalled bet (91,955) returned to 889b7d3
889b7d3: shows [Ad Qs]
70a0fb61: shows [Jh Th]
*** FLOP *** [9s 7s Jd]
*** TURN *** [9s 7s Jd] [8s]
*** RIVER *** [9s 7s Jd 8s] [Ah]
*** SHOWDOWN ***
70a0fb61 collected 37,494 from pot
*** SUMMARY ***
Total pot 37,494 | Rake 0 | Jackpot 0 | Bingo 0 | Fortune 0 | Tax 0
Board [9s 7s Jd 8s Ah]
Seat 1: d91b31a7 (big blind) folded before Flop
Seat 2: ab181ad6 folded before Flop
Seat 3: 7623fb31 folded before Flop
Seat 4: Hero folded before Flop
Seat 5: 889b7d3 showed [Ad Qs] and lost with a pair of Aces
Seat 6: eee8c0bc folded before Flop
Seat 7: 70a0fb61 (button) showed [Jh Th] and won (37,494) with a straight, Jack to Seven
Seat 8: f3364ff4 (small blind) folded before Flop


Poker Hand #TM5701932097: Tournament #269579895, Bounty Hunters Deepstack Turbo $10.80 Hold'em No Limit - Level7(200/400(60)) - 2026/03/13 23:12:07
Table '62' 8-max Seat #6 is the button
Seat 1: d91b31a7 (33,705 in chips)
Seat 2: ab181ad6 (24,823 in chips)
Seat 3: 7623fb31 (11,866 in chips)
Seat 4: Hero (39,504 in chips)
Seat 5: 889b7d3 (108,752 in chips)
Seat 6: eee8c0bc (23,951 in chips)
Seat 7: 70a0fb61 (16,997 in chips)
Seat 8: f3364ff4 (21,603 in chips)
7623fb31: posts the ante 60
Hero: posts the ante 60
eee8c0bc: posts the ante 60
ab181ad6: posts the ante 60
d91b31a7: posts the ante 60
f3364ff4: posts the ante 60
889b7d3: posts the ante 60
70a0fb61: posts the ante 60
70a0fb61: posts small blind 200
f3364ff4: posts big blind 400
*** HOLE CARDS ***
Dealt to d91b31a7 
Dealt to ab181ad6 
Dealt to 7623fb31 
Dealt to Hero [Kc Td]
Dealt to 889b7d3 
Dealt to eee8c0bc 
Dealt to 70a0fb61 
Dealt to f3364ff4 
d91b31a7: folds
ab181ad6: folds
7623fb31: raises 400 to 800
Hero: folds
889b7d3: folds
eee8c0bc: folds
70a0fb61: folds
f3364ff4: raises 12,800 to 13,600
7623fb31: folds
Uncalled bet (12,800) returned to f3364ff4
*** SHOWDOWN ***
f3364ff4 collected 2,280 from pot
*** SUMMARY ***
Total pot 2,280 | Rake 0 | Jackpot 0 | Bingo 0 | Fortune 0 | Tax 0
Seat 1: d91b31a7 folded before Flop
Seat 2: ab181ad6 folded before Flop
Seat 3: 7623fb31 folded before Flop
Seat 4: Hero folded before Flop
Seat 5: 889b7d3 folded before Flop
Seat 6: eee8c0bc (button) folded before Flop
Seat 7: 70a0fb61 (small blind) folded before Flop
Seat 8: f3364ff4 (big blind) collected (2,280)


Poker Hand #TM5701932082: Tournament #269579895, Bounty Hunters Deepstack Turbo $10.80 Hold'em No Limit - Level7(200/400(60)) - 2026/03/13 23:11:15
Table '62' 8-max Seat #5 is the button
Seat 1: d91b31a7 (33,765 in chips)
Seat 2: ab181ad6 (24,883 in chips)
Seat 3: 7623fb31 (11,926 in chips)
Seat 4: Hero (34,891 in chips)
Seat 5: 889b7d3 (108,812 in chips)
Seat 6: eee8c0bc (24,211 in chips)
Seat 7: 70a0fb61 (21,050 in chips)
Seat 8: f3364ff4 (21,663 in chips)
7623fb31: posts the ante 60
Hero: posts the ante 60
ab181ad6: posts the ante 60
eee8c0bc: posts the ante 60
d91b31a7: posts the ante 60
f3364ff4: posts the ante 60
889b7d3: posts the ante 60
70a0fb61: posts the ante 60
eee8c0bc: posts small blind 200
70a0fb61: posts big blind 400
*** HOLE CARDS ***
Dealt to d91b31a7 
Dealt to ab181ad6 
Dealt to 7623fb31 
Dealt to Hero [Kc Js]
Dealt to 889b7d3 
Dealt to eee8c0bc 
Dealt to 70a0fb61 
Dealt to f3364ff4 
f3364ff4: folds
d91b31a7: folds
ab181ad6: folds
7623fb31: folds
Hero: raises 400 to 800
889b7d3: folds
eee8c0bc: folds
70a0fb61: calls 400
*** FLOP *** [Tc 9s 4h]
70a0fb61: checks
Hero: bets 753
70a0fb61: calls 753
*** TURN *** [Tc 9s 4h] [5d]
70a0fb61: checks
Hero: checks
*** RIVER *** [Tc 9s 4h 5d] [Jc]
70a0fb61: checks
Hero: bets 2,440
70a0fb61: calls 2,440
Hero: shows [Kc Js] (a pair of Jacks)
70a0fb61: shows [Ah 9h] (a pair of Nines)
*** SHOWDOWN ***
Hero collected 8,666 from pot
*** SUMMARY ***
Total pot 8,666 | Rake 0 | Jackpot 0 | Bingo 0 | Fortune 0 | Tax 0
Board [Tc 9s 4h 5d Jc]
Seat 1: d91b31a7 folded before Flop
Seat 2: ab181ad6 folded before Flop
Seat 3: 7623fb31 folded before Flop
Seat 4: Hero showed [Kc Js] and won (8,666) with a pair of Jacks
Seat 5: 889b7d3 (button) folded before Flop
Seat 6: eee8c0bc (small blind) folded before Flop
Seat 7: 70a0fb61 (big blind) showed [Ah 9h] and lost with a pair of Nines
Seat 8: f3364ff4 folded before Flop


Poker Hand #TM5701932075: Tournament #269579895, Bounty Hunters Deepstack Turbo $10.80 Hold'em No Limit - Level7(200/400(60)) - 2026/03/13 23:10:39
Table '62' 8-max Seat #4 is the button
Seat 1: d91b31a7 (33,825 in chips)
Seat 2: ab181ad6 (23,863 in chips)
Seat 3: 7623fb31 (11,986 in chips)
Seat 4: Hero (34,951 in chips)
Seat 5: 889b7d3 (109,072 in chips)
Seat 6: eee8c0bc (24,671 in chips)
Seat 7: 70a0fb61 (21,110 in chips)
Seat 8: f3364ff4 (21,723 in chips)
7623fb31: posts the ante 60
Hero: posts the ante 60
ab181ad6: posts the ante 60
eee8c0bc: posts the ante 60
d91b31a7: posts the ante 60
f3364ff4: posts the ante 60
889b7d3: posts the ante 60
70a0fb61: posts the ante 60
889b7d3: posts small blind 200
eee8c0bc: posts big blind 400
*** HOLE CARDS ***
Dealt to d91b31a7 
Dealt to ab181ad6 
Dealt to 7623fb31 
Dealt to Hero [9s 2c]
Dealt to 889b7d3 
Dealt to eee8c0bc 
Dealt to 70a0fb61 
Dealt to f3364ff4 
70a0fb61: folds
f3364ff4: folds
d91b31a7: folds
ab181ad6: raises 800 to 1,200
7623fb31: folds
Hero: folds
889b7d3: folds
eee8c0bc: folds
Uncalled bet (800) returned to ab181ad6
*** SHOWDOWN ***
ab181ad6 collected 1,480 from pot
*** SUMMARY ***
Total pot 1,480 | Rake 0 | Jackpot 0 | Bingo 0 | Fortune 0 | Tax 0
Seat 1: d91b31a7 folded before Flop
Seat 2: ab181ad6 collected (1,480)
Seat 3: 7623fb31 folded before Flop
Seat 4: Hero (button) folded before Flop
Seat 5: 889b7d3 (small blind) folded before Flop
Seat 6: eee8c0bc (big blind) folded before Flop
Seat 7: 70a0fb61 folded before Flop
Seat 8: f3364ff4 folded before Flop


Poker Hand #TM5701932066: Tournament #269579895, Bounty Hunters Deepstack Turbo $10.80 Hold'em No Limit - Level7(200/400(60)) - 2026/03/13 23:10:15
Table '62' 8-max Seat #3 is the button
Seat 1: d91b31a7 (33,885 in chips)
Seat 2: ab181ad6 (23,923 in chips)
Seat 3: 7623fb31 (10,966 in chips)
Seat 4: Hero (35,211 in chips)
Seat 5: 889b7d3 (109,532 in chips)
Seat 6: eee8c0bc (24,731 in chips)
Seat 7: 70a0fb61 (21,170 in chips)
Seat 8: f3364ff4 (21,783 in chips)
7623fb31: posts the ante 60
Hero: posts the ante 60
ab181ad6: posts the ante 60
eee8c0bc: posts the ante 60
d91b31a7: posts the ante 60
f3364ff4: posts the ante 60
889b7d3: posts the ante 60
70a0fb61: posts the ante 60
Hero: posts small blind 200
889b7d3: posts big blind 400
*** HOLE CARDS ***
Dealt to d91b31a7 
Dealt to ab181ad6 
Dealt to 7623fb31 
Dealt to Hero [2d Kh]
Dealt to 889b7d3 
Dealt to eee8c0bc 
Dealt to 70a0fb61 
Dealt to f3364ff4 
eee8c0bc: folds
70a0fb61: folds
f3364ff4: folds
d91b31a7: folds
ab181ad6: folds
7623fb31: raises 400 to 800
Hero: folds
889b7d3: folds
Uncalled bet (400) returned to 7623fb31
*** SHOWDOWN ***
7623fb31 collected 1,480 from pot
*** SUMMARY ***
Total pot 1,480 | Rake 0 | Jackpot 0 | Bingo 0 | Fortune 0 | Tax 0
Seat 1: d91b31a7 folded before Flop
Seat 2: ab181ad6 folded before Flop
Seat 3: 7623fb31 (button) collected (1,480)
Seat 4: Hero (small blind) folded before Flop
Seat 5: 889b7d3 (big blind) folded before Flop
Seat 6: eee8c0bc folded before Flop
Seat 7: 70a0fb61 folded before Flop
Seat 8: f3364ff4 folded before Flop


Poker Hand #TM5701932053: Tournament #269579895, Bounty Hunters Deepstack Turbo $10.80 Hold'em No Limit - Level6(150/300(45)) - 2026/03/13 23:09:24
Table '62' 8-max Seat #2 is the button
Seat 1: d91b31a7 (34,590 in chips)
Seat 2: ab181ad6 (23,968 in chips)
Seat 3: 7623fb31 (11,161 in chips)
Seat 4: Hero (35,556 in chips)
Seat 5: 889b7d3 (109,577 in chips)
Seat 6: eee8c0bc (23,306 in chips)
Seat 7: 70a0fb61 (21,215 in chips)
Seat 8: f3364ff4 (21,828 in chips)
7623fb31: posts the ante 45
Hero: posts the ante 45
ab181ad6: posts the ante 45
eee8c0bc: posts the ante 45
d91b31a7: posts the ante 45
f3364ff4: posts the ante 45
889b7d3: posts the ante 45
70a0fb61: posts the ante 45
7623fb31: posts small blind 150
Hero: posts big blind 300
*** HOLE CARDS ***
Dealt to d91b31a7 
Dealt to ab181ad6 
Dealt to 7623fb31 
Dealt to Hero [5s Td]
Dealt to 889b7d3 
Dealt to eee8c0bc 
Dealt to 70a0fb61 
Dealt to f3364ff4 
889b7d3: folds
eee8c0bc: raises 360 to 660
70a0fb61: folds
f3364ff4: folds
d91b31a7: calls 660
ab181ad6: folds
7623fb31: folds
Hero: folds
*** FLOP *** [9d 5h 8d]
eee8c0bc: checks
d91b31a7: checks
*** TURN *** [9d 5h 8d] [As]
eee8c0bc: bets 1,800
d91b31a7: folds
Uncalled bet (1,800) returned to eee8c0bc
*** SHOWDOWN ***
eee8c0bc collected 2,130 from pot
*** SUMMARY ***
Total pot 2,130 | Rake 0 | Jackpot 0 | Bingo 0 | Fortune 0 | Tax 0
Board [9d 5h 8d As]
Seat 1: d91b31a7 folded on the Turn
Seat 2: ab181ad6 (button) folded before Flop
Seat 3: 7623fb31 (small blind) folded before Flop
Seat 4: Hero (big blind) folded before Flop
Seat 5: 889b7d3 folded before Flop
Seat 6: eee8c0bc won (2,130)
Seat 7: 70a0fb61 folded before Flop
Seat 8: f3364ff4 folded before Flop


Poker Hand #TM5701932041: Tournament #269579895, Bounty Hunters Deepstack Turbo $10.80 Hold'em No Limit - Level6(150/300(45)) - 2026/03/13 23:08:37
Table '62' 8-max Seat #1 is the button
Seat 1: d91b31a7 (34,635 in chips)
Seat 2: ab181ad6 (24,163 in chips)
Seat 3: 7623fb31 (11,956 in chips)
Seat 4: Hero (35,601 in chips)
Seat 5: 889b7d3 (109,622 in chips)
Seat 6: eee8c0bc (23,351 in chips)
Seat 7: 70a0fb61 (20,000 in chips)
Seat 8: f3364ff4 (21,873 in chips)
7623fb31: posts the ante 45
Hero: posts the ante 45
eee8c0bc: posts the ante 45
ab181ad6: posts the ante 45
d91b31a7: posts the ante 45
f3364ff4: posts the ante 45
889b7d3: posts the ante 45
70a0fb61: posts the ante 45
ab181ad6: posts small blind 150
7623fb31: posts big blind 300
*** HOLE CARDS ***
Dealt to d91b31a7 
Dealt to ab181ad6 
Dealt to 7623fb31 
Dealt to Hero [8h 6h]
Dealt to 889b7d3 
Dealt to eee8c0bc 
Dealt to 70a0fb61 
Dealt to f3364ff4 
Hero: folds
889b7d3: folds
eee8c0bc: folds
70a0fb61: raises 450 to 750
f3364ff4: folds
d91b31a7: folds
ab181ad6: folds
7623fb31: calls 450
*** FLOP *** [3s Jd Jh]
7623fb31: checks
70a0fb61: checks
*** TURN *** [3s Jd Jh] [8d]
7623fb31: checks
70a0fb61: bets 664
7623fb31: folds
Uncalled bet (664) returned to 70a0fb61
*** SHOWDOWN ***
70a0fb61 collected 2,010 from pot
*** SUMMARY ***
Total pot 2,010 | Rake 0 | Jackpot 0 | Bingo 0 | Fortune 0 | Tax 0
Board [3s Jd Jh 8d]
Seat 1: d91b31a7 (button) folded before Flop
Seat 2: ab181ad6 (small blind) folded before Flop
Seat 3: 7623fb31 (big blind) folded on the Turn
Seat 4: Hero folded before Flop
Seat 5: 889b7d3 folded before Flop
Seat 6: eee8c0bc folded before Flop
Seat 7: 70a0fb61 won (2,010)
Seat 8: f3364ff4 folded before Flop


Poker Hand #TM5701932030: Tournament #269579895, Bounty Hunters Deepstack Turbo $10.80 Hold'em No Limit - Level6(150/300(45)) - 2026/03/13 23:08:06
Table '62' 8-max Seat #8 is the button
Seat 1: d91b31a7 (34,830 in chips)
Seat 2: ab181ad6 (24,508 in chips)
Seat 3: 7623fb31 (12,001 in chips)
Seat 4: Hero (35,646 in chips)
Seat 5: 889b7d3 (108,902 in chips)
Seat 6: eee8c0bc (23,396 in chips)
Seat 8: f3364ff4 (21,918 in chips)
7623fb31: posts the ante 45
Hero: posts the ante 45
eee8c0bc: posts the ante 45
ab181ad6: posts the ante 45
d91b31a7: posts the ante 45
f3364ff4: posts the ante 45
889b7d3: posts the ante 45
d91b31a7: posts small blind 150
ab181ad6: posts big blind 300
*** HOLE CARDS ***
Dealt to d91b31a7 
Dealt to ab181ad6 
Dealt to 7623fb31 
Dealt to Hero [3h 6s]
Dealt to 889b7d3 
Dealt to eee8c0bc 
Dealt to f3364ff4 
7623fb31: folds
Hero: folds
889b7d3: raises 300 to 600
eee8c0bc: folds
f3364ff4: folds
d91b31a7: folds
ab181ad6: folds
Uncalled bet (300) returned to 889b7d3
*** SHOWDOWN ***
889b7d3 collected 1,065 from pot
*** SUMMARY ***
Total pot 1,065 | Rake 0 | Jackpot 0 | Bingo 0 | Fortune 0 | Tax 0
Seat 1: d91b31a7 (small blind) folded before Flop
Seat 2: ab181ad6 (big blind) folded before Flop
Seat 3: 7623fb31 folded before Flop
Seat 4: Hero folded before Flop
Seat 5: 889b7d3 collected (1,065)
Seat 6: eee8c0bc folded before Flop
Seat 8: f3364ff4 (button) folded before Flop


Poker Hand #TM5701932016: Tournament #269579895, Bounty Hunters Deepstack Turbo $10.80 Hold'em No Limit - Level6(150/300(45)) - 2026/03/13 23:06:55
Table '62' 8-max Seat #7 is the button
Seat 1: d91b31a7 (35,175 in chips)
Seat 2: ab181ad6 (24,553 in chips)
Seat 3: 7623fb31 (12,046 in chips)
Seat 4: Hero (35,691 in chips)
Seat 5: 889b7d3 (93,356 in chips)
Seat 6: eee8c0bc (25,549 in chips)
Seat 7: e1428f31 (12,718 in chips)
Seat 8: f3364ff4 (22,113 in chips)
7623fb31: posts the ante 45
Hero: posts the ante 45
eee8c0bc: posts the ante 45
ab181ad6: posts the ante 45
d91b31a7: posts the ante 45
e1428f31: posts the ante 45
f3364ff4: posts the ante 45
889b7d3: posts the ante 45
f3364ff4: posts small blind 150
d91b31a7: posts big blind 300
*** HOLE CARDS ***
Dealt to d91b31a7 
Dealt to ab181ad6 
Dealt to 7623fb31 
Dealt to Hero [Kc 5s]
Dealt to 889b7d3 
Dealt to eee8c0bc 
Dealt to e1428f31 
Dealt to f3364ff4 
ab181ad6: folds
7623fb31: folds
Hero: folds
889b7d3: raises 300 to 600
eee8c0bc: raises 1,508 to 2,108
e1428f31: raises 10,565 to 12,673 and is all-in
f3364ff4: folds
d91b31a7: folds
889b7d3: raises 28,264 to 40,937
eee8c0bc: folds
Uncalled bet (28,264) returned to 889b7d3
889b7d3: shows [Qh Qd]
e1428f31: shows [As Jh]
*** FLOP *** [Th Js Ts]
*** TURN *** [Th Js Ts] [4d]
*** RIVER *** [Th Js Ts 4d] [7c]
*** SHOWDOWN ***
889b7d3 collected 28,264 from pot
*** SUMMARY ***
Total pot 28,264 | Rake 0 | Jackpot 0 | Bingo 0 | Fortune 0 | Tax 0
Board [Th Js Ts 4d 7c]
Seat 1: d91b31a7 (big blind) folded before Flop
Seat 2: ab181ad6 folded before Flop
Seat 3: 7623fb31 folded before Flop
Seat 4: Hero folded before Flop
Seat 5: 889b7d3 showed [Qh Qd] and won (28,264) with two pair, Queens and Tens
Seat 6: eee8c0bc folded before Flop
Seat 7: e1428f31 (button) showed [As Jh] and lost with two pair, Jacks and Tens
Seat 8: f3364ff4 (small blind) folded before Flop


Poker Hand #TM5701932001: Tournament #269579895, Bounty Hunters Deepstack Turbo $10.80 Hold'em No Limit - Level6(150/300(45)) - 2026/03/13 23:05:43
Table '62' 8-max Seat #6 is the button
Seat 1: d91b31a7 (35,220 in chips)
Seat 2: ab181ad6 (24,598 in chips)
Seat 3: 7623fb31 (12,091 in chips)
Seat 4: Hero (35,736 in chips)
Seat 5: 889b7d3 (95,139 in chips)
Seat 6: eee8c0bc (25,594 in chips)
Seat 7: e1428f31 (12,913 in chips)
Seat 8: f3364ff4 (19,910 in chips)
7623fb31: posts the ante 45
Hero: posts the ante 45
eee8c0bc: posts the ante 45
ab181ad6: posts the ante 45
d91b31a7: posts the ante 45
f3364ff4: posts the ante 45
e1428f31: posts the ante 45
889b7d3: posts the ante 45
e1428f31: posts small blind 150
f3364ff4: posts big blind 300
*** HOLE CARDS ***
Dealt to d91b31a7 
Dealt to ab181ad6 
Dealt to 7623fb31 
Dealt to Hero [5d Jd]
Dealt to 889b7d3 
Dealt to eee8c0bc 
Dealt to e1428f31 
Dealt to f3364ff4 
d91b31a7: folds
ab181ad6: folds
7623fb31: folds
Hero: folds
889b7d3: raises 300 to 600
eee8c0bc: folds
e1428f31: folds
f3364ff4: calls 300
*** FLOP *** [7d 3c 2h]
f3364ff4: checks
889b7d3: checks
*** TURN *** [7d 3c 2h] [6d]
f3364ff4: bets 1,138
889b7d3: calls 1,138
*** RIVER *** [7d 3c 2h 6d] [9h]
f3364ff4: checks
889b7d3: checks
f3364ff4: shows [5c Qh] (Queen high)
889b7d3: shows [4d 8d] (Nine high)
*** SHOWDOWN ***
f3364ff4 collected 3,986 from pot
*** SUMMARY ***
Total pot 3,986 | Rake 0 | Jackpot 0 | Bingo 0 | Fortune 0 | Tax 0
Board [7d 3c 2h 6d 9h]
Seat 1: d91b31a7 folded before Flop
Seat 2: ab181ad6 folded before Flop
Seat 3: 7623fb31 folded before Flop
Seat 4: Hero folded before Flop
Seat 5: 889b7d3 showed [4d 8d] and lost with Nine high
Seat 6: eee8c0bc (button) folded before Flop
Seat 7: e1428f31 (small blind) folded before Flop
Seat 8: f3364ff4 (big blind) showed [5c Qh] and won (3,986) with Queen high


Poker Hand #TM5701931989: Tournament #269579895, Bounty Hunters Deepstack Turbo $10.80 Hold'em No Limit - Level6(150/300(45)) - 2026/03/13 23:04:55
Table '62' 8-max Seat #5 is the button
Seat 1: d91b31a7 (35,265 in chips)
Seat 2: ab181ad6 (26,443 in chips)
Seat 3: 7623fb31 (9,526 in chips)
Seat 4: Hero (35,781 in chips)
Seat 5: 889b7d3 (95,184 in chips)
Seat 6: eee8c0bc (25,789 in chips)
Seat 7: e1428f31 (13,258 in chips)
Seat 8: f3364ff4 (19,955 in chips)
7623fb31: posts the ante 45
Hero: posts the ante 45
ab181ad6: posts the ante 45
eee8c0bc: posts the ante 45
d91b31a7: posts the ante 45
f3364ff4: posts the ante 45
e1428f31: posts the ante 45
889b7d3: posts the ante 45
eee8c0bc: posts small blind 150
e1428f31: posts big blind 300
*** HOLE CARDS ***
Dealt to d91b31a7 
Dealt to ab181ad6 
Dealt to 7623fb31 
Dealt to Hero [Td Ks]
Dealt to 889b7d3 
Dealt to eee8c0bc 
Dealt to e1428f31 
Dealt to f3364ff4 
f3364ff4: folds
d91b31a7: folds
ab181ad6: raises 300 to 600
7623fb31: raises 1,200 to 1,800
Hero: folds
889b7d3: folds
eee8c0bc: folds
e1428f31: folds
ab181ad6: calls 1,200
*** FLOP *** [Kd Jc 3h]
ab181ad6: checks
7623fb31: bets 1,350
ab181ad6: folds
Uncalled bet (1,350) returned to 7623fb31
*** SHOWDOWN ***
7623fb31 collected 4,410 from pot
*** SUMMARY ***
Total pot 4,410 | Rake 0 | Jackpot 0 | Bingo 0 | Fortune 0 | Tax 0
Board [Kd Jc 3h]
Seat 1: d91b31a7 folded before Flop
Seat 2: ab181ad6 folded on the Flop
Seat 3: 7623fb31 won (4,410)
Seat 4: Hero folded before Flop
Seat 5: 889b7d3 (button) folded before Flop
Seat 6: eee8c0bc (small blind) folded before Flop
Seat 7: e1428f31 (big blind) folded before Flop
Seat 8: f3364ff4 folded before Flop


Poker Hand #TM5701931967: Tournament #269579895, Bounty Hunters Deepstack Turbo $10.80 Hold'em No Limit - Level6(150/300(45)) - 2026/03/13 23:03:30
Table '62' 8-max Seat #4 is the button
Seat 1: d91b31a7 (35,310 in chips)
Seat 2: ab181ad6 (25,918 in chips)
Seat 3: 7623fb31 (9,571 in chips)
Seat 4: Hero (35,826 in chips)
Seat 5: 889b7d3 (95,379 in chips)
Seat 6: eee8c0bc (26,464 in chips)
Seat 7: e1428f31 (12,733 in chips)
Seat 8: f3364ff4 (20,000 in chips)
7623fb31: posts the ante 45
Hero: posts the ante 45
ab181ad6: posts the ante 45
eee8c0bc: posts the ante 45
d91b31a7: posts the ante 45
f3364ff4: posts the ante 45
e1428f31: posts the ante 45
889b7d3: posts the ante 45
889b7d3: posts small blind 150
eee8c0bc: posts big blind 300
*** HOLE CARDS ***
Dealt to d91b31a7 
Dealt to ab181ad6 
Dealt to 7623fb31 
Dealt to Hero [3h 5s]
Dealt to 889b7d3 
Dealt to eee8c0bc 
Dealt to e1428f31 
Dealt to f3364ff4 
e1428f31: raises 330 to 630
f3364ff4: folds
d91b31a7: folds
ab181ad6: calls 630
7623fb31: folds
Hero: folds
889b7d3: folds
eee8c0bc: calls 330
*** FLOP *** [Ks 9c Ad]
eee8c0bc: checks
e1428f31: bets 600
ab181ad6: calls 600
eee8c0bc: folds
*** TURN *** [Ks 9c Ad] [Th]
e1428f31: bets 2,376
ab181ad6: calls 2,376
*** RIVER *** [Ks 9c Ad Th] [3d]
e1428f31: bets 900
ab181ad6: calls 900
e1428f31: shows [As Jh] (a pair of Aces)
ab181ad6: shows [Ah Jc] (a pair of Aces)
*** SHOWDOWN ***
ab181ad6 collected 5,076 from pot
e1428f31 collected 5,076 from pot
*** SUMMARY ***
Total pot 10,152 | Rake 0 | Jackpot 0 | Bingo 0 | Fortune 0 | Tax 0
Board [Ks 9c Ad Th 3d]
Seat 1: d91b31a7 folded before Flop
Seat 2: ab181ad6 showed [Ah Jc] and won (5,076) with a pair of Aces
Seat 3: 7623fb31 folded before Flop
Seat 4: Hero (button) folded before Flop
Seat 5: 889b7d3 (small blind) folded before Flop
Seat 6: eee8c0bc (big blind) folded on the Flop
Seat 7: e1428f31 showed [As Jh] and won (5,076) with a pair of Aces
Seat 8: f3364ff4 folded before Flop


Poker Hand #TM5701931959: Tournament #269579895, Bounty Hunters Deepstack Turbo $10.80 Hold'em No Limit - Level6(150/300(45)) - 2026/03/13 23:02:59
Table '62' 8-max Seat #3 is the button
Seat 1: d91b31a7 (33,990 in chips)
Seat 2: ab181ad6 (25,963 in chips)
Seat 3: 7623fb31 (9,616 in chips)
Seat 4: Hero (36,021 in chips)
Seat 5: 889b7d3 (95,724 in chips)
Seat 6: eee8c0bc (27,109 in chips)
Seat 7: e1428f31 (12,778 in chips)
7623fb31: posts the ante 45
Hero: posts the ante 45
ab181ad6: posts the ante 45
eee8c0bc: posts the ante 45
d91b31a7: posts the ante 45
e1428f31: posts the ante 45
889b7d3: posts the ante 45
Hero: posts small blind 150
889b7d3: posts big blind 300
*** HOLE CARDS ***
Dealt to d91b31a7 
Dealt to ab181ad6 
Dealt to 7623fb31 
Dealt to Hero [9d 5c]
Dealt to 889b7d3 
Dealt to eee8c0bc 
Dealt to e1428f31 
eee8c0bc: raises 300 to 600
e1428f31: folds
d91b31a7: raises 1,474 to 2,074
ab181ad6: folds
7623fb31: folds
Hero: folds
889b7d3: folds
eee8c0bc: folds
Uncalled bet (1,474) returned to d91b31a7
*** SHOWDOWN ***
d91b31a7 collected 1,965 from pot
*** SUMMARY ***
Total pot 1,965 | Rake 0 | Jackpot 0 | Bingo 0 | Fortune 0 | Tax 0
Seat 1: d91b31a7 collected (1,965)
Seat 2: ab181ad6 folded before Flop
Seat 3: 7623fb31 (button) folded before Flop
Seat 4: Hero (small blind) folded before Flop
Seat 5: 889b7d3 (big blind) folded before Flop
Seat 6: eee8c0bc folded before Flop
Seat 7: e1428f31 folded before Flop


Poker Hand #TM5701931946: Tournament #269579895, Bounty Hunters Deepstack Turbo $10.80 Hold'em No Limit - Level6(150/300(45)) - 2026/03/13 23:01:54
Table '62' 8-max Seat #2 is the button
Seat 1: d91b31a7 (34,035 in chips)
Seat 2: ab181ad6 (26,008 in chips)
Seat 3: 7623fb31 (9,961 in chips)
Seat 4: Hero (35,406 in chips)
Seat 5: 889b7d3 (95,769 in chips)
Seat 6: eee8c0bc (27,154 in chips)
Seat 7: e1428f31 (12,823 in chips)
Seat 8: 184a8d3 (19,965 in chips)
7623fb31: posts the ante 45
Hero: posts the ante 45
ab181ad6: posts the ante 45
eee8c0bc: posts the ante 45
d91b31a7: posts the ante 45
e1428f31: posts the ante 45
184a8d3: posts the ante 45
889b7d3: posts the ante 45
7623fb31: posts small blind 150
Hero: posts big blind 300
*** HOLE CARDS ***
Dealt to d91b31a7 
Dealt to ab181ad6 
Dealt to 7623fb31 
Dealt to Hero [Td 7d]
Dealt to 889b7d3 
Dealt to eee8c0bc 
Dealt to e1428f31 
Dealt to 184a8d3 
889b7d3: folds
eee8c0bc: folds
e1428f31: folds
184a8d3: folds
d91b31a7: folds
ab181ad6: folds
7623fb31: calls 150
Hero: checks
*** FLOP *** [Qs Jh 7h]
7623fb31: checks
Hero: checks
*** TURN *** [Qs Jh 7h] [Kd]
7623fb31: checks
Hero: bets 780
7623fb31: folds
Uncalled bet (780) returned to Hero
*** SHOWDOWN ***
Hero collected 960 from pot
*** SUMMARY ***
Total pot 960 | Rake 0 | Jackpot 0 | Bingo 0 | Fortune 0 | Tax 0
Board [Qs Jh 7h Kd]
Seat 1: d91b31a7 folded before Flop
Seat 2: ab181ad6 (button) folded before Flop
Seat 3: 7623fb31 (small blind) folded on the Turn
Seat 4: Hero (big blind) won (960)
Seat 5: 889b7d3 folded before Flop
Seat 6: eee8c0bc folded before Flop
Seat 7: e1428f31 folded before Flop
Seat 8: 184a8d3 folded before Flop


Poker Hand #TM5701931923: Tournament #269579895, Bounty Hunters Deepstack Turbo $10.80 Hold'em No Limit - Level5(125/250(35)) - 2026/03/13 22:53:50
Table '62' 8-max Seat #1 is the button
Seat 1: d91b31a7 (16,850 in chips)
Seat 2: ab181ad6 (26,168 in chips)
Seat 3: 7623fb31 (26,811 in chips)
Seat 4: Hero (35,441 in chips)
Seat 5: 889b7d3 (95,804 in chips)
Seat 6: eee8c0bc (27,189 in chips)
Seat 7: e1428f31 (12,858 in chips)
Seat 8: 184a8d3 (20,000 in chips)
7623fb31: posts the ante 35
Hero: posts the ante 35
eee8c0bc: posts the ante 35
ab181ad6: posts the ante 35
d91b31a7: posts the ante 35
e1428f31: posts the ante 35
184a8d3: posts the ante 35
889b7d3: posts the ante 35
ab181ad6: posts small blind 125
7623fb31: posts big blind 250
*** HOLE CARDS ***
Dealt to d91b31a7 
Dealt to ab181ad6 
Dealt to 7623fb31 
Dealt to Hero [7s 4d]
Dealt to 889b7d3 
Dealt to eee8c0bc 
Dealt to e1428f31 
Dealt to 184a8d3 
Hero: folds
889b7d3: folds
eee8c0bc: folds
e1428f31: folds
184a8d3: folds
d91b31a7: raises 250 to 500
ab181ad6: folds
7623fb31: calls 250
*** FLOP *** [Th Ks 5s]
7623fb31: checks
d91b31a7: bets 464
7623fb31: raises 1,536 to 2,000
d91b31a7: calls 1,536
*** TURN *** [Th Ks 5s] [Jd]
7623fb31: bets 4,162
d91b31a7: calls 4,162
*** RIVER *** [Th Ks 5s Jd] [7c]
7623fb31: bets 10,572
d91b31a7: calls 10,153 and is all-in
Uncalled bet (419) returned to 7623fb31
7623fb31: shows [6s 4c] (King high)
d91b31a7: shows [9s Ts] (a pair of Tens)
*** SHOWDOWN ***
d91b31a7 collected 34,035 from pot
*** SUMMARY ***
Total pot 34,035 | Rake 0 | Jackpot 0 | Bingo 0 | Fortune 0 | Tax 0
Board [Th Ks 5s Jd 7c]
Seat 1: d91b31a7 (button) showed [9s Ts] and won (34,035) with a pair of Tens
Seat 2: ab181ad6 (small blind) folded before Flop
Seat 3: 7623fb31 (big blind) showed [6s 4c] and lost with King high
Seat 4: Hero folded before Flop
Seat 5: 889b7d3 folded before Flop
Seat 6: eee8c0bc folded before Flop
Seat 7: e1428f31 folded before Flop
Seat 8: 184a8d3 folded before Flop


Poker Hand #TM5701931913: Tournament #269579895, Bounty Hunters Deepstack Turbo $10.80 Hold'em No Limit - Level5(125/250(35)) - 2026/03/13 22:52:52
Table '62' 8-max Seat #7 is the button
Seat 1: d91b31a7 (17,010 in chips)
Seat 2: ab181ad6 (26,703 in chips)
Seat 3: 7623fb31 (26,846 in chips)
Seat 4: Hero (35,476 in chips)
Seat 5: 889b7d3 (95,839 in chips)
Seat 6: eee8c0bc (26,354 in chips)
Seat 7: e1428f31 (12,893 in chips)
7623fb31: posts the ante 35
Hero: posts the ante 35
eee8c0bc: posts the ante 35
ab181ad6: posts the ante 35
d91b31a7: posts the ante 35
e1428f31: posts the ante 35
889b7d3: posts the ante 35
d91b31a7: posts small blind 125
ab181ad6: posts big blind 250
*** HOLE CARDS ***
Dealt to d91b31a7 
Dealt to ab181ad6 
Dealt to 7623fb31 
Dealt to Hero [Qh 3h]
Dealt to 889b7d3 
Dealt to eee8c0bc 
Dealt to e1428f31 
7623fb31: folds
Hero: folds
889b7d3: folds
eee8c0bc: raises 250 to 500
e1428f31: folds
d91b31a7: folds
ab181ad6: calls 250
*** FLOP *** [8d 7c As]
ab181ad6: checks
eee8c0bc: bets 453
ab181ad6: folds
Uncalled bet (453) returned to eee8c0bc
*** SHOWDOWN ***
eee8c0bc collected 1,370 from pot
*** SUMMARY ***
Total pot 1,370 | Rake 0 | Jackpot 0 | Bingo 0 | Fortune 0 | Tax 0
Board [8d 7c As]
Seat 1: d91b31a7 (small blind) folded before Flop
Seat 2: ab181ad6 (big blind) folded on the Flop
Seat 3: 7623fb31 folded before Flop
Seat 4: Hero folded before Flop
Seat 5: 889b7d3 folded before Flop
Seat 6: eee8c0bc won (1,370)
Seat 7: e1428f31 (button) folded before Flop


Poker Hand #TM5701931899: Tournament #269579895, Bounty Hunters Deepstack Turbo $10.80 Hold'em No Limit - Level5(125/250(35)) - 2026/03/13 22:51:33
Table '62' 8-max Seat #6 is the button
Seat 1: d91b31a7 (17,045 in chips)
Seat 2: ab181ad6 (16,323 in chips)
Seat 3: 7623fb31 (26,881 in chips)
Seat 4: Hero (35,511 in chips)
Seat 5: 889b7d3 (96,374 in chips)
Seat 6: eee8c0bc (26,389 in chips)
Seat 7: e1428f31 (13,053 in chips)
Seat 8: 5799d40c (9,545 in chips)
7623fb31: posts the ante 35
Hero: posts the ante 35
eee8c0bc: posts the ante 35
ab181ad6: posts the ante 35
d91b31a7: posts the ante 35
e1428f31: posts the ante 35
5799d40c: posts the ante 35
889b7d3: posts the ante 35
e1428f31: posts small blind 125
5799d40c: posts big blind 250
*** HOLE CARDS ***
Dealt to d91b31a7 
Dealt to ab181ad6 
Dealt to 7623fb31 
Dealt to Hero [4c Kh]
Dealt to 889b7d3 
Dealt to eee8c0bc 
Dealt to e1428f31 
Dealt to 5799d40c 
d91b31a7: folds
ab181ad6: raises 250 to 500
7623fb31: folds
Hero: folds
889b7d3: calls 500
eee8c0bc: folds
e1428f31: folds
5799d40c: raises 9,010 to 9,510 and is all-in
ab181ad6: raises 6,778 to 16,288 and is all-in
889b7d3: folds
Uncalled bet (6,778) returned to ab181ad6
ab181ad6: shows [7h 7d]
5799d40c: shows [As Ks]
*** FLOP *** [Jc 8s 5s]
*** TURN *** [Jc 8s 5s] [9c]
*** RIVER *** [Jc 8s 5s 9c] [2d]
*** SHOWDOWN ***
ab181ad6 collected 19,925 from pot
*** SUMMARY ***
Total pot 19,925 | Rake 0 | Jackpot 0 | Bingo 0 | Fortune 0 | Tax 0
Board [Jc 8s 5s 9c 2d]
Seat 1: d91b31a7 folded before Flop
Seat 2: ab181ad6 showed [7h 7d] and won (19,925) with a pair of Sevens
Seat 3: 7623fb31 folded before Flop
Seat 4: Hero folded before Flop
Seat 5: 889b7d3 folded before Flop
Seat 6: eee8c0bc (button) folded before Flop
Seat 7: e1428f31 (small blind) folded before Flop
Seat 8: 5799d40c (big blind) showed [As Ks] and lost with Ace high


Poker Hand #TM5701931895: Tournament #269579895, Bounty Hunters Deepstack Turbo $10.80 Hold'em No Limit - Level5(125/250(35)) - 2026/03/13 22:51:00
Table '62' 8-max Seat #5 is the button
Seat 1: d91b31a7 (17,080 in chips)
Seat 2: ab181ad6 (16,358 in chips)
Seat 3: 7623fb31 (26,916 in chips)
Seat 4: Hero (35,546 in chips)
Seat 5: 889b7d3 (96,409 in chips)
Seat 6: eee8c0bc (25,894 in chips)
Seat 7: e1428f31 (13,338 in chips)
Seat 8: 5799d40c (9,580 in chips)
7623fb31: posts the ante 35
Hero: posts the ante 35
ab181ad6: posts the ante 35
eee8c0bc: posts the ante 35
d91b31a7: posts the ante 35
e1428f31: posts the ante 35
5799d40c: posts the ante 35
889b7d3: posts the ante 35
eee8c0bc: posts small blind 125
e1428f31: posts big blind 250
*** HOLE CARDS ***
Dealt to d91b31a7 
Dealt to ab181ad6 
Dealt to 7623fb31 
Dealt to Hero [7c 9s]
Dealt to 889b7d3 
Dealt to eee8c0bc 
Dealt to e1428f31 
Dealt to 5799d40c 
5799d40c: folds
d91b31a7: folds
ab181ad6: folds
7623fb31: folds
Hero: folds
889b7d3: folds
eee8c0bc: raises 625 to 875
e1428f31: folds
Uncalled bet (625) returned to eee8c0bc
*** SHOWDOWN ***
eee8c0bc collected 780 from pot
*** SUMMARY ***
Total pot 780 | Rake 0 | Jackpot 0 | Bingo 0 | Fortune 0 | Tax 0
Seat 1: d91b31a7 folded before Flop
Seat 2: ab181ad6 folded before Flop
Seat 3: 7623fb31 folded before Flop
Seat 4: Hero folded before Flop
Seat 5: 889b7d3 (button) folded before Flop
Seat 6: eee8c0bc (small blind) collected (780)
Seat 7: e1428f31 (big blind) folded before Flop
Seat 8: 5799d40c folded before Flop


Poker Hand #TM5701931892: Tournament #269579895, Bounty Hunters Deepstack Turbo $10.80 Hold'em No Limit - Level5(125/250(35)) - 2026/03/13 22:50:31
Table '62' 8-max Seat #4 is the button
Seat 1: d91b31a7 (17,115 in chips)
Seat 2: ab181ad6 (16,393 in chips)
Seat 3: 7623fb31 (26,296 in chips)
Seat 4: Hero (35,581 in chips)
Seat 5: 889b7d3 (96,569 in chips)
Seat 6: eee8c0bc (26,179 in chips)
Seat 7: e1428f31 (13,373 in chips)
Seat 8: 5799d40c (9,615 in chips)
7623fb31: posts the ante 35
Hero: posts the ante 35
ab181ad6: posts the ante 35
eee8c0bc: posts the ante 35
d91b31a7: posts the ante 35
e1428f31: posts the ante 35
5799d40c: posts the ante 35
889b7d3: posts the ante 35
889b7d3: posts small blind 125
eee8c0bc: posts big blind 250
*** HOLE CARDS ***
Dealt to d91b31a7 
Dealt to ab181ad6 
Dealt to 7623fb31 
Dealt to Hero [8d 3d]
Dealt to 889b7d3 
Dealt to eee8c0bc 
Dealt to e1428f31 
Dealt to 5799d40c 
e1428f31: folds
5799d40c: folds
d91b31a7: folds
ab181ad6: folds
7623fb31: raises 250 to 500
Hero: folds
889b7d3: folds
eee8c0bc: folds
Uncalled bet (250) returned to 7623fb31
*** SHOWDOWN ***
7623fb31 collected 905 from pot
*** SUMMARY ***
Total pot 905 | Rake 0 | Jackpot 0 | Bingo 0 | Fortune 0 | Tax 0
Seat 1: d91b31a7 folded before Flop
Seat 2: ab181ad6 folded before Flop
Seat 3: 7623fb31 collected (905)
Seat 4: Hero (button) folded before Flop
Seat 5: 889b7d3 (small blind) folded before Flop
Seat 6: eee8c0bc (big blind) folded before Flop
Seat 7: e1428f31 folded before Flop
Seat 8: 5799d40c folded before Flop


Poker Hand #TM5701931876: Tournament #269579895, Bounty Hunters Deepstack Turbo $10.80 Hold'em No Limit - Level5(125/250(35)) - 2026/03/13 22:49:23
Table '62' 8-max Seat #3 is the button
Seat 1: d91b31a7 (17,150 in chips)
Seat 2: ab181ad6 (16,428 in chips)
Seat 3: 7623fb31 (26,331 in chips)
Seat 4: Hero (35,741 in chips)
Seat 5: 889b7d3 (93,265 in chips)
Seat 6: eee8c0bc (29,148 in chips)
Seat 7: e1428f31 (13,408 in chips)
Seat 8: 5799d40c (9,650 in chips)
7623fb31: posts the ante 35
Hero: posts the ante 35
ab181ad6: posts the ante 35
eee8c0bc: posts the ante 35
d91b31a7: posts the ante 35
e1428f31: posts the ante 35
5799d40c: posts the ante 35
889b7d3: posts the ante 35
Hero: posts small blind 125
889b7d3: posts big blind 250
*** HOLE CARDS ***
Dealt to d91b31a7 
Dealt to ab181ad6 
Dealt to 7623fb31 
Dealt to Hero [5h Th]
Dealt to 889b7d3 
Dealt to eee8c0bc 
Dealt to e1428f31 
Dealt to 5799d40c 
eee8c0bc: raises 300 to 550
e1428f31: folds
5799d40c: folds
d91b31a7: folds
ab181ad6: folds
7623fb31: folds
Hero: folds
889b7d3: calls 300
*** FLOP *** [8s Ts 7s]
889b7d3: checks
eee8c0bc: bets 753
889b7d3: calls 753
*** TURN *** [8s Ts 7s] [Kd]
889b7d3: checks
eee8c0bc: bets 1,631
889b7d3: calls 1,631
*** RIVER *** [8s Ts 7s Kd] [Js]
889b7d3: checks
eee8c0bc: checks
889b7d3: shows [Ks Ah] (a flush King high)
eee8c0bc: shows [Jc Jd] (three of a kind, Jacks)
*** SHOWDOWN ***
889b7d3 collected 6,273 from pot
*** SUMMARY ***
Total pot 6,273 | Rake 0 | Jackpot 0 | Bingo 0 | Fortune 0 | Tax 0
Board [8s Ts 7s Kd Js]
Seat 1: d91b31a7 folded before Flop
Seat 2: ab181ad6 folded before Flop
Seat 3: 7623fb31 (button) folded before Flop
Seat 4: Hero (small blind) folded before Flop
Seat 5: 889b7d3 (big blind) showed [Ks Ah] and won (6,273) with a flush King high
Seat 6: eee8c0bc showed [Jc Jd] and lost with three of a kind, Jacks
Seat 7: e1428f31 folded before Flop
Seat 8: 5799d40c folded before Flop


Poker Hand #TM5701931861: Tournament #269579895, Bounty Hunters Deepstack Turbo $10.80 Hold'em No Limit - Level5(125/250(35)) - 2026/03/13 22:48:02
Table '62' 8-max Seat #2 is the button
Seat 1: d91b31a7 (17,185 in chips)
Seat 2: ab181ad6 (18,580 in chips)
Seat 3: 7623fb31 (26,491 in chips)
Seat 4: Hero (36,026 in chips)
Seat 5: 889b7d3 (91,914 in chips)
Seat 6: eee8c0bc (29,183 in chips)
Seat 7: e1428f31 (12,057 in chips)
Seat 8: 5799d40c (9,685 in chips)
7623fb31: posts the ante 35
Hero: posts the ante 35
ab181ad6: posts the ante 35
eee8c0bc: posts the ante 35
d91b31a7: posts the ante 35
e1428f31: posts the ante 35
5799d40c: posts the ante 35
889b7d3: posts the ante 35
7623fb31: posts small blind 125
Hero: posts big blind 250
*** HOLE CARDS ***
Dealt to d91b31a7 
Dealt to ab181ad6 
Dealt to 7623fb31 
Dealt to Hero [3s 8s]
Dealt to 889b7d3 
Dealt to eee8c0bc 
Dealt to e1428f31 
Dealt to 5799d40c 
889b7d3: raises 250 to 500
eee8c0bc: folds
e1428f31: calls 500
5799d40c: folds
d91b31a7: folds
ab181ad6: raises 1,617 to 2,117
7623fb31: folds
Hero: folds
889b7d3: calls 1,617
e1428f31: calls 1,617
*** FLOP *** [9s As Jc]
889b7d3: checks
e1428f31: checks
ab181ad6: checks
*** TURN *** [9s As Jc] [Kc]
889b7d3: checks
e1428f31: bets 3,503
ab181ad6: folds
889b7d3: raises 10,509 to 14,012
e1428f31: calls 6,402 and is all-in
Uncalled bet (4,107) returned to 889b7d3
889b7d3: shows [Js Qs] (a pair of Jacks)
e1428f31: shows [9h Jh] (two pair, Jacks and Nines)
*** RIVER *** [9s As Jc Kc] [Ah]
*** SHOWDOWN ***
e1428f31 collected 13,408 from pot
889b7d3 collected 13,408 from pot
*** SUMMARY ***
Total pot 26,816 | Rake 0 | Jackpot 0 | Bingo 0 | Fortune 0 | Tax 0
Board [9s As Jc Kc Ah]
Seat 1: d91b31a7 folded before Flop
Seat 2: ab181ad6 (button) folded on the Turn
Seat 3: 7623fb31 (small blind) folded before Flop
Seat 4: Hero (big blind) folded before Flop
Seat 5: 889b7d3 showed [Js Qs] and won (13,408) with two pair, Aces and Jacks
Seat 6: eee8c0bc folded before Flop
Seat 7: e1428f31 showed [9h Jh] and won (13,408) with two pair, Aces and Jacks
Seat 8: 5799d40c folded before Flop


Poker Hand #TM5701931858: Tournament #269579895, Bounty Hunters Deepstack Turbo $10.80 Hold'em No Limit - Level5(125/250(35)) - 2026/03/13 22:47:35
Table '62' 8-max Seat #1 is the button
Seat 1: d91b31a7 (17,220 in chips)
Seat 2: ab181ad6 (18,740 in chips)
Seat 3: 7623fb31 (26,776 in chips)
Seat 4: Hero (36,061 in chips)
Seat 5: 889b7d3 (91,294 in chips)
Seat 6: eee8c0bc (29,218 in chips)
Seat 7: e1428f31 (12,092 in chips)
Seat 8: 5799d40c (9,720 in chips)
7623fb31: posts the ante 35
Hero: posts the ante 35
eee8c0bc: posts the ante 35
ab181ad6: posts the ante 35
d91b31a7: posts the ante 35
e1428f31: posts the ante 35
5799d40c: posts the ante 35
889b7d3: posts the ante 35
ab181ad6: posts small blind 125
7623fb31: posts big blind 250
*** HOLE CARDS ***
Dealt to d91b31a7 
Dealt to ab181ad6 
Dealt to 7623fb31 
Dealt to Hero [Ad 5c]
Dealt to 889b7d3 
Dealt to eee8c0bc 
Dealt to e1428f31 
Dealt to 5799d40c 
Hero: folds
889b7d3: raises 250 to 500
eee8c0bc: folds
e1428f31: folds
5799d40c: folds
d91b31a7: folds
ab181ad6: folds
7623fb31: folds
Uncalled bet (250) returned to 889b7d3
*** SHOWDOWN ***
889b7d3 collected 905 from pot
*** SUMMARY ***
Total pot 905 | Rake 0 | Jackpot 0 | Bingo 0 | Fortune 0 | Tax 0
Seat 1: d91b31a7 (button) folded before Flop
Seat 2: ab181ad6 (small blind) folded before Flop
Seat 3: 7623fb31 (big blind) folded before Flop
Seat 4: Hero folded before Flop
Seat 5: 889b7d3 collected (905)
Seat 6: eee8c0bc folded before Flop
Seat 7: e1428f31 folded before Flop
Seat 8: 5799d40c folded before Flop


Poker Hand #TM5701931832: Tournament #269579895, Bounty Hunters Deepstack Turbo $10.80 Hold'em No Limit - Level4(100/200(30)) - 2026/03/13 22:45:15
Table '62' 8-max Seat #8 is the button
Seat 1: d91b31a7 (17,350 in chips)
Seat 2: ab181ad6 (18,970 in chips)
Seat 3: 7623fb31 (26,806 in chips)
Seat 4: Hero (36,091 in chips)
Seat 5: 889b7d3 (91,324 in chips)
Seat 6: eee8c0bc (19,530 in chips)
Seat 7: e1428f31 (12,122 in chips)
Seat 8: 5799d40c (18,928 in chips)
7623fb31: posts the ante 30
Hero: posts the ante 30
eee8c0bc: posts the ante 30
ab181ad6: posts the ante 30
d91b31a7: posts the ante 30
e1428f31: posts the ante 30
5799d40c: posts the ante 30
889b7d3: posts the ante 30
d91b31a7: posts small blind 100
ab181ad6: posts big blind 200
*** HOLE CARDS ***
Dealt to d91b31a7 
Dealt to ab181ad6 
Dealt to 7623fb31 
Dealt to Hero [Qd Js]
Dealt to 889b7d3 
Dealt to eee8c0bc 
Dealt to e1428f31 
Dealt to 5799d40c 
7623fb31: folds
Hero: folds
889b7d3: folds
eee8c0bc: raises 200 to 400
e1428f31: folds
5799d40c: raises 1,340 to 1,740
d91b31a7: folds
ab181ad6: folds
eee8c0bc: calls 1,340
*** FLOP *** [6s 3s Jd]
eee8c0bc: checks
5799d40c: bets 1,769
eee8c0bc: calls 1,769
*** TURN *** [6s 3s Jd] [2c]
eee8c0bc: checks
5799d40c: checks
*** RIVER *** [6s 3s Jd 2c] [5c]
eee8c0bc: bets 5,669
5799d40c: calls 5,669
eee8c0bc: shows [6h 5h] (two pair, Sixes and Fives)
5799d40c: shows [As Ad] (a pair of Aces)
*** SHOWDOWN ***
eee8c0bc collected 18,896 from pot
*** SUMMARY ***
Total pot 18,896 | Rake 0 | Jackpot 0 | Bingo 0 | Fortune 0 | Tax 0
Board [6s 3s Jd 2c 5c]
Seat 1: d91b31a7 (small blind) folded before Flop
Seat 2: ab181ad6 (big blind) folded before Flop
Seat 3: 7623fb31 folded before Flop
Seat 4: Hero folded before Flop
Seat 5: 889b7d3 folded before Flop
Seat 6: eee8c0bc showed [6h 5h] and won (18,896) with two pair, Sixes and Fives
Seat 7: e1428f31 folded before Flop
Seat 8: 5799d40c (button) showed [As Ad] and lost with a pair of Aces


Poker Hand #TM5701931817: Tournament #269579895, Bounty Hunters Deepstack Turbo $10.80 Hold'em No Limit - Level4(100/200(30)) - 2026/03/13 22:43:56
Table '62' 8-max Seat #7 is the button
Seat 1: d91b31a7 (17,580 in chips)
Seat 2: ab181ad6 (19,000 in chips)
Seat 3: 7623fb31 (26,836 in chips)
Seat 4: Hero (36,121 in chips)
Seat 5: 889b7d3 (88,016 in chips)
Seat 6: eee8c0bc (22,358 in chips)
Seat 7: e1428f31 (12,152 in chips)
Seat 8: 5799d40c (19,058 in chips)
7623fb31: posts the ante 30
Hero: posts the ante 30
eee8c0bc: posts the ante 30
ab181ad6: posts the ante 30
d91b31a7: posts the ante 30
e1428f31: posts the ante 30
5799d40c: posts the ante 30
889b7d3: posts the ante 30
5799d40c: posts small blind 100
d91b31a7: posts big blind 200
*** HOLE CARDS ***
Dealt to d91b31a7 
Dealt to ab181ad6 
Dealt to 7623fb31 
Dealt to Hero [4d 5s]
Dealt to 889b7d3 
Dealt to eee8c0bc 
Dealt to e1428f31 
Dealt to 5799d40c 
ab181ad6: folds
7623fb31: folds
Hero: folds
889b7d3: raises 200 to 400
eee8c0bc: calls 400
e1428f31: folds
5799d40c: folds
d91b31a7: folds
*** FLOP *** [7d 4h Qd]
889b7d3: bets 443
eee8c0bc: calls 443
*** TURN *** [7d 4h Qd] [5h]
889b7d3: bets 735
eee8c0bc: calls 735
*** RIVER *** [7d 4h Qd 5h] [Ts]
889b7d3: bets 1,220
eee8c0bc: calls 1,220
889b7d3: shows [As Th] (a pair of Tens)
eee8c0bc: shows [6d 6c] (a pair of Sixes)
*** SHOWDOWN ***
889b7d3 collected 6,136 from pot
*** SUMMARY ***
Total pot 6,136 | Rake 0 | Jackpot 0 | Bingo 0 | Fortune 0 | Tax 0
Board [7d 4h Qd 5h Ts]
Seat 1: d91b31a7 (big blind) folded before Flop
Seat 2: ab181ad6 folded before Flop
Seat 3: 7623fb31 folded before Flop
Seat 4: Hero folded before Flop
Seat 5: 889b7d3 showed [As Th] and won (6,136) with a pair of Tens
Seat 6: eee8c0bc showed [6d 6c] and lost with a pair of Sixes
Seat 7: e1428f31 (button) folded before Flop
Seat 8: 5799d40c (small blind) folded before Flop


Poker Hand #TM5701931808: Tournament #269579895, Bounty Hunters Deepstack Turbo $10.80 Hold'em No Limit - Level4(100/200(30)) - 2026/03/13 22:43:08
Table '62' 8-max Seat #6 is the button
Seat 1: d91b31a7 (17,610 in chips)
Seat 2: ab181ad6 (19,030 in chips)
Seat 3: 7623fb31 (26,866 in chips)
Seat 4: Hero (36,151 in chips)
Seat 5: 889b7d3 (87,506 in chips)
Seat 6: eee8c0bc (22,388 in chips)
Seat 7: e1428f31 (12,282 in chips)
Seat 8: 5799d40c (19,288 in chips)
7623fb31: posts the ante 30
Hero: posts the ante 30
eee8c0bc: posts the ante 30
ab181ad6: posts the ante 30
d91b31a7: posts the ante 30
e1428f31: posts the ante 30
5799d40c: posts the ante 30
889b7d3: posts the ante 30
e1428f31: posts small blind 100
5799d40c: posts big blind 200
*** HOLE CARDS ***
Dealt to d91b31a7 
Dealt to ab181ad6 
Dealt to 7623fb31 
Dealt to Hero [Qd 9s]
Dealt to 889b7d3 
Dealt to eee8c0bc 
Dealt to e1428f31 
Dealt to 5799d40c 
d91b31a7: folds
ab181ad6: folds
7623fb31: folds
Hero: folds
889b7d3: raises 200 to 400
eee8c0bc: folds
e1428f31: folds
5799d40c: folds
Uncalled bet (200) returned to 889b7d3
*** SHOWDOWN ***
889b7d3 collected 740 from pot
*** SUMMARY ***
Total pot 740 | Rake 0 | Jackpot 0 | Bingo 0 | Fortune 0 | Tax 0
Seat 1: d91b31a7 folded before Flop
Seat 2: ab181ad6 folded before Flop
Seat 3: 7623fb31 folded before Flop
Seat 4: Hero folded before Flop
Seat 5: 889b7d3 collected (740)
Seat 6: eee8c0bc (button) folded before Flop
Seat 7: e1428f31 (small blind) folded before Flop
Seat 8: 5799d40c (big blind) folded before Flop


Poker Hand #TM5701931801: Tournament #269579895, Bounty Hunters Deepstack Turbo $10.80 Hold'em No Limit - Level4(100/200(30)) - 2026/03/13 22:42:26
Table '62' 8-max Seat #5 is the button
Seat 1: d91b31a7 (17,640 in chips)
Seat 2: ab181ad6 (19,460 in chips)
Seat 3: 7623fb31 (26,896 in chips)
Seat 4: Hero (35,041 in chips)
Seat 5: 889b7d3 (87,536 in chips)
Seat 6: eee8c0bc (22,518 in chips)
Seat 7: e1428f31 (12,712 in chips)
Seat 8: 5799d40c (19,318 in chips)
7623fb31: posts the ante 30
Hero: posts the ante 30
ab181ad6: posts the ante 30
eee8c0bc: posts the ante 30
d91b31a7: posts the ante 30
e1428f31: posts the ante 30
5799d40c: posts the ante 30
889b7d3: posts the ante 30
eee8c0bc: posts small blind 100
e1428f31: posts big blind 200
*** HOLE CARDS ***
Dealt to d91b31a7 
Dealt to ab181ad6 
Dealt to 7623fb31 
Dealt to Hero [7s 7h]
Dealt to 889b7d3 
Dealt to eee8c0bc 
Dealt to e1428f31 
Dealt to 5799d40c 
5799d40c: folds
d91b31a7: folds
ab181ad6: raises 200 to 400
7623fb31: folds
Hero: calls 400
889b7d3: folds
eee8c0bc: folds
e1428f31: calls 200
*** FLOP *** [Th Td 7c]
e1428f31: checks
ab181ad6: checks
Hero: bets 509
e1428f31: folds
ab181ad6: folds
Uncalled bet (509) returned to Hero
*** SHOWDOWN ***
Hero collected 1,540 from pot
*** SUMMARY ***
Total pot 1,540 | Rake 0 | Jackpot 0 | Bingo 0 | Fortune 0 | Tax 0
Board [Th Td 7c]
Seat 1: d91b31a7 folded before Flop
Seat 2: ab181ad6 folded on the Flop
Seat 3: 7623fb31 folded before Flop
Seat 4: Hero won (1,540)
Seat 5: 889b7d3 (button) folded before Flop
Seat 6: eee8c0bc (small blind) folded before Flop
Seat 7: e1428f31 (big blind) folded on the Flop
Seat 8: 5799d40c folded before Flop


Poker Hand #TM5701931793: Tournament #269579895, Bounty Hunters Deepstack Turbo $10.80 Hold'em No Limit - Level4(100/200(30)) - 2026/03/13 22:41:56
Table '62' 8-max Seat #4 is the button
Seat 1: d91b31a7 (17,670 in chips)
Seat 2: ab181ad6 (19,490 in chips)
Seat 3: 7623fb31 (25,986 in chips)
Seat 4: Hero (35,071 in chips)
Seat 5: 889b7d3 (87,666 in chips)
Seat 6: eee8c0bc (22,748 in chips)
Seat 7: e1428f31 (13,142 in chips)
Seat 8: 5799d40c (19,348 in chips)
7623fb31: posts the ante 30
Hero: posts the ante 30
ab181ad6: posts the ante 30
eee8c0bc: posts the ante 30
d91b31a7: posts the ante 30
e1428f31: posts the ante 30
5799d40c: posts the ante 30
889b7d3: posts the ante 30
889b7d3: posts small blind 100
eee8c0bc: posts big blind 200
*** HOLE CARDS ***
Dealt to d91b31a7 
Dealt to ab181ad6 
Dealt to 7623fb31 
Dealt to Hero [2s 8d]
Dealt to 889b7d3 
Dealt to eee8c0bc 
Dealt to e1428f31 
Dealt to 5799d40c 
e1428f31: raises 200 to 400
5799d40c: folds
d91b31a7: folds
ab181ad6: folds
7623fb31: raises 1,200 to 1,600
Hero: folds
889b7d3: folds
eee8c0bc: folds
e1428f31: folds
Uncalled bet (1,200) returned to 7623fb31
*** SHOWDOWN ***
7623fb31 collected 1,340 from pot
*** SUMMARY ***
Total pot 1,340 | Rake 0 | Jackpot 0 | Bingo 0 | Fortune 0 | Tax 0
Seat 1: d91b31a7 folded before Flop
Seat 2: ab181ad6 folded before Flop
Seat 3: 7623fb31 collected (1,340)
Seat 4: Hero (button) folded before Flop
Seat 5: 889b7d3 (small blind) folded before Flop
Seat 6: eee8c0bc (big blind) folded before Flop
Seat 7: e1428f31 folded before Flop
Seat 8: 5799d40c folded before Flop


Poker Hand #TM5701931786: Tournament #269579895, Bounty Hunters Deepstack Turbo $10.80 Hold'em No Limit - Level4(100/200(30)) - 2026/03/13 22:41:12
Table '62' 8-max Seat #3 is the button
Seat 1: d91b31a7 (17,700 in chips)
Seat 2: ab181ad6 (18,810 in chips)
Seat 3: 7623fb31 (26,016 in chips)
Seat 4: Hero (35,201 in chips)
Seat 5: 889b7d3 (88,096 in chips)
Seat 6: eee8c0bc (22,778 in chips)
Seat 7: e1428f31 (13,172 in chips)
7623fb31: posts the ante 30
Hero: posts the ante 30
ab181ad6: posts the ante 30
eee8c0bc: posts the ante 30
d91b31a7: posts the ante 30
e1428f31: posts the ante 30
889b7d3: posts the ante 30
Hero: posts small blind 100
889b7d3: posts big blind 200
*** HOLE CARDS ***
Dealt to d91b31a7 
Dealt to ab181ad6 
Dealt to 7623fb31 
Dealt to Hero [9c 2c]
Dealt to 889b7d3 
Dealt to eee8c0bc 
Dealt to e1428f31 
eee8c0bc: folds
e1428f31: folds
d91b31a7: folds
ab181ad6: raises 200 to 400
7623fb31: folds
Hero: folds
889b7d3: calls 200
*** FLOP *** [3c 2d Kd]
889b7d3: checks
ab181ad6: checks
*** TURN *** [3c 2d Kd] [7s]
889b7d3: checks
ab181ad6: checks
*** RIVER *** [3c 2d Kd 7s] [Js]
889b7d3: checks
ab181ad6: checks
889b7d3: shows [5h 9s] (King high)
ab181ad6: shows [As 4c] (Ace high)
*** SHOWDOWN ***
ab181ad6 collected 1,110 from pot
*** SUMMARY ***
Total pot 1,110 | Rake 0 | Jackpot 0 | Bingo 0 | Fortune 0 | Tax 0
Board [3c 2d Kd 7s Js]
Seat 1: d91b31a7 folded before Flop
Seat 2: ab181ad6 showed [As 4c] and won (1,110) with Ace high
Seat 3: 7623fb31 (button) folded before Flop
Seat 4: Hero (small blind) folded before Flop
Seat 5: 889b7d3 (big blind) showed [5h 9s] and lost with King high
Seat 6: eee8c0bc folded before Flop
Seat 7: e1428f31 folded before Flop


Poker Hand #TM5701931775: Tournament #269579895, Bounty Hunters Deepstack Turbo $10.80 Hold'em No Limit - Level4(100/200(30)) - 2026/03/13 22:40:06
Table '62' 8-max Seat #2 is the button
Seat 1: d91b31a7 (15,192 in chips)
Seat 2: ab181ad6 (18,840 in chips)
Seat 3: 7623fb31 (26,146 in chips)
Seat 4: Hero (37,429 in chips)
Seat 5: 889b7d3 (88,126 in chips)
Seat 6: eee8c0bc (22,808 in chips)
Seat 7: e1428f31 (13,202 in chips)
Seat 8: e3d677ea (20,000 in chips)
7623fb31: posts the ante 30
Hero: posts the ante 30
ab181ad6: posts the ante 30
eee8c0bc: posts the ante 30
e3d677ea: posts the ante 30
d91b31a7: posts the ante 30
e1428f31: posts the ante 30
889b7d3: posts the ante 30
7623fb31: posts small blind 100
Hero: posts big blind 200
*** HOLE CARDS ***
Dealt to d91b31a7 
Dealt to ab181ad6 
Dealt to 7623fb31 
Dealt to Hero [7h Qh]
Dealt to 889b7d3 
Dealt to eee8c0bc 
Dealt to e1428f31 
Dealt to e3d677ea 
889b7d3: folds
eee8c0bc: folds
e1428f31: folds
e3d677ea: folds
d91b31a7: raises 200 to 400
ab181ad6: folds
7623fb31: folds
Hero: calls 200
*** FLOP *** [2h 4h 3s]
Hero: checks
d91b31a7: bets 377
Hero: calls 377
*** TURN *** [2h 4h 3s] [Kd]
Hero: checks
d91b31a7: bets 1,421
Hero: calls 1,421
*** RIVER *** [2h 4h 3s Kd] [Ks]
Hero: checks
d91b31a7: checks
Hero: shows [7h Qh] (a pair of Kings)
d91b31a7: shows [7s 7c] (two pair, Kings and Sevens)
*** SHOWDOWN ***
d91b31a7 collected 4,736 from pot
*** SUMMARY ***
Total pot 4,736 | Rake 0 | Jackpot 0 | Bingo 0 | Fortune 0 | Tax 0
Board [2h 4h 3s Kd Ks]
Seat 1: d91b31a7 showed [7s 7c] and won (4,736) with two pair, Kings and Sevens
Seat 2: ab181ad6 (button) folded before Flop
Seat 3: 7623fb31 (small blind) folded before Flop
Seat 4: Hero (big blind) showed [7h Qh] and lost with a pair of Kings
Seat 5: 889b7d3 folded before Flop
Seat 6: eee8c0bc folded before Flop
Seat 7: e1428f31 folded before Flop
Seat 8: e3d677ea folded before Flop


Poker Hand #TM5701931763: Tournament #269579895, Bounty Hunters Deepstack Turbo $10.80 Hold'em No Limit - Level3(75/150(20)) - 2026/03/13 22:38:55
Table '62' 8-max Seat #1 is the button
Seat 1: d91b31a7 (15,212 in chips)
Seat 2: ab181ad6 (18,935 in chips)
Seat 3: 7623fb31 (24,935 in chips)
Seat 4: Hero (37,449 in chips)
Seat 5: 889b7d3 (89,162 in chips)
Seat 6: eee8c0bc (22,828 in chips)
Seat 7: e1428f31 (13,222 in chips)
7623fb31: posts the ante 20
Hero: posts the ante 20
eee8c0bc: posts the ante 20
ab181ad6: posts the ante 20
d91b31a7: posts the ante 20
e1428f31: posts the ante 20
889b7d3: posts the ante 20
ab181ad6: posts small blind 75
7623fb31: posts big blind 150
*** HOLE CARDS ***
Dealt to d91b31a7 
Dealt to ab181ad6 
Dealt to 7623fb31 
Dealt to Hero [4c Jd]
Dealt to 889b7d3 
Dealt to eee8c0bc 
Dealt to e1428f31 
Hero: folds
889b7d3: raises 150 to 300
eee8c0bc: folds
e1428f31: folds
d91b31a7: folds
ab181ad6: folds
7623fb31: calls 150
*** FLOP *** [9c 2d Ad]
7623fb31: checks
889b7d3: bets 269
7623fb31: calls 269
*** TURN *** [9c 2d Ad] [8c]
7623fb31: checks
889b7d3: bets 447
7623fb31: calls 447
*** RIVER *** [9c 2d Ad 8c] [3d]
7623fb31: bets 225
889b7d3: folds
Uncalled bet (225) returned to 7623fb31
*** SHOWDOWN ***
7623fb31 collected 2,247 from pot
*** SUMMARY ***
Total pot 2,247 | Rake 0 | Jackpot 0 | Bingo 0 | Fortune 0 | Tax 0
Board [9c 2d Ad 8c 3d]
Seat 1: d91b31a7 (button) folded before Flop
Seat 2: ab181ad6 (small blind) folded before Flop
Seat 3: 7623fb31 (big blind) won (2,247)
Seat 4: Hero folded before Flop
Seat 5: 889b7d3 folded on the River
Seat 6: eee8c0bc folded before Flop
Seat 7: e1428f31 folded before Flop


Poker Hand #TM5701931753: Tournament #269579895, Bounty Hunters Deepstack Turbo $10.80 Hold'em No Limit - Level3(75/150(20)) - 2026/03/13 22:38:08
Table '62' 8-max Seat #8 is the button
Seat 1: d91b31a7 (15,307 in chips)
Seat 2: ab181ad6 (19,673 in chips)
Seat 3: 7623fb31 (24,955 in chips)
Seat 4: Hero (37,469 in chips)
Seat 5: 889b7d3 (88,229 in chips)
Seat 6: eee8c0bc (22,848 in chips)
Seat 7: e1428f31 (13,242 in chips)
Seat 8: b29c98e4 (18,937 in chips)
7623fb31: posts the ante 20
Hero: posts the ante 20
eee8c0bc: posts the ante 20
ab181ad6: posts the ante 20
d91b31a7: posts the ante 20
e1428f31: posts the ante 20
b29c98e4: posts the ante 20
889b7d3: posts the ante 20
d91b31a7: posts small blind 75
ab181ad6: posts big blind 150
*** HOLE CARDS ***
Dealt to d91b31a7 
Dealt to ab181ad6 
Dealt to 7623fb31 
Dealt to Hero [6d Jc]
Dealt to 889b7d3 
Dealt to eee8c0bc 
Dealt to e1428f31 
Dealt to b29c98e4 
7623fb31: folds
Hero: folds
889b7d3: raises 150 to 300
eee8c0bc: folds
e1428f31: folds
b29c98e4: folds
d91b31a7: folds
ab181ad6: calls 150
*** FLOP *** [5d Ac Qs]
ab181ad6: bets 418
889b7d3: calls 418
*** TURN *** [5d Ac Qs] [Th]
ab181ad6: checks
889b7d3: bets 552
ab181ad6: folds
Uncalled bet (552) returned to 889b7d3
*** SHOWDOWN ***
889b7d3 collected 1,671 from pot
*** SUMMARY ***
Total pot 1,671 | Rake 0 | Jackpot 0 | Bingo 0 | Fortune 0 | Tax 0
Board [5d Ac Qs Th]
Seat 1: d91b31a7 (small blind) folded before Flop
Seat 2: ab181ad6 (big blind) folded on the Turn
Seat 3: 7623fb31 folded before Flop
Seat 4: Hero folded before Flop
Seat 5: 889b7d3 showed [Ah] and won (1,671)
Seat 6: eee8c0bc folded before Flop
Seat 7: e1428f31 folded before Flop
Seat 8: b29c98e4 (button) folded before Flop


Poker Hand #TM5701931737: Tournament #269579895, Bounty Hunters Deepstack Turbo $10.80 Hold'em No Limit - Level3(75/150(20)) - 2026/03/13 22:36:38
Table '62' 8-max Seat #7 is the button
Seat 1: d91b31a7 (15,477 in chips)
Seat 2: ab181ad6 (19,693 in chips)
Seat 3: 7623fb31 (25,350 in chips)
Seat 4: Hero (37,489 in chips)
Seat 5: 889b7d3 (88,249 in chips)
Seat 6: eee8c0bc (22,868 in chips)
Seat 7: e1428f31 (11,066 in chips)
Seat 8: b29c98e4 (20,468 in chips)
7623fb31: posts the ante 20
Hero: posts the ante 20
eee8c0bc: posts the ante 20
ab181ad6: posts the ante 20
d91b31a7: posts the ante 20
e1428f31: posts the ante 20
889b7d3: posts the ante 20
b29c98e4: posts the ante 20
b29c98e4: posts small blind 75
d91b31a7: posts big blind 150
*** HOLE CARDS ***
Dealt to d91b31a7 
Dealt to ab181ad6 
Dealt to 7623fb31 
Dealt to Hero [4h 7h]
Dealt to 889b7d3 
Dealt to eee8c0bc 
Dealt to e1428f31 
Dealt to b29c98e4 
ab181ad6: folds
7623fb31: raises 225 to 375
Hero: folds
889b7d3: folds
eee8c0bc: folds
e1428f31: raises 568 to 943
b29c98e4: raises 568 to 1,511
d91b31a7: folds
7623fb31: folds
e1428f31: calls 568
*** FLOP *** [Js 2d 9h]
b29c98e4: checks
e1428f31: checks
*** TURN *** [Js 2d 9h] [3d]
b29c98e4: checks
e1428f31: checks
*** RIVER *** [Js 2d 9h 3d] [Ac]
b29c98e4: checks
e1428f31: checks
b29c98e4: shows [Td 7s] (Ace high)
e1428f31: shows [Kd Qc] (Ace high)
*** SHOWDOWN ***
e1428f31 collected 3,707 from pot
*** SUMMARY ***
Total pot 3,707 | Rake 0 | Jackpot 0 | Bingo 0 | Fortune 0 | Tax 0
Board [Js 2d 9h 3d Ac]
Seat 1: d91b31a7 (big blind) folded before Flop
Seat 2: ab181ad6 folded before Flop
Seat 3: 7623fb31 folded before Flop
Seat 4: Hero folded before Flop
Seat 5: 889b7d3 folded before Flop
Seat 6: eee8c0bc folded before Flop
Seat 7: e1428f31 (button) showed [Kd Qc] and won (3,707) with Ace high
Seat 8: b29c98e4 (small blind) showed [Td 7s] and lost with Ace high


Poker Hand #TM5701931716: Tournament #269579895, Bounty Hunters Deepstack Turbo $10.80 Hold'em No Limit - Level3(75/150(20)) - 2026/03/13 22:34:29
Table '62' 8-max Seat #6 is the button
Seat 1: d91b31a7 (19,922 in chips)
Seat 2: ab181ad6 (19,713 in chips)
Seat 3: 7623fb31 (25,370 in chips)
Seat 4: Hero (37,509 in chips)
Seat 5: 889b7d3 (88,269 in chips)
Seat 6: eee8c0bc (17,928 in chips)
Seat 7: e1428f31 (11,161 in chips)
Seat 8: b29c98e4 (20,788 in chips)
7623fb31: posts the ante 20
Hero: posts the ante 20
eee8c0bc: posts the ante 20
ab181ad6: posts the ante 20
d91b31a7: posts the ante 20
e1428f31: posts the ante 20
889b7d3: posts the ante 20
b29c98e4: posts the ante 20
e1428f31: posts small blind 75
b29c98e4: posts big blind 150
*** HOLE CARDS ***
Dealt to d91b31a7 
Dealt to ab181ad6 
Dealt to 7623fb31 
Dealt to Hero [9d 6s]
Dealt to 889b7d3 
Dealt to eee8c0bc 
Dealt to e1428f31 
Dealt to b29c98e4 
d91b31a7: raises 150 to 300
ab181ad6: folds
7623fb31: folds
Hero: folds
889b7d3: folds
eee8c0bc: calls 300
e1428f31: folds
b29c98e4: calls 150
*** FLOP *** [3d 2d Th]
b29c98e4: checks
d91b31a7: checks
eee8c0bc: bets 375
b29c98e4: folds
d91b31a7: calls 375
*** TURN *** [3d 2d Th] [2c]
d91b31a7: checks
eee8c0bc: bets 975
d91b31a7: calls 975
*** RIVER *** [3d 2d Th 2c] [4s]
d91b31a7: checks
eee8c0bc: bets 2,775
d91b31a7: calls 2,775
eee8c0bc: shows [3h 3c] (a full house, Threes full of Twos)
d91b31a7: shows [5d 5s] (two pair, Fives and Twos)
*** SHOWDOWN ***
eee8c0bc collected 9,385 from pot
*** SUMMARY ***
Total pot 9,385 | Rake 0 | Jackpot 0 | Bingo 0 | Fortune 0 | Tax 0
Board [3d 2d Th 2c 4s]
Seat 1: d91b31a7 showed [5d 5s] and lost with two pair, Fives and Twos
Seat 2: ab181ad6 folded before Flop
Seat 3: 7623fb31 folded before Flop
Seat 4: Hero folded before Flop
Seat 5: 889b7d3 folded before Flop
Seat 6: eee8c0bc (button) showed [3h 3c] and won (9,385) with a full house, Threes full of Twos
Seat 7: e1428f31 (small blind) folded before Flop
Seat 8: b29c98e4 (big blind) folded on the Flop


Poker Hand #TM5701931704: Tournament #269579895, Bounty Hunters Deepstack Turbo $10.80 Hold'em No Limit - Level3(75/150(20)) - 2026/03/13 22:33:36
Table '62' 8-max Seat #5 is the button
Seat 1: d91b31a7 (19,942 in chips)
Seat 2: ab181ad6 (19,733 in chips)
Seat 3: 7623fb31 (25,390 in chips)
Seat 4: Hero (37,529 in chips)
Seat 5: 889b7d3 (88,289 in chips)
Seat 6: eee8c0bc (18,278 in chips)
Seat 7: e1428f31 (11,331 in chips)
Seat 8: b29c98e4 (20,168 in chips)
7623fb31: posts the ante 20
Hero: posts the ante 20
ab181ad6: posts the ante 20
eee8c0bc: posts the ante 20
d91b31a7: posts the ante 20
e1428f31: posts the ante 20
889b7d3: posts the ante 20
b29c98e4: posts the ante 20
eee8c0bc: posts small blind 75
e1428f31: posts big blind 150
*** HOLE CARDS ***
Dealt to d91b31a7 
Dealt to ab181ad6 
Dealt to 7623fb31 
Dealt to Hero [5h Jc]
Dealt to 889b7d3 
Dealt to eee8c0bc 
Dealt to e1428f31 
Dealt to b29c98e4 
b29c98e4: raises 180 to 330
d91b31a7: folds
ab181ad6: folds
7623fb31: folds
Hero: folds
889b7d3: folds
eee8c0bc: calls 255
e1428f31: folds
*** FLOP *** [Jh 5s Tc]
eee8c0bc: checks
b29c98e4: bets 650
eee8c0bc: folds
Uncalled bet (650) returned to b29c98e4
*** SHOWDOWN ***
b29c98e4 collected 970 from pot
*** SUMMARY ***
Total pot 970 | Rake 0 | Jackpot 0 | Bingo 0 | Fortune 0 | Tax 0
Board [Jh 5s Tc]
Seat 1: d91b31a7 folded before Flop
Seat 2: ab181ad6 folded before Flop
Seat 3: 7623fb31 folded before Flop
Seat 4: Hero folded before Flop
Seat 5: 889b7d3 (button) folded before Flop
Seat 6: eee8c0bc (small blind) folded on the Flop
Seat 7: e1428f31 (big blind) folded before Flop
Seat 8: b29c98e4 won (970)


Poker Hand #TM5701931695: Tournament #269579895, Bounty Hunters Deepstack Turbo $10.80 Hold'em No Limit - Level3(75/150(20)) - 2026/03/13 22:32:26
Table '62' 8-max Seat #4 is the button
Seat 1: d91b31a7 (19,962 in chips)
Seat 2: ab181ad6 (17,900 in chips)
Seat 3: 7623fb31 (25,410 in chips)
Seat 4: Hero (38,567 in chips)
Seat 5: 889b7d3 (88,384 in chips)
Seat 6: eee8c0bc (18,598 in chips)
Seat 7: e1428f31 (11,351 in chips)
Seat 8: b29c98e4 (20,488 in chips)
7623fb31: posts the ante 20
Hero: posts the ante 20
ab181ad6: posts the ante 20
eee8c0bc: posts the ante 20
d91b31a7: posts the ante 20
e1428f31: posts the ante 20
b29c98e4: posts the ante 20
889b7d3: posts the ante 20
889b7d3: posts small blind 75
eee8c0bc: posts big blind 150
*** HOLE CARDS ***
Dealt to d91b31a7 
Dealt to ab181ad6 
Dealt to 7623fb31 
Dealt to Hero [8d Ad]
Dealt to 889b7d3 
Dealt to eee8c0bc 
Dealt to e1428f31 
Dealt to b29c98e4 
e1428f31: folds
b29c98e4: raises 150 to 300
d91b31a7: folds
ab181ad6: calls 300
7623fb31: folds
Hero: calls 300
889b7d3: folds
eee8c0bc: calls 150
*** FLOP *** [Qs 8s Jh]
eee8c0bc: checks
b29c98e4: checks
ab181ad6: bets 718
Hero: calls 718
eee8c0bc: folds
b29c98e4: folds
*** TURN *** [Qs 8s Jh] [3s]
ab181ad6: bets 948
Hero: folds
Uncalled bet (948) returned to ab181ad6
*** SHOWDOWN ***
ab181ad6 collected 2,871 from pot
*** SUMMARY ***
Total pot 2,871 | Rake 0 | Jackpot 0 | Bingo 0 | Fortune 0 | Tax 0
Board [Qs 8s Jh 3s]
Seat 1: d91b31a7 folded before Flop
Seat 2: ab181ad6 won (2,871)
Seat 3: 7623fb31 folded before Flop
Seat 4: Hero (button) folded on the Turn
Seat 5: 889b7d3 (small blind) folded before Flop
Seat 6: eee8c0bc (big blind) folded on the Flop
Seat 7: e1428f31 folded before Flop
Seat 8: b29c98e4 folded on the Flop


Poker Hand #TM5701931691: Tournament #269579895, Bounty Hunters Deepstack Turbo $10.80 Hold'em No Limit - Level3(75/150(20)) - 2026/03/13 22:31:54
Table '62' 8-max Seat #3 is the button
Seat 1: d91b31a7 (19,982 in chips)
Seat 2: ab181ad6 (17,920 in chips)
Seat 3: 7623fb31 (25,430 in chips)
Seat 4: Hero (38,662 in chips)
Seat 5: 889b7d3 (88,169 in chips)
Seat 6: eee8c0bc (18,618 in chips)
Seat 7: e1428f31 (11,371 in chips)
Seat 8: b29c98e4 (20,508 in chips)
7623fb31: posts the ante 20
Hero: posts the ante 20
ab181ad6: posts the ante 20
eee8c0bc: posts the ante 20
d91b31a7: posts the ante 20
e1428f31: posts the ante 20
b29c98e4: posts the ante 20
889b7d3: posts the ante 20
Hero: posts small blind 75
889b7d3: posts big blind 150
*** HOLE CARDS ***
Dealt to d91b31a7 
Dealt to ab181ad6 
Dealt to 7623fb31 
Dealt to Hero [Th 2s]
Dealt to 889b7d3 
Dealt to eee8c0bc 
Dealt to e1428f31 
Dealt to b29c98e4 
eee8c0bc: folds
e1428f31: folds
b29c98e4: folds
d91b31a7: folds
ab181ad6: folds
7623fb31: folds
Hero: folds
Uncalled bet (75) returned to 889b7d3
*** SHOWDOWN ***
889b7d3 collected 310 from pot
*** SUMMARY ***
Total pot 310 | Rake 0 | Jackpot 0 | Bingo 0 | Fortune 0 | Tax 0
Seat 1: d91b31a7 folded before Flop
Seat 2: ab181ad6 folded before Flop
Seat 3: 7623fb31 (button) folded before Flop
Seat 4: Hero (small blind) folded before Flop
Seat 5: 889b7d3 (big blind) collected (310)
Seat 6: eee8c0bc folded before Flop
Seat 7: e1428f31 folded before Flop
Seat 8: b29c98e4 folded before Flop


Poker Hand #TM5701931679: Tournament #269579895, Bounty Hunters Deepstack Turbo $10.80 Hold'em No Limit - Level2(60/120(18)) - 2026/03/13 22:30:33
Table '62' 8-max Seat #2 is the button
Seat 1: d91b31a7 (20,000 in chips)
Seat 2: ab181ad6 (18,483 in chips)
Seat 3: 7623fb31 (25,508 in chips)
Seat 4: Hero (42,279 in chips)
Seat 5: 889b7d3 (83,839 in chips)
Seat 6: eee8c0bc (18,636 in chips)
Seat 7: e1428f31 (11,389 in chips)
Seat 8: b29c98e4 (20,526 in chips)
7623fb31: posts the ante 18
Hero: posts the ante 18
ab181ad6: posts the ante 18
eee8c0bc: posts the ante 18
d91b31a7: posts the ante 18
e1428f31: posts the ante 18
b29c98e4: posts the ante 18
889b7d3: posts the ante 18
7623fb31: posts small blind 60
Hero: posts big blind 120
*** HOLE CARDS ***
Dealt to d91b31a7 
Dealt to ab181ad6 
Dealt to 7623fb31 
Dealt to Hero [9h Qc]
Dealt to 889b7d3 
Dealt to eee8c0bc 
Dealt to e1428f31 
Dealt to b29c98e4 
889b7d3: raises 120 to 240
eee8c0bc: folds
e1428f31: folds
b29c98e4: folds
d91b31a7: folds
ab181ad6: calls 240
7623fb31: folds
Hero: calls 120
*** FLOP *** [6s 5c 8s]
Hero: checks
889b7d3: checks
ab181ad6: bets 305
Hero: raises 887 to 1,192
889b7d3: calls 1,192
ab181ad6: folds
*** TURN *** [6s 5c 8s] [2c]
Hero: bets 2,167
889b7d3: calls 2,167
*** RIVER *** [6s 5c 8s 2c] [Ks]
Hero: checks
889b7d3: bets 80,222 and is all-in
Hero: folds
Uncalled bet (80,222) returned to 889b7d3
*** SHOWDOWN ***
889b7d3 collected 7,947 from pot
*** SUMMARY ***
Total pot 7,947 | Rake 0 | Jackpot 0 | Bingo 0 | Fortune 0 | Tax 0
Board [6s 5c 8s 2c Ks]
Seat 1: d91b31a7 folded before Flop
Seat 2: ab181ad6 (button) folded on the Flop
Seat 3: 7623fb31 (small blind) folded before Flop
Seat 4: Hero (big blind) folded on the River
Seat 5: 889b7d3 won (7,947)
Seat 6: eee8c0bc folded before Flop
Seat 7: e1428f31 folded before Flop
Seat 8: b29c98e4 folded before Flop


Poker Hand #TM5701931666: Tournament #269579895, Bounty Hunters Deepstack Turbo $10.80 Hold'em No Limit - Level2(60/120(18)) - 2026/03/13 22:29:23
Table '62' 8-max Seat #8 is the button
Seat 2: ab181ad6 (18,561 in chips)
Seat 3: 7623fb31 (25,646 in chips)
Seat 4: Hero (42,297 in chips)
Seat 5: 889b7d3 (83,857 in chips)
Seat 6: eee8c0bc (19,154 in chips)
Seat 7: e1428f31 (10,601 in chips)
Seat 8: b29c98e4 (20,544 in chips)
7623fb31: posts the ante 18
Hero: posts the ante 18
eee8c0bc: posts the ante 18
ab181ad6: posts the ante 18
e1428f31: posts the ante 18
b29c98e4: posts the ante 18
889b7d3: posts the ante 18
ab181ad6: posts small blind 60
7623fb31: posts big blind 120
*** HOLE CARDS ***
Dealt to ab181ad6 
Dealt to 7623fb31 
Dealt to Hero [4h Th]
Dealt to 889b7d3 
Dealt to eee8c0bc 
Dealt to e1428f31 
Dealt to b29c98e4 
Hero: folds
889b7d3: folds
eee8c0bc: raises 120 to 240
e1428f31: calls 240
b29c98e4: folds
ab181ad6: folds
7623fb31: folds
*** FLOP *** [6s Jc As]
eee8c0bc: bets 260
e1428f31: calls 260
*** TURN *** [6s Jc As] [2h]
eee8c0bc: checks
e1428f31: bets 653
eee8c0bc: folds
Uncalled bet (653) returned to e1428f31
*** SHOWDOWN ***
e1428f31 collected 1,306 from pot
*** SUMMARY ***
Total pot 1,306 | Rake 0 | Jackpot 0 | Bingo 0 | Fortune 0 | Tax 0
Board [6s Jc As 2h]
Seat 2: ab181ad6 (small blind) folded before Flop
Seat 3: 7623fb31 (big blind) folded before Flop
Seat 4: Hero folded before Flop
Seat 5: 889b7d3 folded before Flop
Seat 6: eee8c0bc folded on the Turn
Seat 7: e1428f31 won (1,306)
Seat 8: b29c98e4 (button) folded before Flop


Poker Hand #TM5701931653: Tournament #269579895, Bounty Hunters Deepstack Turbo $10.80 Hold'em No Limit - Level2(60/120(18)) - 2026/03/13 22:27:55
Table '62' 8-max Seat #7 is the button
Seat 2: ab181ad6 (18,699 in chips)
Seat 3: 7623fb31 (24,427 in chips)
Seat 4: Hero (42,315 in chips)
Seat 5: 889b7d3 (84,806 in chips)
Seat 6: eee8c0bc (19,172 in chips)
Seat 7: e1428f31 (10,619 in chips)
Seat 8: b29c98e4 (20,622 in chips)
7623fb31: posts the ante 18
Hero: posts the ante 18
eee8c0bc: posts the ante 18
ab181ad6: posts the ante 18
e1428f31: posts the ante 18
889b7d3: posts the ante 18
b29c98e4: posts the ante 18
b29c98e4: posts small blind 60
ab181ad6: posts big blind 120
*** HOLE CARDS ***
Dealt to ab181ad6 
Dealt to 7623fb31 
Dealt to Hero [3s 5d]
Dealt to 889b7d3 
Dealt to eee8c0bc 
Dealt to e1428f31 
Dealt to b29c98e4 
7623fb31: raises 120 to 240
Hero: folds
889b7d3: calls 240
eee8c0bc: folds
e1428f31: folds
b29c98e4: folds
ab181ad6: folds
*** FLOP *** [7h Js Qs]
7623fb31: checks
889b7d3: bets 260
7623fb31: calls 260
*** TURN *** [7h Js Qs] [3c]
7623fb31: checks
889b7d3: bets 431
7623fb31: calls 431
*** RIVER *** [7h Js Qs 3c] [Ad]
7623fb31: checks
889b7d3: checks
7623fb31: shows [Jc Th] (a pair of Jacks)
889b7d3: shows [6h 6c] (a pair of Sixes)
*** SHOWDOWN ***
7623fb31 collected 2,168 from pot
*** SUMMARY ***
Total pot 2,168 | Rake 0 | Jackpot 0 | Bingo 0 | Fortune 0 | Tax 0
Board [7h Js Qs 3c Ad]
Seat 2: ab181ad6 (big blind) folded before Flop
Seat 3: 7623fb31 showed [Jc Th] and won (2,168) with a pair of Jacks
Seat 4: Hero folded before Flop
Seat 5: 889b7d3 showed [6h 6c] and lost with a pair of Sixes
Seat 6: eee8c0bc folded before Flop
Seat 7: e1428f31 (button) folded before Flop
Seat 8: b29c98e4 (small blind) folded before Flop


Poker Hand #TM5701931648: Tournament #269579895, Bounty Hunters Deepstack Turbo $10.80 Hold'em No Limit - Level2(60/120(18)) - 2026/03/13 22:27:17
Table '62' 8-max Seat #6 is the button
Seat 1: 53977c56 (19,946 in chips)
Seat 2: ab181ad6 (18,717 in chips)
Seat 3: 7623fb31 (24,445 in chips)
Seat 4: Hero (42,333 in chips)
Seat 5: 889b7d3 (84,824 in chips)
Seat 6: eee8c0bc (19,430 in chips)
Seat 7: e1428f31 (10,697 in chips)
Seat 8: b29c98e4 (20,196 in chips)
7623fb31: posts the ante 18
Hero: posts the ante 18
eee8c0bc: posts the ante 18
ab181ad6: posts the ante 18
53977c56: posts the ante 18
e1428f31: posts the ante 18
889b7d3: posts the ante 18
b29c98e4: posts the ante 18
e1428f31: posts small blind 60
b29c98e4: posts big blind 120
*** HOLE CARDS ***
Dealt to 53977c56 
Dealt to ab181ad6 
Dealt to 7623fb31 
Dealt to Hero [2s Kh]
Dealt to 889b7d3 
Dealt to eee8c0bc 
Dealt to e1428f31 
Dealt to b29c98e4 
53977c56: folds
ab181ad6: folds
7623fb31: folds
Hero: folds
889b7d3: folds
eee8c0bc: raises 120 to 240
e1428f31: folds
b29c98e4: raises 828 to 1,068
eee8c0bc: folds
Uncalled bet (828) returned to b29c98e4
*** SHOWDOWN ***
b29c98e4 collected 684 from pot
*** SUMMARY ***
Total pot 684 | Rake 0 | Jackpot 0 | Bingo 0 | Fortune 0 | Tax 0
Seat 1: 53977c56 folded before Flop
Seat 2: ab181ad6 folded before Flop
Seat 3: 7623fb31 folded before Flop
Seat 4: Hero folded before Flop
Seat 5: 889b7d3 folded before Flop
Seat 6: eee8c0bc (button) folded before Flop
Seat 7: e1428f31 (small blind) folded before Flop
Seat 8: b29c98e4 (big blind) collected (684)


Poker Hand #TM5701931638: Tournament #269579895, Bounty Hunters Deepstack Turbo $10.80 Hold'em No Limit - Level2(60/120(18)) - 2026/03/13 22:26:22
Table '62' 8-max Seat #5 is the button
Seat 1: 53977c56 (19,964 in chips)
Seat 2: ab181ad6 (18,735 in chips)
Seat 3: 7623fb31 (24,463 in chips)
Seat 4: Hero (42,351 in chips)
Seat 5: 889b7d3 (84,842 in chips)
Seat 6: eee8c0bc (19,184 in chips)
Seat 7: e1428f31 (10,835 in chips)
Seat 8: b29c98e4 (20,214 in chips)
7623fb31: posts the ante 18
Hero: posts the ante 18
ab181ad6: posts the ante 18
53977c56: posts the ante 18
eee8c0bc: posts the ante 18
e1428f31: posts the ante 18
889b7d3: posts the ante 18
b29c98e4: posts the ante 18
eee8c0bc: posts small blind 60
e1428f31: posts big blind 120
*** HOLE CARDS ***
Dealt to 53977c56 
Dealt to ab181ad6 
Dealt to 7623fb31 
Dealt to Hero [7d 4h]
Dealt to 889b7d3 
Dealt to eee8c0bc 
Dealt to e1428f31 
Dealt to b29c98e4 
b29c98e4: folds
53977c56: folds
ab181ad6: folds
7623fb31: folds
Hero: folds
889b7d3: folds
eee8c0bc: raises 300 to 420
e1428f31: folds
Uncalled bet (300) returned to eee8c0bc
*** SHOWDOWN ***
eee8c0bc collected 384 from pot
*** SUMMARY ***
Total pot 384 | Rake 0 | Jackpot 0 | Bingo 0 | Fortune 0 | Tax 0
Seat 1: 53977c56 folded before Flop
Seat 2: ab181ad6 folded before Flop
Seat 3: 7623fb31 folded before Flop
Seat 4: Hero folded before Flop
Seat 5: 889b7d3 (button) folded before Flop
Seat 6: eee8c0bc (small blind) collected (384)
Seat 7: e1428f31 (big blind) folded before Flop
Seat 8: b29c98e4 folded before Flop


Poker Hand #TM5701931628: Tournament #269579895, Bounty Hunters Deepstack Turbo $10.80 Hold'em No Limit - Level2(60/120(18)) - 2026/03/13 22:25:14
Table '62' 8-max Seat #4 is the button
Seat 1: 53977c56 (19,982 in chips)
Seat 2: ab181ad6 (18,753 in chips)
Seat 3: 7623fb31 (24,481 in chips)
Seat 4: Hero (42,369 in chips)
Seat 5: 889b7d3 (85,306 in chips)
Seat 6: eee8c0bc (18,612 in chips)
Seat 7: e1428f31 (10,853 in chips)
Seat 8: b29c98e4 (20,232 in chips)
7623fb31: posts the ante 18
Hero: posts the ante 18
ab181ad6: posts the ante 18
53977c56: posts the ante 18
eee8c0bc: posts the ante 18
e1428f31: posts the ante 18
b29c98e4: posts the ante 18
889b7d3: posts the ante 18
889b7d3: posts small blind 60
eee8c0bc: posts big blind 120
*** HOLE CARDS ***
Dealt to 53977c56 
Dealt to ab181ad6 
Dealt to 7623fb31 
Dealt to Hero [Ks 5h]
Dealt to 889b7d3 
Dealt to eee8c0bc 
Dealt to e1428f31 
Dealt to b29c98e4 
e1428f31: folds
b29c98e4: folds
53977c56: folds
ab181ad6: folds
7623fb31: folds
Hero: folds
889b7d3: raises 120 to 240
eee8c0bc: calls 120
*** FLOP *** [Jc 7c 6d]
889b7d3: bets 206
eee8c0bc: calls 206
*** TURN *** [Jc 7c 6d] [7d]
889b7d3: checks
eee8c0bc: checks
*** RIVER *** [Jc 7c 6d 7d] [5s]
889b7d3: checks
eee8c0bc: checks
889b7d3: shows [Tc Qs] (a pair of Sevens)
eee8c0bc: shows [9h Ah] (a pair of Sevens)
*** SHOWDOWN ***
eee8c0bc collected 1,036 from pot
*** SUMMARY ***
Total pot 1,036 | Rake 0 | Jackpot 0 | Bingo 0 | Fortune 0 | Tax 0
Board [Jc 7c 6d 7d 5s]
Seat 1: 53977c56 folded before Flop
Seat 2: ab181ad6 folded before Flop
Seat 3: 7623fb31 folded before Flop
Seat 4: Hero (button) folded before Flop
Seat 5: 889b7d3 (small blind) showed [Tc Qs] and lost with a pair of Sevens
Seat 6: eee8c0bc (big blind) showed [9h Ah] and won (1,036) with a pair of Sevens
Seat 7: e1428f31 folded before Flop
Seat 8: b29c98e4 folded before Flop


Poker Hand #TM5701931601: Tournament #269579895, Bounty Hunters Deepstack Turbo $10.80 Hold'em No Limit - Level2(60/120(18)) - 2026/03/13 22:23:56
Table '62' 8-max Seat #3 is the button
Seat 1: 53977c56 (20,000 in chips)
Seat 2: ab181ad6 (20,235 in chips)
Seat 3: 7623fb31 (25,963 in chips)
Seat 4: Hero (37,731 in chips)
Seat 5: 889b7d3 (85,444 in chips)
Seat 6: eee8c0bc (18,630 in chips)
Seat 7: e1428f31 (12,335 in chips)
Seat 8: b29c98e4 (20,250 in chips)
7623fb31: posts the ante 18
Hero: posts the ante 18
ab181ad6: posts the ante 18
53977c56: posts the ante 18
eee8c0bc: posts the ante 18
e1428f31: posts the ante 18
b29c98e4: posts the ante 18
889b7d3: posts the ante 18
Hero: posts small blind 60
889b7d3: posts big blind 120
*** HOLE CARDS ***
Dealt to 53977c56 
Dealt to ab181ad6 
Dealt to 7623fb31 
Dealt to Hero [Ts 9s]
Dealt to 889b7d3 
Dealt to eee8c0bc 
Dealt to e1428f31 
Dealt to b29c98e4 
eee8c0bc: folds
e1428f31: raises 120 to 240
b29c98e4: folds
53977c56: folds
ab181ad6: calls 240
7623fb31: calls 240
Hero: raises 1,224 to 1,464
889b7d3: folds
e1428f31: calls 1,224
ab181ad6: calls 1,224
7623fb31: calls 1,224
*** FLOP *** [2d Th 8d]
Hero: bets 4,590
e1428f31: folds
ab181ad6: folds
7623fb31: folds
Uncalled bet (4,590) returned to Hero
*** SHOWDOWN ***
Hero collected 6,120 from pot
*** SUMMARY ***
Total pot 6,120 | Rake 0 | Jackpot 0 | Bingo 0 | Fortune 0 | Tax 0
Board [2d Th 8d]
Seat 1: 53977c56 folded before Flop
Seat 2: ab181ad6 folded on the Flop
Seat 3: 7623fb31 (button) folded on the Flop
Seat 4: Hero (small blind) won (6,120)
Seat 5: 889b7d3 (big blind) folded before Flop
Seat 6: eee8c0bc folded before Flop
Seat 7: e1428f31 folded on the Flop
Seat 8: b29c98e4 folded before Flop


Poker Hand #TM5701931550: Tournament #269579895, Bounty Hunters Deepstack Turbo $10.80 Hold'em No Limit - Level1(50/100(15)) - 2026/03/13 22:22:32
Table '62' 8-max Seat #2 is the button
Seat 2: ab181ad6 (20,250 in chips)
Seat 3: 7623fb31 (19,395 in chips)
Seat 4: Hero (37,846 in chips)
Seat 5: 889b7d3 (85,459 in chips)
Seat 6: eee8c0bc (18,895 in chips)
Seat 7: e1428f31 (18,478 in chips)
Seat 8: b29c98e4 (20,265 in chips)
7623fb31: posts the ante 15
Hero: posts the ante 15
ab181ad6: posts the ante 15
eee8c0bc: posts the ante 15
e1428f31: posts the ante 15
b29c98e4: posts the ante 15
889b7d3: posts the ante 15
7623fb31: posts small blind 50
Hero: posts big blind 100
*** HOLE CARDS ***
Dealt to ab181ad6 
Dealt to 7623fb31 
Dealt to Hero [8c 9h]
Dealt to 889b7d3 
Dealt to eee8c0bc 
Dealt to e1428f31 
Dealt to b29c98e4 
889b7d3: folds
eee8c0bc: raises 150 to 250
e1428f31: raises 567 to 817
b29c98e4: folds
ab181ad6: folds
7623fb31: raises 1,583 to 2,400
Hero: folds
eee8c0bc: folds
e1428f31: calls 1,583
*** FLOP *** [Ad 9d 4d]
7623fb31: bets 550
e1428f31: raises 3,178 to 3,728
7623fb31: raises 13,252 to 16,980 and is all-in
e1428f31: folds
Uncalled bet (13,252) returned to 7623fb31
*** SHOWDOWN ***
7623fb31 collected 12,711 from pot
*** SUMMARY ***
Total pot 12,711 | Rake 0 | Jackpot 0 | Bingo 0 | Fortune 0 | Tax 0
Board [Ad 9d 4d]
Seat 2: ab181ad6 (button) folded before Flop
Seat 3: 7623fb31 (small blind) won (12,711)
Seat 4: Hero (big blind) folded before Flop
Seat 5: 889b7d3 folded before Flop
Seat 6: eee8c0bc folded before Flop
Seat 7: e1428f31 folded on the Flop
Seat 8: b29c98e4 folded before Flop


Poker Hand #TM5701931504: Tournament #269579895, Bounty Hunters Deepstack Turbo $10.80 Hold'em No Limit - Level1(50/100(15)) - 2026/03/13 22:21:15
Table '62' 8-max Seat #8 is the button
Seat 1: c9fd41af (19,855 in chips)
Seat 2: ab181ad6 (20,365 in chips)
Seat 3: 7623fb31 (19,410 in chips)
Seat 4: Hero (39,695 in chips)
Seat 5: 889b7d3 (63,580 in chips)
Seat 6: eee8c0bc (18,910 in chips)
Seat 7: e1428f31 (18,493 in chips)
Seat 8: b29c98e4 (20,280 in chips)
7623fb31: posts the ante 15
Hero: posts the ante 15
c9fd41af: posts the ante 15
eee8c0bc: posts the ante 15
ab181ad6: posts the ante 15
e1428f31: posts the ante 15
b29c98e4: posts the ante 15
889b7d3: posts the ante 15
c9fd41af: posts small blind 50
ab181ad6: posts big blind 100
*** HOLE CARDS ***
Dealt to c9fd41af 
Dealt to ab181ad6 
Dealt to 7623fb31 
Dealt to Hero [Qd Ah]
Dealt to 889b7d3 
Dealt to eee8c0bc 
Dealt to e1428f31 
Dealt to b29c98e4 
7623fb31: folds
Hero: raises 100 to 200
889b7d3: raises 222 to 422
eee8c0bc: folds
e1428f31: folds
b29c98e4: folds
c9fd41af: raises 1,412 to 1,834
ab181ad6: folds
Hero: calls 1,634
889b7d3: calls 1,412
*** FLOP *** [4d 2c 8s]
c9fd41af: bets 3,148
Hero: folds
889b7d3: calls 3,148
*** TURN *** [4d 2c 8s] [3c]
c9fd41af: checks
889b7d3: bets 3,966
c9fd41af: raises 10,892 to 14,858 and is all-in
889b7d3: calls 10,892
c9fd41af: shows [Qs Qh] (a pair of Queens)
889b7d3: shows [Ac 5c] (a straight, Ace to Five)
*** RIVER *** [4d 2c 8s 3c] [3h]
*** SHOWDOWN ***
889b7d3 collected 41,734 from pot
*** SUMMARY ***
Total pot 41,734 | Rake 0 | Jackpot 0 | Bingo 0 | Fortune 0 | Tax 0
Board [4d 2c 8s 3c 3h]
Seat 1: c9fd41af (small blind) showed [Qs Qh] and lost with two pair, Queens and Threes
Seat 2: ab181ad6 (big blind) folded before Flop
Seat 3: 7623fb31 folded before Flop
Seat 4: Hero folded on the Flop
Seat 5: 889b7d3 showed [Ac 5c] and won (41,734) with a straight, Ace to Five
Seat 6: eee8c0bc folded before Flop
Seat 7: e1428f31 folded before Flop
Seat 8: b29c98e4 (button) folded before Flop


Poker Hand #TM5701931479: Tournament #269579895, Bounty Hunters Deepstack Turbo $10.80 Hold'em No Limit - Level1(50/100(15)) - 2026/03/13 22:20:31
Table '62' 8-max Seat #7 is the button
Seat 1: c9fd41af (19,970 in chips)
Seat 2: ab181ad6 (20,380 in chips)
Seat 3: 7623fb31 (20,060 in chips)
Seat 4: Hero (39,710 in chips)
Seat 5: 889b7d3 (63,595 in chips)
Seat 6: eee8c0bc (18,925 in chips)
Seat 7: e1428f31 (17,603 in chips)
Seat 8: b29c98e4 (20,345 in chips)
7623fb31: posts the ante 15
Hero: posts the ante 15
c9fd41af: posts the ante 15
eee8c0bc: posts the ante 15
ab181ad6: posts the ante 15
e1428f31: posts the ante 15
889b7d3: posts the ante 15
b29c98e4: posts the ante 15
b29c98e4: posts small blind 50
c9fd41af: posts big blind 100
*** HOLE CARDS ***
Dealt to c9fd41af 
Dealt to ab181ad6 
Dealt to 7623fb31 
Dealt to Hero [2c 6c]
Dealt to 889b7d3 
Dealt to eee8c0bc 
Dealt to e1428f31 
Dealt to b29c98e4 
ab181ad6: folds
7623fb31: raises 150 to 250
Hero: folds
889b7d3: folds
eee8c0bc: folds
e1428f31: raises 385 to 635
b29c98e4: folds
c9fd41af: folds
7623fb31: calls 385
*** FLOP *** [Ts Js 7s]
7623fb31: checks
e1428f31: bets 509
7623fb31: folds
Uncalled bet (509) returned to e1428f31
*** SHOWDOWN ***
e1428f31 collected 1,540 from pot
*** SUMMARY ***
Total pot 1,540 | Rake 0 | Jackpot 0 | Bingo 0 | Fortune 0 | Tax 0
Board [Ts Js 7s]
Seat 1: c9fd41af (big blind) folded before Flop
Seat 2: ab181ad6 folded before Flop
Seat 3: 7623fb31 folded on the Flop
Seat 4: Hero folded before Flop
Seat 5: 889b7d3 folded before Flop
Seat 6: eee8c0bc folded before Flop
Seat 7: e1428f31 (button) won (1,540)
Seat 8: b29c98e4 (small blind) folded before Flop


Poker Hand #TM5701931455: Tournament #269579895, Bounty Hunters Deepstack Turbo $10.80 Hold'em No Limit - Level1(50/100(15)) - 2026/03/13 22:19:54
Table '62' 8-max Seat #6 is the button
Seat 1: c9fd41af (19,985 in chips)
Seat 2: ab181ad6 (20,595 in chips)
Seat 3: 7623fb31 (19,605 in chips)
Seat 4: Hero (39,725 in chips)
Seat 5: 889b7d3 (63,610 in chips)
Seat 6: eee8c0bc (18,940 in chips)
Seat 7: e1428f31 (17,668 in chips)
Seat 8: b29c98e4 (20,460 in chips)
7623fb31: posts the ante 15
Hero: posts the ante 15
c9fd41af: posts the ante 15
eee8c0bc: posts the ante 15
ab181ad6: posts the ante 15
e1428f31: posts the ante 15
889b7d3: posts the ante 15
b29c98e4: posts the ante 15
e1428f31: posts small blind 50
b29c98e4: posts big blind 100
*** HOLE CARDS ***
Dealt to c9fd41af 
Dealt to ab181ad6 
Dealt to 7623fb31 
Dealt to Hero [Th 6s]
Dealt to 889b7d3 
Dealt to eee8c0bc 
Dealt to e1428f31 
Dealt to b29c98e4 
c9fd41af: folds
ab181ad6: raises 100 to 200
7623fb31: raises 600 to 800
Hero: folds
889b7d3: folds
eee8c0bc: folds
e1428f31: folds
b29c98e4: folds
ab181ad6: folds
Uncalled bet (600) returned to 7623fb31
*** SHOWDOWN ***
7623fb31 collected 670 from pot
*** SUMMARY ***
Total pot 670 | Rake 0 | Jackpot 0 | Bingo 0 | Fortune 0 | Tax 0
Seat 1: c9fd41af folded before Flop
Seat 2: ab181ad6 folded before Flop
Seat 3: 7623fb31 collected (670)
Seat 4: Hero folded before Flop
Seat 5: 889b7d3 folded before Flop
Seat 6: eee8c0bc (button) folded before Flop
Seat 7: e1428f31 (small blind) folded before Flop
Seat 8: b29c98e4 (big blind) folded before Flop


Poker Hand #TM5701931427: Tournament #269579895, Bounty Hunters Deepstack Turbo $10.80 Hold'em No Limit - Level1(50/100(15)) - 2026/03/13 22:19:06
Table '62' 8-max Seat #5 is the button
Seat 1: c9fd41af (20,000 in chips)
Seat 2: ab181ad6 (20,610 in chips)
Seat 3: 7623fb31 (19,870 in chips)
Seat 4: Hero (38,485 in chips)
Seat 5: 889b7d3 (64,360 in chips)
Seat 6: eee8c0bc (19,005 in chips)
Seat 7: e1428f31 (17,783 in chips)
Seat 8: b29c98e4 (20,475 in chips)
7623fb31: posts the ante 15
Hero: posts the ante 15
c9fd41af: posts the ante 15
ab181ad6: posts the ante 15
eee8c0bc: posts the ante 15
e1428f31: posts the ante 15
889b7d3: posts the ante 15
b29c98e4: posts the ante 15
eee8c0bc: posts small blind 50
e1428f31: posts big blind 100
*** HOLE CARDS ***
Dealt to c9fd41af 
Dealt to ab181ad6 
Dealt to 7623fb31 
Dealt to Hero [9c 9d]
Dealt to 889b7d3 
Dealt to eee8c0bc 
Dealt to e1428f31 
Dealt to b29c98e4 
b29c98e4: folds
c9fd41af: folds
ab181ad6: folds
7623fb31: raises 150 to 250
Hero: raises 485 to 735
889b7d3: calls 735
eee8c0bc: folds
e1428f31: folds
7623fb31: folds
*** FLOP *** [3d 2s 5d]
Hero: bets 1,990
889b7d3: folds
Uncalled bet (1,990) returned to Hero
*** SHOWDOWN ***
Hero collected 1,990 from pot
*** SUMMARY ***
Total pot 1,990 | Rake 0 | Jackpot 0 | Bingo 0 | Fortune 0 | Tax 0
Board [3d 2s 5d]
Seat 1: c9fd41af folded before Flop
Seat 2: ab181ad6 folded before Flop
Seat 3: 7623fb31 folded before Flop
Seat 4: Hero won (1,990)
Seat 5: 889b7d3 (button) folded on the Flop
Seat 6: eee8c0bc (small blind) folded before Flop
Seat 7: e1428f31 (big blind) folded before Flop
Seat 8: b29c98e4 folded before Flop


Poker Hand #TM5701931389: Tournament #269579895, Bounty Hunters Deepstack Turbo $10.80 Hold'em No Limit - Level1(50/100(15)) - 2026/03/13 22:18:05
Table '62' 8-max Seat #4 is the button
Seat 2: ab181ad6 (20,625 in chips)
Seat 3: 7623fb31 (19,885 in chips)
Seat 4: Hero (38,500 in chips)
Seat 5: 889b7d3 (63,120 in chips)
Seat 6: eee8c0bc (19,970 in chips)
Seat 7: e1428f31 (17,998 in chips)
Seat 8: b29c98e4 (20,490 in chips)
7623fb31: posts the ante 15
Hero: posts the ante 15
ab181ad6: posts the ante 15
eee8c0bc: posts the ante 15
e1428f31: posts the ante 15
b29c98e4: posts the ante 15
889b7d3: posts the ante 15
889b7d3: posts small blind 50
eee8c0bc: posts big blind 100
*** HOLE CARDS ***
Dealt to ab181ad6 
Dealt to 7623fb31 
Dealt to Hero [2d Td]
Dealt to 889b7d3 
Dealt to eee8c0bc 
Dealt to e1428f31 
Dealt to b29c98e4 
e1428f31: raises 100 to 200
b29c98e4: folds
ab181ad6: folds
7623fb31: folds
Hero: folds
889b7d3: calls 150
eee8c0bc: calls 100
*** FLOP *** [Js 9d 8h]
889b7d3: bets 233
eee8c0bc: raises 517 to 750
e1428f31: folds
889b7d3: calls 517
*** TURN *** [Js 9d 8h] [Jc]
889b7d3: checks
eee8c0bc: checks
*** RIVER *** [Js 9d 8h Jc] [7s]
889b7d3: bets 728
eee8c0bc: folds
Uncalled bet (728) returned to 889b7d3
*** SHOWDOWN ***
889b7d3 collected 2,205 from pot
*** SUMMARY ***
Total pot 2,205 | Rake 0 | Jackpot 0 | Bingo 0 | Fortune 0 | Tax 0
Board [Js 9d 8h Jc 7s]
Seat 2: ab181ad6 folded before Flop
Seat 3: 7623fb31 folded before Flop
Seat 4: Hero (button) folded before Flop
Seat 5: 889b7d3 (small blind) showed [Tc] and won (2,205)
Seat 6: eee8c0bc (big blind) folded on the River
Seat 7: e1428f31 folded on the Flop
Seat 8: b29c98e4 folded before Flop


Poker Hand #TM5701645227: Tournament #269579895, Bounty Hunters Deepstack Turbo $10.80 Hold'em No Limit - Level1(50/100(15)) - 2026/03/13 22:16:47
Table '57' 8-max Seat #8 is the button
Seat 1: 6f38ca70 (15 in chips)
Seat 2: 7623fb31 (20,000 in chips)
Seat 3: e1428f31 (19,563 in chips)
Seat 4: eee8c0bc (19,985 in chips)
Seat 5: 889b7d3 (19,970 in chips)
Seat 6: c7e741e3 (19,970 in chips)
Seat 7: Hero (40,065 in chips)
Seat 8: d1c3a2f4 (19,905 in chips)
c7e741e3: posts the ante 15
d1c3a2f4: posts the ante 15
7623fb31: posts the ante 15
Hero: posts the ante 15
eee8c0bc: posts the ante 15
e1428f31: posts the ante 15
6f38ca70: posts the ante 15
889b7d3: posts the ante 15
6f38ca70: posts small blind 0
7623fb31: posts big blind 100
*** HOLE CARDS ***
Dealt to 6f38ca70 
Dealt to 7623fb31 
Dealt to e1428f31 
Dealt to eee8c0bc 
Dealt to 889b7d3 
Dealt to c7e741e3 
Dealt to Hero [8h Qd]
Dealt to d1c3a2f4 
e1428f31: calls 100
eee8c0bc: folds
889b7d3: raises 420 to 520
c7e741e3: raises 1,030 to 1,550
Hero: calls 1,550
d1c3a2f4: calls 1,550
7623fb31: folds
e1428f31: calls 1,450
889b7d3: raises 18,405 to 19,955 and is all-in
c7e741e3: calls 18,405 and is all-in
Hero: folds
d1c3a2f4: calls 18,340 and is all-in
e1428f31: folds
889b7d3: shows [5c 7h]
c7e741e3: shows [9h 9c]
d1c3a2f4: shows [Jh Ac]
6f38ca70: shows [Kd 9s]
*** FLOP *** [5h 4d Tc]
*** TURN *** [5h 4d Tc] [5s]
*** RIVER *** [5h 4d Tc 5s] [4s]
*** SHOWDOWN ***
889b7d3 collected 120 from pot
889b7d3 collected 62,870 from pot
889b7d3 collected 130 from pot
*** SUMMARY ***
Total pot 63,120 | Rake 0 | Jackpot 0 | Bingo 0 | Fortune 0 | Tax 0
Board [5h 4d Tc 5s 4s]
Seat 1: 6f38ca70 (small blind) showed [Kd 9s] and lost with two pair, Fives and Fours
Seat 2: 7623fb31 (big blind) folded before Flop
Seat 3: e1428f31 folded before Flop
Seat 4: eee8c0bc folded before Flop
Seat 5: 889b7d3 showed [5c 7h] and won (63,120) with a full house, Fives full of Fours
Seat 6: c7e741e3 showed [9h 9c] and lost with two pair, Nines and Fives
Seat 7: Hero folded before Flop
Seat 8: d1c3a2f4 (button) showed [Jh Ac] and lost with two pair, Fives and Fours


Poker Hand #TM5701645201: Tournament #269579895, Bounty Hunters Deepstack Turbo $10.80 Hold'em No Limit - Level1(50/100(15)) - 2026/03/13 22:15:55
Table '57' 8-max Seat #7 is the button
Seat 1: 6f38ca70 (20,000 in chips)
Seat 5: 889b7d3 (19,985 in chips)
Seat 6: c7e741e3 (19,985 in chips)
Seat 7: Hero (19,985 in chips)
Seat 8: d1c3a2f4 (19,970 in chips)
c7e741e3: posts the ante 15
d1c3a2f4: posts the ante 15
Hero: posts the ante 15
6f38ca70: posts the ante 15
889b7d3: posts the ante 15
d1c3a2f4: posts small blind 50
6f38ca70: posts big blind 100
*** HOLE CARDS ***
Dealt to 6f38ca70 
Dealt to 889b7d3 
Dealt to c7e741e3 
Dealt to Hero [Kc As]
Dealt to d1c3a2f4 
889b7d3: folds
c7e741e3: folds
Hero: raises 100 to 200
d1c3a2f4: folds
6f38ca70: raises 525 to 725
Hero: raises 19,245 to 19,970 and is all-in
6f38ca70: calls 19,245
Hero: shows [Kc As]
6f38ca70: shows [7s 7d]
*** FLOP *** [6c 8s 2c]
*** TURN *** [6c 8s 2c] [9s]
*** RIVER *** [6c 8s 2c 9s] [Ac]
*** SHOWDOWN ***
Hero collected 40,065 from pot
*** SUMMARY ***
Total pot 40,065 | Rake 0 | Jackpot 0 | Bingo 0 | Fortune 0 | Tax 0
Board [6c 8s 2c 9s Ac]
Seat 1: 6f38ca70 (big blind) showed [7s 7d] and lost with a pair of Sevens
Seat 5: 889b7d3 folded before Flop
Seat 6: c7e741e3 folded before Flop
Seat 7: Hero (button) showed [Kc As] and won (40,065) with a pair of Aces
Seat 8: d1c3a2f4 (small blind) folded before Flop


Poker Hand #TM5701268347: Tournament #269579895, Bounty Hunters Deepstack Turbo $10.80 Hold'em No Limit - Level1(50/100(15)) - 2026/03/13 22:15:02
Table '34' 8-max Seat #2 is the button
Seat 1: c9f592a9 (20,000 in chips)
Seat 2: 473cb090 (20,000 in chips)
Seat 3: fba11e08 (20,000 in chips)
Seat 4: bbac376d (20,000 in chips)
Seat 5: Hero (20,000 in chips)
Seat 6: 1a1d287a (20,000 in chips)
Seat 7: 34595d6f (20,000 in chips)
Seat 8: 5ba106dc (20,000 in chips)
5ba106dc: posts the ante 15
Hero: posts the ante 15
c9f592a9: posts the ante 15
bbac376d: posts the ante 15
1a1d287a: posts the ante 15
473cb090: posts the ante 15
fba11e08: posts the ante 15
34595d6f: posts the ante 15
fba11e08: posts small blind 50
bbac376d: posts big blind 100
*** HOLE CARDS ***
Dealt to c9f592a9 
Dealt to 473cb090 
Dealt to fba11e08 
Dealt to bbac376d 
Dealt to Hero [Th 3c]
Dealt to 1a1d287a 
Dealt to 34595d6f 
Dealt to 5ba106dc 
Hero: folds
1a1d287a: folds
34595d6f: folds
5ba106dc: folds
c9f592a9: folds
473cb090: raises 100 to 200
fba11e08: folds
bbac376d: folds
Uncalled bet (100) returned to 473cb090
*** SHOWDOWN ***
473cb090 collected 370 from pot
*** SUMMARY ***
Total pot 370 | Rake 0 | Jackpot 0 | Bingo 0 | Fortune 0 | Tax 0
Seat 1: c9f592a9 folded before Flop
Seat 2: 473cb090 (button) collected (370)
Seat 3: fba11e08 (small blind) folded before Flop
Seat 4: bbac376d (big blind) folded before Flop
Seat 5: Hero folded before Flop
Seat 6: 1a1d287a folded before Flop
Seat 7: 34595d6f folded before Flop
Seat 8: 5ba106dc folded before Flop


