Poker Hand #TM5647592132: Tournament #266828863, Bounty Hunters Deepstack Turbo $8.88 Hold'em No Limit - Level14(750/1,500(200)) - 2026/03/01 16:19:21
Table '6' 8-max Seat #6 is the button
Seat 1: 49f22450 (33,116 in chips)
Seat 2: 80bb7e89 (82,022 in chips)
Seat 3: df1381a4 (34,980 in chips)
Seat 4: 20149f2 (66,600 in chips)
Seat 5: 392dd214 (35,025 in chips)
Seat 6: 2b404200 (157,260 in chips)
Seat 7: Hero (10,200 in chips)
Seat 8: 7d9f7978 (17,433 in chips)
80bb7e89: posts the ante 200
Hero: posts the ante 200
20149f2: posts the ante 200
2b404200: posts the ante 200
df1381a4: posts the ante 200
49f22450: posts the ante 200
7d9f7978: posts the ante 200
392dd214: posts the ante 200
Hero: posts small blind 750
7d9f7978: posts big blind 1,500
*** HOLE CARDS ***
Dealt to 49f22450 
Dealt to 80bb7e89 
Dealt to df1381a4 
Dealt to 20149f2 
Dealt to 392dd214 
Dealt to 2b404200 
Dealt to Hero [6h Jc]
Dealt to 7d9f7978 
49f22450: folds
80bb7e89: folds
df1381a4: folds
20149f2: folds
392dd214: folds
2b404200: raises 155,560 to 157,060 and is all-in
Hero: calls 9,250 and is all-in
7d9f7978: calls 15,733 and is all-in
Uncalled bet (139,827) returned to 2b404200
2b404200: shows [4s 3h]
Hero: shows [6h Jc]
7d9f7978: shows [6s Kd]
*** FLOP *** [7d 5d 6d]
*** TURN *** [7d 5d 6d] [5s]
*** RIVER *** [7d 5d 6d 5s] [As]
*** SHOWDOWN ***
2b404200 collected 31,600 from pot
2b404200 collected 14,466 from pot
*** SUMMARY ***
Total pot 46,066 | Rake 0 | Jackpot 0 | Bingo 0 | Fortune 0 | Tax 0
Board [7d 5d 6d 5s As]
Seat 1: 49f22450 folded before Flop
Seat 2: 80bb7e89 folded before Flop
Seat 3: df1381a4 folded before Flop
Seat 4: 20149f2 folded before Flop
Seat 5: 392dd214 folded before Flop
Seat 6: 2b404200 (button) showed [4s 3h] and won (46,066) with a straight, Seven to Three
Seat 7: Hero (small blind) showed [6h Jc] and lost with two pair, Sixes and Fives
Seat 8: 7d9f7978 (big blind) showed [6s Kd] and lost with two pair, Sixes and Fives


Poker Hand #TM5647592124: Tournament #266828863, Bounty Hunters Deepstack Turbo $8.88 Hold'em No Limit - Level14(750/1,500(200)) - 2026/03/01 16:18:45
Table '6' 8-max Seat #5 is the button
Seat 1: 49f22450 (34,816 in chips)
Seat 2: 80bb7e89 (82,222 in chips)
Seat 3: df1381a4 (35,180 in chips)
Seat 4: 20149f2 (66,800 in chips)
Seat 5: 392dd214 (29,875 in chips)
Seat 6: 2b404200 (158,210 in chips)
Seat 7: Hero (11,900 in chips)
Seat 8: 7d9f7978 (17,633 in chips)
80bb7e89: posts the ante 200
Hero: posts the ante 200
20149f2: posts the ante 200
2b404200: posts the ante 200
df1381a4: posts the ante 200
49f22450: posts the ante 200
7d9f7978: posts the ante 200
392dd214: posts the ante 200
2b404200: posts small blind 750
Hero: posts big blind 1,500
*** HOLE CARDS ***
Dealt to 49f22450 
Dealt to 80bb7e89 
Dealt to df1381a4 
Dealt to 20149f2 
Dealt to 392dd214 
Dealt to 2b404200 
Dealt to Hero [3c 5d]
Dealt to 7d9f7978 
7d9f7978: folds
49f22450: calls 1,500
80bb7e89: folds
df1381a4: folds
20149f2: folds
392dd214: raises 28,175 to 29,675 and is all-in
2b404200: folds
Hero: folds
49f22450: folds
Uncalled bet (28,175) returned to 392dd214
*** SHOWDOWN ***
392dd214 collected 6,850 from pot
*** SUMMARY ***
Total pot 6,850 | Rake 0 | Jackpot 0 | Bingo 0 | Fortune 0 | Tax 0
Seat 1: 49f22450 folded before Flop
Seat 2: 80bb7e89 folded before Flop
Seat 3: df1381a4 folded before Flop
Seat 4: 20149f2 folded before Flop
Seat 5: 392dd214 (button) collected (6,850)
Seat 6: 2b404200 (small blind) folded before Flop
Seat 7: Hero (big blind) folded before Flop
Seat 8: 7d9f7978 folded before Flop


Poker Hand #TM5647592111: Tournament #266828863, Bounty Hunters Deepstack Turbo $8.88 Hold'em No Limit - Level14(750/1,500(200)) - 2026/03/01 16:17:54
Table '6' 8-max Seat #4 is the button
Seat 1: 49f22450 (39,516 in chips)
Seat 2: 80bb7e89 (82,422 in chips)
Seat 3: df1381a4 (35,380 in chips)
Seat 4: 20149f2 (71,500 in chips)
Seat 5: 392dd214 (17,975 in chips)
Seat 6: 2b404200 (159,910 in chips)
Seat 7: Hero (12,100 in chips)
Seat 8: 7d9f7978 (17,833 in chips)
80bb7e89: posts the ante 200
Hero: posts the ante 200
20149f2: posts the ante 200
2b404200: posts the ante 200
df1381a4: posts the ante 200
49f22450: posts the ante 200
7d9f7978: posts the ante 200
392dd214: posts the ante 200
392dd214: posts small blind 750
2b404200: posts big blind 1,500
*** HOLE CARDS ***
Dealt to 49f22450 
Dealt to 80bb7e89 
Dealt to df1381a4 
Dealt to 20149f2 
Dealt to 392dd214 
Dealt to 2b404200 
Dealt to Hero [2c 7d]
Dealt to 7d9f7978 
Hero: folds
7d9f7978: folds
49f22450: calls 1,500
80bb7e89: folds
df1381a4: folds
20149f2: calls 1,500
392dd214: raises 3,000 to 4,500
2b404200: folds
49f22450: calls 3,000
20149f2: calls 3,000
*** FLOP *** [Th 9c 2s]
392dd214: bets 5,478
49f22450: folds
20149f2: folds
Uncalled bet (5,478) returned to 392dd214
*** SHOWDOWN ***
392dd214 collected 16,600 from pot
*** SUMMARY ***
Total pot 16,600 | Rake 0 | Jackpot 0 | Bingo 0 | Fortune 0 | Tax 0
Board [Th 9c 2s]
Seat 1: 49f22450 folded on the Flop
Seat 2: 80bb7e89 folded before Flop
Seat 3: df1381a4 folded before Flop
Seat 4: 20149f2 (button) folded on the Flop
Seat 5: 392dd214 (small blind) won (16,600)
Seat 6: 2b404200 (big blind) folded before Flop
Seat 7: Hero folded before Flop
Seat 8: 7d9f7978 folded before Flop


Poker Hand #TM5647592089: Tournament #266828863, Bounty Hunters Deepstack Turbo $8.88 Hold'em No Limit - Level14(750/1,500(200)) - 2026/03/01 16:16:15
Table '6' 8-max Seat #3 is the button
Seat 1: 49f22450 (39,716 in chips)
Seat 2: 80bb7e89 (82,622 in chips)
Seat 3: df1381a4 (35,580 in chips)
Seat 4: 20149f2 (35,150 in chips)
Seat 5: 392dd214 (53,125 in chips)
Seat 6: 2b404200 (160,110 in chips)
Seat 7: Hero (12,300 in chips)
Seat 8: 7d9f7978 (18,033 in chips)
80bb7e89: posts the ante 200
Hero: posts the ante 200
20149f2: posts the ante 200
2b404200: posts the ante 200
df1381a4: posts the ante 200
49f22450: posts the ante 200
7d9f7978: posts the ante 200
392dd214: posts the ante 200
20149f2: posts small blind 750
392dd214: posts big blind 1,500
*** HOLE CARDS ***
Dealt to 49f22450 
Dealt to 80bb7e89 
Dealt to df1381a4 
Dealt to 20149f2 
Dealt to 392dd214 
Dealt to 2b404200 
Dealt to Hero [7c 8s]
Dealt to 7d9f7978 
2b404200: folds
Hero: folds
7d9f7978: folds
49f22450: folds
80bb7e89: folds
df1381a4: folds
20149f2: calls 750
392dd214: raises 3,000 to 4,500
20149f2: calls 3,000
*** FLOP *** [4s Jh Kc]
20149f2: checks
392dd214: bets 3,498
20149f2: calls 3,498
*** TURN *** [4s Jh Kc] [5d]
20149f2: checks
392dd214: checks
*** RIVER *** [4s Jh Kc 5d] [Qc]
20149f2: bets 15,000
392dd214: raises 29,927 to 44,927 and is all-in
20149f2: calls 11,952 and is all-in
Uncalled bet (17,975) returned to 392dd214
392dd214: shows [3d 3c] (a pair of Threes)
20149f2: shows [5c Js] (two pair, Jacks and Fives)
*** SHOWDOWN ***
20149f2 collected 71,500 from pot
*** SUMMARY ***
Total pot 71,500 | Rake 0 | Jackpot 0 | Bingo 0 | Fortune 0 | Tax 0
Board [4s Jh Kc 5d Qc]
Seat 1: 49f22450 folded before Flop
Seat 2: 80bb7e89 folded before Flop
Seat 3: df1381a4 (button) folded before Flop
Seat 4: 20149f2 (small blind) showed [5c Js] and won (71,500) with two pair, Jacks and Fives
Seat 5: 392dd214 (big blind) showed [3d 3c] and lost with a pair of Threes
Seat 6: 2b404200 folded before Flop
Seat 7: Hero folded before Flop
Seat 8: 7d9f7978 folded before Flop


Poker Hand #TM5647592074: Tournament #266828863, Bounty Hunters Deepstack Turbo $8.88 Hold'em No Limit - Level14(750/1,500(200)) - 2026/03/01 16:15:17
Table '6' 8-max Seat #2 is the button
Seat 1: 49f22450 (39,916 in chips)
Seat 2: 80bb7e89 (99,222 in chips)
Seat 3: df1381a4 (36,530 in chips)
Seat 4: 20149f2 (16,600 in chips)
Seat 5: 392dd214 (53,325 in chips)
Seat 6: 2b404200 (160,310 in chips)
Seat 7: Hero (12,500 in chips)
Seat 8: 7d9f7978 (18,233 in chips)
80bb7e89: posts the ante 200
Hero: posts the ante 200
20149f2: posts the ante 200
2b404200: posts the ante 200
df1381a4: posts the ante 200
49f22450: posts the ante 200
7d9f7978: posts the ante 200
392dd214: posts the ante 200
df1381a4: posts small blind 750
20149f2: posts big blind 1,500
*** HOLE CARDS ***
Dealt to 49f22450 
Dealt to 80bb7e89 
Dealt to df1381a4 
Dealt to 20149f2 
Dealt to 392dd214 
Dealt to 2b404200 
Dealt to Hero [3d Ks]
Dealt to 7d9f7978 
392dd214: folds
2b404200: folds
Hero: folds
7d9f7978: folds
49f22450: folds
80bb7e89: raises 1,500 to 3,000
df1381a4: folds
20149f2: raises 13,400 to 16,400 and is all-in
80bb7e89: calls 13,400
20149f2: shows [Ac 9h]
80bb7e89: shows [Kc 7c]
*** FLOP *** [5h Qs 8c]
*** TURN *** [5h Qs 8c] [4s]
*** RIVER *** [5h Qs 8c 4s] [8h]
*** SHOWDOWN ***
20149f2 collected 35,150 from pot
*** SUMMARY ***
Total pot 35,150 | Rake 0 | Jackpot 0 | Bingo 0 | Fortune 0 | Tax 0
Board [5h Qs 8c 4s 8h]
Seat 1: 49f22450 folded before Flop
Seat 2: 80bb7e89 (button) showed [Kc 7c] and lost with a pair of Eights
Seat 3: df1381a4 (small blind) folded before Flop
Seat 4: 20149f2 (big blind) showed [Ac 9h] and won (35,150) with a pair of Eights
Seat 5: 392dd214 folded before Flop
Seat 6: 2b404200 folded before Flop
Seat 7: Hero folded before Flop
Seat 8: 7d9f7978 folded before Flop


Poker Hand #TM5647592065: Tournament #266828863, Bounty Hunters Deepstack Turbo $8.88 Hold'em No Limit - Level14(750/1,500(200)) - 2026/03/01 16:14:41
Table '6' 8-max Seat #1 is the button
Seat 1: 49f22450 (40,116 in chips)
Seat 2: 80bb7e89 (94,072 in chips)
Seat 3: df1381a4 (40,480 in chips)
Seat 4: 20149f2 (16,800 in chips)
Seat 5: 392dd214 (53,525 in chips)
Seat 6: 2b404200 (160,510 in chips)
Seat 7: Hero (12,700 in chips)
Seat 8: 7d9f7978 (18,433 in chips)
80bb7e89: posts the ante 200
Hero: posts the ante 200
20149f2: posts the ante 200
2b404200: posts the ante 200
df1381a4: posts the ante 200
49f22450: posts the ante 200
7d9f7978: posts the ante 200
392dd214: posts the ante 200
80bb7e89: posts small blind 750
df1381a4: posts big blind 1,500
*** HOLE CARDS ***
Dealt to 49f22450 
Dealt to 80bb7e89 
Dealt to df1381a4 
Dealt to 20149f2 
Dealt to 392dd214 
Dealt to 2b404200 
Dealt to Hero [Jh 8s]
Dealt to 7d9f7978 
20149f2: folds
392dd214: folds
2b404200: folds
Hero: folds
7d9f7978: folds
49f22450: folds
80bb7e89: raises 2,250 to 3,750
df1381a4: calls 2,250
*** FLOP *** [3d 4s 5h]
80bb7e89: bets 3,000
df1381a4: folds
Uncalled bet (3,000) returned to 80bb7e89
*** SHOWDOWN ***
80bb7e89 collected 9,100 from pot
*** SUMMARY ***
Total pot 9,100 | Rake 0 | Jackpot 0 | Bingo 0 | Fortune 0 | Tax 0
Board [3d 4s 5h]
Seat 1: 49f22450 (button) folded before Flop
Seat 2: 80bb7e89 (small blind) won (9,100)
Seat 3: df1381a4 (big blind) folded on the Flop
Seat 4: 20149f2 folded before Flop
Seat 5: 392dd214 folded before Flop
Seat 6: 2b404200 folded before Flop
Seat 7: Hero folded before Flop
Seat 8: 7d9f7978 folded before Flop


Poker Hand #TM5647592055: Tournament #266828863, Bounty Hunters Deepstack Turbo $8.88 Hold'em No Limit - Level14(750/1,500(200)) - 2026/03/01 16:14:02
Table '6' 8-max Seat #8 is the button
Seat 1: 49f22450 (41,066 in chips)
Seat 2: 80bb7e89 (95,772 in chips)
Seat 3: df1381a4 (40,680 in chips)
Seat 4: 20149f2 (20,000 in chips)
Seat 5: 392dd214 (53,725 in chips)
Seat 6: 2b404200 (153,860 in chips)
Seat 7: Hero (12,900 in chips)
Seat 8: 7d9f7978 (18,633 in chips)
80bb7e89: posts the ante 200
Hero: posts the ante 200
20149f2: posts the ante 200
2b404200: posts the ante 200
df1381a4: posts the ante 200
7d9f7978: posts the ante 200
49f22450: posts the ante 200
392dd214: posts the ante 200
49f22450: posts small blind 750
80bb7e89: posts big blind 1,500
*** HOLE CARDS ***
Dealt to 49f22450 
Dealt to 80bb7e89 
Dealt to df1381a4 
Dealt to 20149f2 
Dealt to 392dd214 
Dealt to 2b404200 
Dealt to Hero [Qh 9d]
Dealt to 7d9f7978 
df1381a4: folds
20149f2: raises 1,500 to 3,000
392dd214: folds
2b404200: raises 6,000 to 9,000
Hero: folds
7d9f7978: folds
49f22450: folds
80bb7e89: folds
20149f2: folds
Uncalled bet (6,000) returned to 2b404200
*** SHOWDOWN ***
2b404200 collected 9,850 from pot
*** SUMMARY ***
Total pot 9,850 | Rake 0 | Jackpot 0 | Bingo 0 | Fortune 0 | Tax 0
Seat 1: 49f22450 (small blind) folded before Flop
Seat 2: 80bb7e89 (big blind) folded before Flop
Seat 3: df1381a4 folded before Flop
Seat 4: 20149f2 folded before Flop
Seat 5: 392dd214 folded before Flop
Seat 6: 2b404200 collected (9,850)
Seat 7: Hero folded before Flop
Seat 8: 7d9f7978 (button) folded before Flop


Poker Hand #TM5647592048: Tournament #266828863, Bounty Hunters Deepstack Turbo $8.88 Hold'em No Limit - Level14(750/1,500(200)) - 2026/03/01 16:13:20
Table '6' 8-max Seat #7 is the button
Seat 1: 49f22450 (48,741 in chips)
Seat 2: 80bb7e89 (95,972 in chips)
Seat 3: df1381a4 (40,880 in chips)
Seat 5: 392dd214 (44,300 in chips)
Seat 6: 2b404200 (154,060 in chips)
Seat 7: Hero (13,100 in chips)
Seat 8: 7d9f7978 (19,583 in chips)
80bb7e89: posts the ante 200
Hero: posts the ante 200
2b404200: posts the ante 200
df1381a4: posts the ante 200
49f22450: posts the ante 200
7d9f7978: posts the ante 200
392dd214: posts the ante 200
7d9f7978: posts small blind 750
49f22450: posts big blind 1,500
*** HOLE CARDS ***
Dealt to 49f22450 
Dealt to 80bb7e89 
Dealt to df1381a4 
Dealt to 392dd214 
Dealt to 2b404200 
Dealt to Hero [5s 8d]
Dealt to 7d9f7978 
80bb7e89: folds
df1381a4: folds
392dd214: calls 1,500
2b404200: folds
Hero: folds
7d9f7978: folds
49f22450: checks
*** FLOP *** [5d Ac Tc]
49f22450: checks
392dd214: bets 1,700
49f22450: calls 1,700
*** TURN *** [5d Ac Tc] [Qs]
49f22450: checks
392dd214: bets 4,275
49f22450: calls 4,275
*** RIVER *** [5d Ac Tc Qs] [Kh]
49f22450: checks
392dd214: checks
49f22450: shows [As 6h] (a pair of Aces)
392dd214: shows [Th Qc] (two pair, Queens and Tens)
*** SHOWDOWN ***
392dd214 collected 17,100 from pot
*** SUMMARY ***
Total pot 17,100 | Rake 0 | Jackpot 0 | Bingo 0 | Fortune 0 | Tax 0
Board [5d Ac Tc Qs Kh]
Seat 1: 49f22450 (big blind) showed [As 6h] and lost with a pair of Aces
Seat 2: 80bb7e89 folded before Flop
Seat 3: df1381a4 folded before Flop
Seat 5: 392dd214 showed [Th Qc] and won (17,100) with two pair, Queens and Tens
Seat 6: 2b404200 folded before Flop
Seat 7: Hero (button) folded before Flop
Seat 8: 7d9f7978 (small blind) folded before Flop


Poker Hand #TM5647592037: Tournament #266828863, Bounty Hunters Deepstack Turbo $8.88 Hold'em No Limit - Level13(600/1,200(180)) - 2026/03/01 16:12:28
Table '6' 8-max Seat #6 is the button
Seat 1: 49f22450 (48,921 in chips)
Seat 2: 80bb7e89 (73,272 in chips)
Seat 3: df1381a4 (41,060 in chips)
Seat 4: 172bfb97 (19,820 in chips)
Seat 5: 392dd214 (44,480 in chips)
Seat 6: 2b404200 (154,240 in chips)
Seat 7: Hero (13,880 in chips)
Seat 8: 7d9f7978 (20,963 in chips)
80bb7e89: posts the ante 180
Hero: posts the ante 180
2b404200: posts the ante 180
df1381a4: posts the ante 180
49f22450: posts the ante 180
7d9f7978: posts the ante 180
392dd214: posts the ante 180
172bfb97: posts the ante 180
Hero: posts small blind 600
7d9f7978: posts big blind 1,200
*** HOLE CARDS ***
Dealt to 49f22450 
Dealt to 80bb7e89 
Dealt to df1381a4 
Dealt to 172bfb97 
Dealt to 392dd214 
Dealt to 2b404200 
Dealt to Hero [8c Jh]
Dealt to 7d9f7978 
49f22450: folds
80bb7e89: raises 1,320 to 2,520
df1381a4: folds
172bfb97: raises 17,120 to 19,640 and is all-in
392dd214: folds
2b404200: folds
Hero: folds
7d9f7978: folds
80bb7e89: calls 17,120
172bfb97: shows [8s Ts]
80bb7e89: shows [6h 6s]
*** FLOP *** [6c Ks 6d]
*** TURN *** [6c Ks 6d] [9s]
*** RIVER *** [6c Ks 6d 9s] [4h]
*** SHOWDOWN ***
80bb7e89 collected 42,520 from pot
*** SUMMARY ***
Total pot 42,520 | Rake 0 | Jackpot 0 | Bingo 0 | Fortune 0 | Tax 0
Board [6c Ks 6d 9s 4h]
Seat 1: 49f22450 folded before Flop
Seat 2: 80bb7e89 showed [6h 6s] and won (42,520) with four of a kind, Sixes
Seat 3: df1381a4 folded before Flop
Seat 4: 172bfb97 showed [8s Ts] and lost with a pair of Sixes
Seat 5: 392dd214 folded before Flop
Seat 6: 2b404200 (button) folded before Flop
Seat 7: Hero (small blind) folded before Flop
Seat 8: 7d9f7978 (big blind) folded before Flop


Poker Hand #TM5647592022: Tournament #266828863, Bounty Hunters Deepstack Turbo $8.88 Hold'em No Limit - Level13(600/1,200(180)) - 2026/03/01 16:11:32
Table '6' 8-max Seat #5 is the button
Seat 1: 49f22450 (49,101 in chips)
Seat 2: 80bb7e89 (75,852 in chips)
Seat 3: df1381a4 (41,240 in chips)
Seat 4: 172bfb97 (20,000 in chips)
Seat 5: 392dd214 (44,660 in chips)
Seat 6: 2b404200 (148,180 in chips)
Seat 7: Hero (16,460 in chips)
Seat 8: 7d9f7978 (21,143 in chips)
80bb7e89: posts the ante 180
Hero: posts the ante 180
2b404200: posts the ante 180
df1381a4: posts the ante 180
49f22450: posts the ante 180
7d9f7978: posts the ante 180
392dd214: posts the ante 180
172bfb97: posts the ante 180
2b404200: posts small blind 600
Hero: posts big blind 1,200
*** HOLE CARDS ***
Dealt to 49f22450 
Dealt to 80bb7e89 
Dealt to df1381a4 
Dealt to 172bfb97 
Dealt to 392dd214 
Dealt to 2b404200 
Dealt to Hero [Kc 4h]
Dealt to 7d9f7978 
7d9f7978: folds
49f22450: folds
80bb7e89: raises 1,200 to 2,400
df1381a4: folds
172bfb97: folds
392dd214: folds
2b404200: calls 1,800
Hero: calls 1,200
*** FLOP *** [8c 2s 9c]
2b404200: checks
Hero: checks
80bb7e89: checks
*** TURN *** [8c 2s 9c] [3h]
2b404200: bets 4,320
Hero: folds
80bb7e89: folds
Uncalled bet (4,320) returned to 2b404200
*** SHOWDOWN ***
2b404200 collected 8,640 from pot
*** SUMMARY ***
Total pot 8,640 | Rake 0 | Jackpot 0 | Bingo 0 | Fortune 0 | Tax 0
Board [8c 2s 9c 3h]
Seat 1: 49f22450 folded before Flop
Seat 2: 80bb7e89 folded on the Turn
Seat 3: df1381a4 folded before Flop
Seat 4: 172bfb97 folded before Flop
Seat 5: 392dd214 (button) folded before Flop
Seat 6: 2b404200 (small blind) won (8,640)
Seat 7: Hero (big blind) folded on the Turn
Seat 8: 7d9f7978 folded before Flop


Poker Hand #TM5647592010: Tournament #266828863, Bounty Hunters Deepstack Turbo $8.88 Hold'em No Limit - Level13(600/1,200(180)) - 2026/03/01 16:10:41
Table '6' 8-max Seat #3 is the button
Seat 1: 49f22450 (49,281 in chips)
Seat 2: 80bb7e89 (76,032 in chips)
Seat 3: df1381a4 (41,420 in chips)
Seat 5: 392dd214 (45,440 in chips)
Seat 6: 2b404200 (146,500 in chips)
Seat 7: Hero (16,640 in chips)
Seat 8: 7d9f7978 (21,323 in chips)
80bb7e89: posts the ante 180
Hero: posts the ante 180
2b404200: posts the ante 180
df1381a4: posts the ante 180
49f22450: posts the ante 180
7d9f7978: posts the ante 180
392dd214: posts the ante 180
392dd214: posts small blind 600
2b404200: posts big blind 1,200
*** HOLE CARDS ***
Dealt to 49f22450 
Dealt to 80bb7e89 
Dealt to df1381a4 
Dealt to 392dd214 
Dealt to 2b404200 
Dealt to Hero [8h Qc]
Dealt to 7d9f7978 
Hero: folds
7d9f7978: folds
49f22450: folds
80bb7e89: folds
df1381a4: folds
392dd214: folds
Uncalled bet (600) returned to 2b404200
*** SHOWDOWN ***
2b404200 collected 2,460 from pot
*** SUMMARY ***
Total pot 2,460 | Rake 0 | Jackpot 0 | Bingo 0 | Fortune 0 | Tax 0
Seat 1: 49f22450 folded before Flop
Seat 2: 80bb7e89 folded before Flop
Seat 3: df1381a4 (button) folded before Flop
Seat 5: 392dd214 (small blind) folded before Flop
Seat 6: 2b404200 (big blind) collected (2,460)
Seat 7: Hero folded before Flop
Seat 8: 7d9f7978 folded before Flop


Poker Hand #TM5647591997: Tournament #266828863, Bounty Hunters Deepstack Turbo $8.88 Hold'em No Limit - Level13(600/1,200(180)) - 2026/03/01 16:09:37
Table '6' 8-max Seat #2 is the button
Seat 1: 49f22450 (49,461 in chips)
Seat 2: 80bb7e89 (55,072 in chips)
Seat 3: df1381a4 (42,200 in chips)
Seat 4: d00c2bb7 (19,280 in chips)
Seat 5: 392dd214 (45,620 in chips)
Seat 6: 2b404200 (146,680 in chips)
Seat 7: Hero (16,820 in chips)
Seat 8: 7d9f7978 (21,503 in chips)
80bb7e89: posts the ante 180
Hero: posts the ante 180
2b404200: posts the ante 180
d00c2bb7: posts the ante 180
df1381a4: posts the ante 180
49f22450: posts the ante 180
7d9f7978: posts the ante 180
392dd214: posts the ante 180
df1381a4: posts small blind 600
d00c2bb7: posts big blind 1,200
*** HOLE CARDS ***
Dealt to 49f22450 
Dealt to 80bb7e89 
Dealt to df1381a4 
Dealt to d00c2bb7 
Dealt to 392dd214 
Dealt to 2b404200 
Dealt to Hero [8c 7d]
Dealt to 7d9f7978 
392dd214: folds
2b404200: folds
Hero: folds
7d9f7978: folds
49f22450: folds
80bb7e89: raises 1,320 to 2,520
df1381a4: folds
d00c2bb7: raises 16,580 to 19,100 and is all-in
80bb7e89: calls 16,580
d00c2bb7: shows [Ah Js]
80bb7e89: shows [As Kc]
*** FLOP *** [9c 8d 8s]
*** TURN *** [9c 8d 8s] [Ad]
*** RIVER *** [9c 8d 8s Ad] [9d]
392dd214: shows [Ac] (two pair, Aces and Nines)
*** SHOWDOWN ***
80bb7e89 collected 40,240 from pot
*** SUMMARY ***
Total pot 40,240 | Rake 0 | Jackpot 0 | Bingo 0 | Fortune 0 | Tax 0
Board [9c 8d 8s Ad 9d]
Seat 1: 49f22450 folded before Flop
Seat 2: 80bb7e89 (button) showed [As Kc] and won (40,240) with two pair, Aces and Nines
Seat 3: df1381a4 (small blind) folded before Flop
Seat 4: d00c2bb7 (big blind) showed [Ah Js] and lost with two pair, Aces and Nines
Seat 5: 392dd214 folded before Flop
Seat 6: 2b404200 folded before Flop
Seat 7: Hero folded before Flop
Seat 8: 7d9f7978 folded before Flop


Poker Hand #TM5647591976: Tournament #266828863, Bounty Hunters Deepstack Turbo $8.88 Hold'em No Limit - Level13(600/1,200(180)) - 2026/03/01 16:08:12
Table '6' 8-max Seat #1 is the button
Seat 1: 49f22450 (49,641 in chips)
Seat 2: 80bb7e89 (36,732 in chips)
Seat 3: df1381a4 (59,460 in chips)
Seat 4: d00c2bb7 (19,460 in chips)
Seat 5: 392dd214 (45,800 in chips)
Seat 6: 2b404200 (146,860 in chips)
Seat 7: Hero (17,000 in chips)
Seat 8: 7d9f7978 (21,683 in chips)
80bb7e89: posts the ante 180
Hero: posts the ante 180
2b404200: posts the ante 180
d00c2bb7: posts the ante 180
df1381a4: posts the ante 180
49f22450: posts the ante 180
7d9f7978: posts the ante 180
392dd214: posts the ante 180
80bb7e89: posts small blind 600
df1381a4: posts big blind 1,200
*** HOLE CARDS ***
Dealt to 49f22450 
Dealt to 80bb7e89 
Dealt to df1381a4 
Dealt to d00c2bb7 
Dealt to 392dd214 
Dealt to 2b404200 
Dealt to Hero [2s Ah]
Dealt to 7d9f7978 
d00c2bb7: folds
392dd214: folds
2b404200: folds
Hero: folds
7d9f7978: folds
49f22450: folds
80bb7e89: calls 600
df1381a4: checks
*** FLOP *** [Ad Jh 7s]
80bb7e89: bets 1,920
df1381a4: calls 1,920
*** TURN *** [Ad Jh 7s] [8d]
80bb7e89: bets 3,960
df1381a4: calls 3,960
*** RIVER *** [Ad Jh 7s 8d] [7d]
80bb7e89: checks
df1381a4: bets 10,000
80bb7e89: calls 10,000
df1381a4: shows [Qd Th] (a pair of Sevens)
80bb7e89: shows [Ac 8s] (two pair, Aces and Eights)
*** SHOWDOWN ***
80bb7e89 collected 35,600 from pot
*** SUMMARY ***
Total pot 35,600 | Rake 0 | Jackpot 0 | Bingo 0 | Fortune 0 | Tax 0
Board [Ad Jh 7s 8d 7d]
Seat 1: 49f22450 (button) folded before Flop
Seat 2: 80bb7e89 (small blind) showed [Ac 8s] and won (35,600) with two pair, Aces and Eights
Seat 3: df1381a4 (big blind) showed [Qd Th] and lost with a pair of Sevens
Seat 4: d00c2bb7 folded before Flop
Seat 5: 392dd214 folded before Flop
Seat 6: 2b404200 folded before Flop
Seat 7: Hero folded before Flop
Seat 8: 7d9f7978 folded before Flop


Poker Hand #TM5647591974: Tournament #266828863, Bounty Hunters Deepstack Turbo $8.88 Hold'em No Limit - Level13(600/1,200(180)) - 2026/03/01 16:07:54
Table '6' 8-max Seat #8 is the button
Seat 1: 49f22450 (50,421 in chips)
Seat 2: 80bb7e89 (34,872 in chips)
Seat 3: df1381a4 (59,640 in chips)
Seat 4: d00c2bb7 (19,640 in chips)
Seat 5: 392dd214 (45,980 in chips)
Seat 6: 2b404200 (147,040 in chips)
Seat 7: Hero (17,180 in chips)
Seat 8: 7d9f7978 (21,863 in chips)
80bb7e89: posts the ante 180
Hero: posts the ante 180
2b404200: posts the ante 180
d00c2bb7: posts the ante 180
df1381a4: posts the ante 180
7d9f7978: posts the ante 180
49f22450: posts the ante 180
392dd214: posts the ante 180
49f22450: posts small blind 600
80bb7e89: posts big blind 1,200
*** HOLE CARDS ***
Dealt to 49f22450 
Dealt to 80bb7e89 
Dealt to df1381a4 
Dealt to d00c2bb7 
Dealt to 392dd214 
Dealt to 2b404200 
Dealt to Hero [2h 3d]
Dealt to 7d9f7978 
df1381a4: folds
d00c2bb7: folds
392dd214: folds
2b404200: folds
Hero: folds
7d9f7978: folds
49f22450: folds
Uncalled bet (600) returned to 80bb7e89
*** SHOWDOWN ***
80bb7e89 collected 2,640 from pot
*** SUMMARY ***
Total pot 2,640 | Rake 0 | Jackpot 0 | Bingo 0 | Fortune 0 | Tax 0
Seat 1: 49f22450 (small blind) folded before Flop
Seat 2: 80bb7e89 (big blind) collected (2,640)
Seat 3: df1381a4 folded before Flop
Seat 4: d00c2bb7 folded before Flop
Seat 5: 392dd214 folded before Flop
Seat 6: 2b404200 folded before Flop
Seat 7: Hero folded before Flop
Seat 8: 7d9f7978 (button) folded before Flop


Poker Hand #TM5647591963: Tournament #266828863, Bounty Hunters Deepstack Turbo $8.88 Hold'em No Limit - Level13(600/1,200(180)) - 2026/03/01 16:07:04
Table '6' 8-max Seat #7 is the button
Seat 1: 49f22450 (51,801 in chips)
Seat 2: 80bb7e89 (35,052 in chips)
Seat 3: df1381a4 (59,820 in chips)
Seat 4: d00c2bb7 (19,820 in chips)
Seat 5: 392dd214 (36,080 in chips)
Seat 6: 2b404200 (154,060 in chips)
Seat 7: Hero (17,360 in chips)
Seat 8: 7d9f7978 (22,643 in chips)
80bb7e89: posts the ante 180
Hero: posts the ante 180
2b404200: posts the ante 180
d00c2bb7: posts the ante 180
df1381a4: posts the ante 180
49f22450: posts the ante 180
7d9f7978: posts the ante 180
392dd214: posts the ante 180
7d9f7978: posts small blind 600
49f22450: posts big blind 1,200
*** HOLE CARDS ***
Dealt to 49f22450 
Dealt to 80bb7e89 
Dealt to df1381a4 
Dealt to d00c2bb7 
Dealt to 392dd214 
Dealt to 2b404200 
Dealt to Hero [3h 6h]
Dealt to 7d9f7978 
80bb7e89: folds
df1381a4: folds
d00c2bb7: folds
392dd214: calls 1,200
2b404200: raises 2,820 to 4,020
Hero: folds
7d9f7978: folds
49f22450: folds
392dd214: calls 2,820
*** FLOP *** [5d Ts 9h]
392dd214: checks
2b404200: bets 2,820
392dd214: calls 2,820
*** TURN *** [5d Ts 9h] [Ad]
392dd214: bets 29,060 and is all-in
2b404200: folds
Uncalled bet (29,060) returned to 392dd214
*** SHOWDOWN ***
392dd214 collected 16,920 from pot
*** SUMMARY ***
Total pot 16,920 | Rake 0 | Jackpot 0 | Bingo 0 | Fortune 0 | Tax 0
Board [5d Ts 9h Ad]
Seat 1: 49f22450 (big blind) folded before Flop
Seat 2: 80bb7e89 folded before Flop
Seat 3: df1381a4 folded before Flop
Seat 4: d00c2bb7 folded before Flop
Seat 5: 392dd214 showed [Qd Jd] and won (16,920)
Seat 6: 2b404200 folded on the Turn
Seat 7: Hero (button) folded before Flop
Seat 8: 7d9f7978 (small blind) folded before Flop


Poker Hand #TM5647591955: Tournament #266828863, Bounty Hunters Deepstack Turbo $8.88 Hold'em No Limit - Level13(600/1,200(180)) - 2026/03/01 16:06:26
Table '6' 8-max Seat #6 is the button
Seat 1: 49f22450 (51,981 in chips)
Seat 2: 80bb7e89 (35,232 in chips)
Seat 3: df1381a4 (60,000 in chips)
Seat 4: d00c2bb7 (20,000 in chips)
Seat 5: 392dd214 (26,600 in chips)
Seat 6: 2b404200 (160,660 in chips)
Seat 7: Hero (18,140 in chips)
Seat 8: 7d9f7978 (24,023 in chips)
80bb7e89: posts the ante 180
Hero: posts the ante 180
2b404200: posts the ante 180
d00c2bb7: posts the ante 180
df1381a4: posts the ante 180
49f22450: posts the ante 180
7d9f7978: posts the ante 180
392dd214: posts the ante 180
Hero: posts small blind 600
7d9f7978: posts big blind 1,200
*** HOLE CARDS ***
Dealt to 49f22450 
Dealt to 80bb7e89 
Dealt to df1381a4 
Dealt to d00c2bb7 
Dealt to 392dd214 
Dealt to 2b404200 
Dealt to Hero [8h 2h]
Dealt to 7d9f7978 
49f22450: folds
80bb7e89: folds
df1381a4: folds
d00c2bb7: folds
392dd214: calls 1,200
2b404200: calls 1,200
Hero: folds
7d9f7978: checks
*** FLOP *** [8d Qd 4c]
7d9f7978: checks
392dd214: checks
2b404200: bets 1,200
7d9f7978: folds
392dd214: calls 1,200
*** TURN *** [8d Qd 4c] [As]
392dd214: checks
2b404200: bets 4,020
392dd214: calls 4,020
*** RIVER *** [8d Qd 4c As] [Qh]
392dd214: bets 12,060
2b404200: folds
Uncalled bet (12,060) returned to 392dd214
*** SHOWDOWN ***
392dd214 collected 16,080 from pot
*** SUMMARY ***
Total pot 16,080 | Rake 0 | Jackpot 0 | Bingo 0 | Fortune 0 | Tax 0
Board [8d Qd 4c As Qh]
Seat 1: 49f22450 folded before Flop
Seat 2: 80bb7e89 folded before Flop
Seat 3: df1381a4 folded before Flop
Seat 4: d00c2bb7 folded before Flop
Seat 5: 392dd214 won (16,080)
Seat 6: 2b404200 (button) folded on the River
Seat 7: Hero (small blind) folded before Flop
Seat 8: 7d9f7978 (big blind) folded on the Flop


Poker Hand #TM5647591946: Tournament #266828863, Bounty Hunters Deepstack Turbo $8.88 Hold'em No Limit - Level13(600/1,200(180)) - 2026/03/01 16:05:52
Table '6' 8-max Seat #5 is the button
Seat 1: 49f22450 (52,161 in chips)
Seat 2: 80bb7e89 (35,412 in chips)
Seat 3: df1381a4 (60,180 in chips)
Seat 5: 392dd214 (23,720 in chips)
Seat 6: 2b404200 (161,440 in chips)
Seat 7: Hero (19,520 in chips)
Seat 8: 7d9f7978 (24,203 in chips)
80bb7e89: posts the ante 180
Hero: posts the ante 180
2b404200: posts the ante 180
df1381a4: posts the ante 180
49f22450: posts the ante 180
7d9f7978: posts the ante 180
392dd214: posts the ante 180
2b404200: posts small blind 600
Hero: posts big blind 1,200
*** HOLE CARDS ***
Dealt to 49f22450 
Dealt to 80bb7e89 
Dealt to df1381a4 
Dealt to 392dd214 
Dealt to 2b404200 
Dealt to Hero [2d Js]
Dealt to 7d9f7978 
7d9f7978: folds
49f22450: folds
80bb7e89: folds
df1381a4: folds
392dd214: raises 1,200 to 2,400
2b404200: folds
Hero: folds
Uncalled bet (1,200) returned to 392dd214
*** SHOWDOWN ***
392dd214 collected 4,260 from pot
*** SUMMARY ***
Total pot 4,260 | Rake 0 | Jackpot 0 | Bingo 0 | Fortune 0 | Tax 0
Seat 1: 49f22450 folded before Flop
Seat 2: 80bb7e89 folded before Flop
Seat 3: df1381a4 folded before Flop
Seat 5: 392dd214 (button) collected (4,260)
Seat 6: 2b404200 (small blind) folded before Flop
Seat 7: Hero (big blind) folded before Flop
Seat 8: 7d9f7978 folded before Flop


Poker Hand #TM5647591937: Tournament #266828863, Bounty Hunters Deepstack Turbo $8.88 Hold'em No Limit - Level13(600/1,200(180)) - 2026/03/01 16:05:08
Table '6' 8-max Seat #3 is the button
Seat 1: 49f22450 (52,341 in chips)
Seat 2: 80bb7e89 (20,000 in chips)
Seat 3: df1381a4 (60,360 in chips)
Seat 4: 2a76290 (13,132 in chips)
Seat 5: 392dd214 (25,100 in chips)
Seat 6: 2b404200 (161,620 in chips)
Seat 7: Hero (19,700 in chips)
Seat 8: 7d9f7978 (24,383 in chips)
80bb7e89: posts the ante 180
Hero: posts the ante 180
2b404200: posts the ante 180
df1381a4: posts the ante 180
49f22450: posts the ante 180
7d9f7978: posts the ante 180
392dd214: posts the ante 180
2a76290: posts the ante 180
2a76290: posts small blind 600
392dd214: posts big blind 1,200
*** HOLE CARDS ***
Dealt to 49f22450 
Dealt to 80bb7e89 
Dealt to df1381a4 
Dealt to 2a76290 
Dealt to 392dd214 
Dealt to 2b404200 
Dealt to Hero [Tc Qs]
Dealt to 7d9f7978 
2b404200: folds
Hero: folds
7d9f7978: folds
49f22450: folds
80bb7e89: raises 18,620 to 19,820 and is all-in
df1381a4: folds
2a76290: calls 12,352 and is all-in
392dd214: folds
Uncalled bet (6,868) returned to 80bb7e89
80bb7e89: shows [Ah 7s]
2a76290: shows [6h As]
*** FLOP *** [Qc 5c 4s]
*** TURN *** [Qc 5c 4s] [Jc]
*** RIVER *** [Qc 5c 4s Jc] [8d]
2b404200: shows [6c] (Queen high)
392dd214: shows [5h Qd] (two pair, Queens and Fives)
*** SHOWDOWN ***
80bb7e89 collected 28,544 from pot
*** SUMMARY ***
Total pot 28,544 | Rake 0 | Jackpot 0 | Bingo 0 | Fortune 0 | Tax 0
Board [Qc 5c 4s Jc 8d]
Seat 1: 49f22450 folded before Flop
Seat 2: 80bb7e89 showed [Ah 7s] and won (28,544) with Ace high
Seat 3: df1381a4 (button) folded before Flop
Seat 4: 2a76290 (small blind) showed [6h As] and lost with Ace high
Seat 5: 392dd214 (big blind) folded before Flop
Seat 6: 2b404200 folded before Flop
Seat 7: Hero folded before Flop
Seat 8: 7d9f7978 folded before Flop


Poker Hand #TM5647591927: Tournament #266828863, Bounty Hunters Deepstack Turbo $8.88 Hold'em No Limit - Level12(500/1,000(150)) - 2026/03/01 16:04:24
Table '6' 8-max Seat #1 is the button
Seat 1: 49f22450 (42,617 in chips)
Seat 3: df1381a4 (61,010 in chips)
Seat 4: 2a76290 (17,444 in chips)
Seat 5: 392dd214 (25,250 in chips)
Seat 6: 2b404200 (165,932 in chips)
Seat 7: Hero (19,850 in chips)
Seat 8: 7d9f7978 (24,533 in chips)
Hero: posts the ante 150
2b404200: posts the ante 150
df1381a4: posts the ante 150
49f22450: posts the ante 150
7d9f7978: posts the ante 150
392dd214: posts the ante 150
2a76290: posts the ante 150
df1381a4: posts small blind 500
2a76290: posts big blind 1,000
*** HOLE CARDS ***
Dealt to 49f22450 
Dealt to df1381a4 
Dealt to 2a76290 
Dealt to 392dd214 
Dealt to 2b404200 
Dealt to Hero [2s Kh]
Dealt to 7d9f7978 
392dd214: folds
2b404200: raises 1,000 to 2,000
Hero: folds
7d9f7978: folds
49f22450: raises 2,162 to 4,162
df1381a4: folds
2a76290: calls 3,162
2b404200: calls 2,162
*** FLOP *** [4c 8h 5c]
2a76290: checks
2b404200: checks
49f22450: bets 14,036
2a76290: folds
2b404200: folds
Uncalled bet (14,036) returned to 49f22450
*** SHOWDOWN ***
49f22450 collected 14,036 from pot
*** SUMMARY ***
Total pot 14,036 | Rake 0 | Jackpot 0 | Bingo 0 | Fortune 0 | Tax 0
Board [4c 8h 5c]
Seat 1: 49f22450 (button) won (14,036)
Seat 3: df1381a4 (small blind) folded before Flop
Seat 4: 2a76290 (big blind) folded on the Flop
Seat 5: 392dd214 folded before Flop
Seat 6: 2b404200 folded on the Flop
Seat 7: Hero folded before Flop
Seat 8: 7d9f7978 folded before Flop


Poker Hand #TM5647591915: Tournament #266828863, Bounty Hunters Deepstack Turbo $8.88 Hold'em No Limit - Level12(500/1,000(150)) - 2026/03/01 16:03:33
Table '6' 8-max Seat #8 is the button
Seat 1: 49f22450 (43,267 in chips)
Seat 3: df1381a4 (63,160 in chips)
Seat 4: 2a76290 (19,594 in chips)
Seat 5: 392dd214 (19,850 in chips)
Seat 6: 2b404200 (166,082 in chips)
Seat 7: Hero (20,000 in chips)
Seat 8: 7d9f7978 (24,683 in chips)
Hero: posts the ante 150
2b404200: posts the ante 150
df1381a4: posts the ante 150
7d9f7978: posts the ante 150
49f22450: posts the ante 150
392dd214: posts the ante 150
2a76290: posts the ante 150
49f22450: posts small blind 500
df1381a4: posts big blind 1,000
*** HOLE CARDS ***
Dealt to 49f22450 
Dealt to df1381a4 
Dealt to 2a76290 
Dealt to 392dd214 
Dealt to 2b404200 
Dealt to Hero [7s 4c]
Dealt to 7d9f7978 
2a76290: calls 1,000
392dd214: raises 1,000 to 2,000
2b404200: folds
Hero: folds
7d9f7978: folds
49f22450: folds
df1381a4: calls 1,000
2a76290: calls 1,000
*** FLOP *** [9h 7d Qh]
df1381a4: checks
2a76290: checks
392dd214: bets 2,492
df1381a4: folds
2a76290: folds
Uncalled bet (2,492) returned to 392dd214
*** SHOWDOWN ***
392dd214 collected 7,550 from pot
*** SUMMARY ***
Total pot 7,550 | Rake 0 | Jackpot 0 | Bingo 0 | Fortune 0 | Tax 0
Board [9h 7d Qh]
Seat 1: 49f22450 (small blind) folded before Flop
Seat 3: df1381a4 (big blind) folded on the Flop
Seat 4: 2a76290 folded on the Flop
Seat 5: 392dd214 won (7,550)
Seat 6: 2b404200 folded before Flop
Seat 7: Hero folded before Flop
Seat 8: 7d9f7978 (button) folded before Flop


