Poker Hand #TM5653563047: Tournament #267046848, Bounty Hunters Deepstack Turbo $8.88 Hold'em No Limit - Level11(400/800(120)) - 2026/03/02 15:46:46
Table '50' 8-max Seat #7 is the button
Seat 1: 4571a5b7 (22,731 in chips)
Seat 2: Hero (26,016 in chips)
Seat 3: 10486e72 (34,806 in chips)
Seat 4: 24527636 (27,240 in chips)
Seat 5: fdd1f299 (91,664 in chips)
Seat 6: b2fd596f (23,070 in chips)
Seat 7: 85920fc3 (90,953 in chips)
Seat 8: 22fdd818 (31,897 in chips)
Hero: posts the ante 120
fdd1f299: posts the ante 120
85920fc3: posts the ante 120
b2fd596f: posts the ante 120
10486e72: posts the ante 120
4571a5b7: posts the ante 120
24527636: posts the ante 120
22fdd818: posts the ante 120
22fdd818: posts small blind 400
4571a5b7: posts big blind 800
*** HOLE CARDS ***
Dealt to 4571a5b7 
Dealt to Hero [Qc Ks]
Dealt to 10486e72 
Dealt to 24527636 
Dealt to fdd1f299 
Dealt to b2fd596f 
Dealt to 85920fc3 
Dealt to 22fdd818 
Hero: raises 800 to 1,600
10486e72: folds
24527636: folds
fdd1f299: calls 1,600
b2fd596f: folds
85920fc3: folds
22fdd818: calls 1,200
4571a5b7: calls 800
*** FLOP *** [3c 9c Kh]
22fdd818: checks
4571a5b7: checks
Hero: bets 3,680
fdd1f299: folds
22fdd818: calls 3,680
4571a5b7: folds
*** TURN *** [3c 9c Kh] [Tc]
22fdd818: bets 5,600
Hero: calls 5,600
*** RIVER *** [3c 9c Kh Tc] [4h]
22fdd818: bets 20,897 and is all-in
Hero: calls 15,016 and is all-in
Uncalled bet (5,881) returned to 22fdd818
22fdd818: shows [Js Qh] (a straight, King to Nine)
Hero: shows [Qc Ks] (a pair of Kings)
*** SHOWDOWN ***
22fdd818 collected 55,952 from pot
*** SUMMARY ***
Total pot 55,952 | Rake 0 | Jackpot 0 | Bingo 0 | Fortune 0 | Tax 0
Board [3c 9c Kh Tc 4h]
Seat 1: 4571a5b7 (big blind) folded on the Flop
Seat 2: Hero showed [Qc Ks] and lost with a pair of Kings
Seat 3: 10486e72 folded before Flop
Seat 4: 24527636 folded before Flop
Seat 5: fdd1f299 folded on the Flop
Seat 6: b2fd596f folded before Flop
Seat 7: 85920fc3 (button) folded before Flop
Seat 8: 22fdd818 (small blind) showed [Js Qh] and won (55,952) with a straight, King to Nine


Poker Hand #TM5653563034: Tournament #267046848, Bounty Hunters Deepstack Turbo $8.88 Hold'em No Limit - Level11(400/800(120)) - 2026/03/02 15:45:17
Table '50' 8-max Seat #6 is the button
Seat 1: 4571a5b7 (22,851 in chips)
Seat 2: Hero (26,136 in chips)
Seat 3: 10486e72 (34,926 in chips)
Seat 4: 24527636 (20,000 in chips)
Seat 5: fdd1f299 (93,384 in chips)
Seat 6: b2fd596f (23,190 in chips)
Seat 7: 85920fc3 (92,673 in chips)
Seat 8: 22fdd818 (35,217 in chips)
Hero: posts the ante 120
fdd1f299: posts the ante 120
b2fd596f: posts the ante 120
10486e72: posts the ante 120
4571a5b7: posts the ante 120
85920fc3: posts the ante 120
24527636: posts the ante 120
22fdd818: posts the ante 120
85920fc3: posts small blind 400
22fdd818: posts big blind 800
*** HOLE CARDS ***
Dealt to 4571a5b7 
Dealt to Hero [7s 4d]
Dealt to 10486e72 
Dealt to 24527636 
Dealt to fdd1f299 
Dealt to b2fd596f 
Dealt to 85920fc3 
Dealt to 22fdd818 
4571a5b7: folds
Hero: folds
10486e72: folds
24527636: raises 800 to 1,600
fdd1f299: calls 1,600
b2fd596f: folds
85920fc3: calls 1,200
22fdd818: calls 800
*** FLOP *** [2c Ks Kc]
85920fc3: checks
22fdd818: checks
24527636: bets 1,600
fdd1f299: folds
85920fc3: folds
22fdd818: calls 1,600
*** TURN *** [2c Ks Kc] [8s]
22fdd818: checks
24527636: checks
*** RIVER *** [2c Ks Kc 8s] [2d]
22fdd818: checks
24527636: bets 4,000
22fdd818: folds
Uncalled bet (4,000) returned to 24527636
*** SHOWDOWN ***
24527636 collected 10,560 from pot
*** SUMMARY ***
Total pot 10,560 | Rake 0 | Jackpot 0 | Bingo 0 | Fortune 0 | Tax 0
Board [2c Ks Kc 8s 2d]
Seat 1: 4571a5b7 folded before Flop
Seat 2: Hero folded before Flop
Seat 3: 10486e72 folded before Flop
Seat 4: 24527636 won (10,560)
Seat 5: fdd1f299 folded on the Flop
Seat 6: b2fd596f (button) folded before Flop
Seat 7: 85920fc3 (small blind) folded on the Flop
Seat 8: 22fdd818 (big blind) folded on the River


Poker Hand #TM5653563024: Tournament #267046848, Bounty Hunters Deepstack Turbo $8.88 Hold'em No Limit - Level11(400/800(120)) - 2026/03/02 15:44:18
Table '50' 8-max Seat #5 is the button
Seat 1: 4571a5b7 (16,537 in chips)
Seat 2: Hero (26,256 in chips)
Seat 3: 10486e72 (35,046 in chips)
Seat 5: fdd1f299 (93,504 in chips)
Seat 6: b2fd596f (23,710 in chips)
Seat 7: 85920fc3 (94,393 in chips)
Seat 8: 22fdd818 (38,931 in chips)
Hero: posts the ante 120
fdd1f299: posts the ante 120
10486e72: posts the ante 120
4571a5b7: posts the ante 120
85920fc3: posts the ante 120
b2fd596f: posts the ante 120
22fdd818: posts the ante 120
b2fd596f: posts small blind 400
85920fc3: posts big blind 800
*** HOLE CARDS ***
Dealt to 4571a5b7 
Dealt to Hero [Th 8d]
Dealt to 10486e72 
Dealt to fdd1f299 
Dealt to b2fd596f 
Dealt to 85920fc3 
Dealt to 22fdd818 
22fdd818: raises 800 to 1,600
4571a5b7: calls 1,600
Hero: folds
10486e72: folds
fdd1f299: folds
b2fd596f: folds
85920fc3: calls 800
*** FLOP *** [Tc 6s Ks]
85920fc3: checks
22fdd818: bets 1,994
4571a5b7: calls 1,994
85920fc3: folds
*** TURN *** [Tc 6s Ks] [6h]
22fdd818: checks
4571a5b7: bets 3,310
22fdd818: folds
Uncalled bet (3,310) returned to 4571a5b7
*** SHOWDOWN ***
4571a5b7 collected 10,028 from pot
*** SUMMARY ***
Total pot 10,028 | Rake 0 | Jackpot 0 | Bingo 0 | Fortune 0 | Tax 0
Board [Tc 6s Ks 6h]
Seat 1: 4571a5b7 won (10,028)
Seat 2: Hero folded before Flop
Seat 3: 10486e72 folded before Flop
Seat 5: fdd1f299 (button) folded before Flop
Seat 6: b2fd596f (small blind) folded before Flop
Seat 7: 85920fc3 (big blind) folded on the Flop
Seat 8: 22fdd818 folded on the Turn


Poker Hand #TM5653563019: Tournament #267046848, Bounty Hunters Deepstack Turbo $8.88 Hold'em No Limit - Level11(400/800(120)) - 2026/03/02 15:43:27
Table '50' 8-max Seat #3 is the button
Seat 1: 4571a5b7 (16,657 in chips)
Seat 2: Hero (42,876 in chips)
Seat 3: 10486e72 (35,166 in chips)
Seat 4: 7c8464ab (1,891 in chips)
Seat 5: fdd1f299 (94,424 in chips)
Seat 6: b2fd596f (23,830 in chips)
Seat 7: 85920fc3 (96,913 in chips)
Seat 8: 22fdd818 (16,620 in chips)
7c8464ab: posts the ante 120
Hero: posts the ante 120
fdd1f299: posts the ante 120
10486e72: posts the ante 120
4571a5b7: posts the ante 120
85920fc3: posts the ante 120
b2fd596f: posts the ante 120
22fdd818: posts the ante 120
7c8464ab: posts small blind 400
fdd1f299: posts big blind 800
*** HOLE CARDS ***
Dealt to 4571a5b7 
Dealt to Hero [Qc Ad]
Dealt to 10486e72 
Dealt to 7c8464ab 
Dealt to fdd1f299 
Dealt to b2fd596f 
Dealt to 85920fc3 
Dealt to 22fdd818 
b2fd596f: folds
85920fc3: raises 1,600 to 2,400
22fdd818: raises 14,100 to 16,500 and is all-in
4571a5b7: folds
Hero: raises 26,256 to 42,756 and is all-in
10486e72: folds
7c8464ab: calls 1,371 and is all-in
fdd1f299: folds
85920fc3: folds
Uncalled bet (26,256) returned to Hero
Hero: shows [Qc Ad]
7c8464ab: shows [Kc 2c]
22fdd818: shows [8c 8h]
*** FLOP *** [7h 9s Kh]
*** TURN *** [7h 9s Kh] [Ks]
*** RIVER *** [7h 9s Kh Ks] [8s]
*** SHOWDOWN ***
22fdd818 collected 8,844 from pot
22fdd818 collected 30,087 from pot
*** SUMMARY ***
Total pot 38,931 | Rake 0 | Jackpot 0 | Bingo 0 | Fortune 0 | Tax 0
Board [7h 9s Kh Ks 8s]
Seat 1: 4571a5b7 folded before Flop
Seat 2: Hero showed [Qc Ad] and lost with a pair of Kings
Seat 3: 10486e72 (button) folded before Flop
Seat 4: 7c8464ab (small blind) showed [Kc 2c] and lost with three of a kind, Kings
Seat 5: fdd1f299 (big blind) folded before Flop
Seat 6: b2fd596f folded before Flop
Seat 7: 85920fc3 folded before Flop
Seat 8: 22fdd818 showed [8c 8h] and won (38,931) with a full house, Eights full of Kings


Poker Hand #TM5653563011: Tournament #267046848, Bounty Hunters Deepstack Turbo $8.88 Hold'em No Limit - Level11(400/800(120)) - 2026/03/02 15:42:45
Table '50' 8-max Seat #2 is the button
Seat 1: 4571a5b7 (16,777 in chips)
Seat 2: Hero (42,996 in chips)
Seat 3: 10486e72 (35,686 in chips)
Seat 4: 7c8464ab (2,811 in chips)
Seat 5: fdd1f299 (94,544 in chips)
Seat 6: b2fd596f (23,950 in chips)
Seat 7: 85920fc3 (93,113 in chips)
Seat 8: 22fdd818 (18,500 in chips)
7c8464ab: posts the ante 120
Hero: posts the ante 120
fdd1f299: posts the ante 120
4571a5b7: posts the ante 120
85920fc3: posts the ante 120
b2fd596f: posts the ante 120
10486e72: posts the ante 120
22fdd818: posts the ante 120
10486e72: posts small blind 400
7c8464ab: posts big blind 800
*** HOLE CARDS ***
Dealt to 4571a5b7 
Dealt to Hero [Ah 4s]
Dealt to 10486e72 
Dealt to 7c8464ab 
Dealt to fdd1f299 
Dealt to b2fd596f 
Dealt to 85920fc3 
Dealt to 22fdd818 
fdd1f299: folds
b2fd596f: folds
85920fc3: raises 960 to 1,760
22fdd818: calls 1,760
4571a5b7: folds
Hero: folds
10486e72: folds
7c8464ab: folds
*** FLOP *** [Jc Ad 8d]
85920fc3: bets 1,875
22fdd818: folds
Uncalled bet (1,875) returned to 85920fc3
*** SHOWDOWN ***
85920fc3 collected 5,680 from pot
*** SUMMARY ***
Total pot 5,680 | Rake 0 | Jackpot 0 | Bingo 0 | Fortune 0 | Tax 0
Board [Jc Ad 8d]
Seat 1: 4571a5b7 folded before Flop
Seat 2: Hero (button) folded before Flop
Seat 3: 10486e72 (small blind) folded before Flop
Seat 4: 7c8464ab (big blind) folded before Flop
Seat 5: fdd1f299 folded before Flop
Seat 6: b2fd596f folded before Flop
Seat 7: 85920fc3 won (5,680)
Seat 8: 22fdd818 folded on the Flop


Poker Hand #TM5653563000: Tournament #267046848, Bounty Hunters Deepstack Turbo $8.88 Hold'em No Limit - Level10(350/700(100)) - 2026/03/02 15:41:38
Table '50' 8-max Seat #1 is the button
Seat 1: 4571a5b7 (16,877 in chips)
Seat 2: Hero (43,446 in chips)
Seat 3: 10486e72 (37,186 in chips)
Seat 4: 7c8464ab (2,911 in chips)
Seat 5: fdd1f299 (94,644 in chips)
Seat 6: b2fd596f (20,100 in chips)
Seat 7: 85920fc3 (93,213 in chips)
Seat 8: 22fdd818 (20,000 in chips)
7c8464ab: posts the ante 100
Hero: posts the ante 100
fdd1f299: posts the ante 100
4571a5b7: posts the ante 100
85920fc3: posts the ante 100
b2fd596f: posts the ante 100
10486e72: posts the ante 100
22fdd818: posts the ante 100
Hero: posts small blind 350
10486e72: posts big blind 700
*** HOLE CARDS ***
Dealt to 4571a5b7 
Dealt to Hero [Td Qh]
Dealt to 10486e72 
Dealt to 7c8464ab 
Dealt to fdd1f299 
Dealt to b2fd596f 
Dealt to 85920fc3 
Dealt to 22fdd818 
7c8464ab: folds
fdd1f299: folds
b2fd596f: raises 700 to 1,400
85920fc3: folds
22fdd818: calls 1,400
4571a5b7: folds
Hero: folds
10486e72: calls 700
*** FLOP *** [Tc 2h 3s]
10486e72: checks
b2fd596f: bets 1,766
22fdd818: folds
10486e72: folds
Uncalled bet (1,766) returned to b2fd596f
*** SHOWDOWN ***
b2fd596f collected 5,350 from pot
*** SUMMARY ***
Total pot 5,350 | Rake 0 | Jackpot 0 | Bingo 0 | Fortune 0 | Tax 0
Board [Tc 2h 3s]
Seat 1: 4571a5b7 (button) folded before Flop
Seat 2: Hero (small blind) folded before Flop
Seat 3: 10486e72 (big blind) folded on the Flop
Seat 4: 7c8464ab folded before Flop
Seat 5: fdd1f299 folded before Flop
Seat 6: b2fd596f won (5,350)
Seat 7: 85920fc3 folded before Flop
Seat 8: 22fdd818 folded on the Flop


Poker Hand #TM5653562991: Tournament #267046848, Bounty Hunters Deepstack Turbo $8.88 Hold'em No Limit - Level10(350/700(100)) - 2026/03/02 15:40:38
Table '50' 8-max Seat #7 is the button
Seat 1: 4571a5b7 (36,950 in chips)
Seat 2: Hero (20,073 in chips)
Seat 3: 10486e72 (38,686 in chips)
Seat 4: 7c8464ab (3,011 in chips)
Seat 5: fdd1f299 (94,744 in chips)
Seat 6: b2fd596f (20,200 in chips)
Seat 7: 85920fc3 (94,713 in chips)
7c8464ab: posts the ante 100
Hero: posts the ante 100
fdd1f299: posts the ante 100
85920fc3: posts the ante 100
b2fd596f: posts the ante 100
10486e72: posts the ante 100
4571a5b7: posts the ante 100
4571a5b7: posts small blind 350
Hero: posts big blind 700
*** HOLE CARDS ***
Dealt to 4571a5b7 
Dealt to Hero [Js As]
Dealt to 10486e72 
Dealt to 7c8464ab 
Dealt to fdd1f299 
Dealt to b2fd596f 
Dealt to 85920fc3 
10486e72: raises 700 to 1,400
7c8464ab: folds
fdd1f299: folds
b2fd596f: folds
85920fc3: calls 1,400
4571a5b7: calls 1,050
Hero: raises 18,573 to 19,973 and is all-in
10486e72: folds
85920fc3: folds
4571a5b7: calls 18,573
Hero: shows [Js As]
4571a5b7: shows [Ah 9h]
*** FLOP *** [Jh 2c 4h]
*** TURN *** [Jh 2c 4h] [4s]
*** RIVER *** [Jh 2c 4h 4s] [3s]
85920fc3: shows [7h Qh] (a pair of Fours)
*** SHOWDOWN ***
Hero collected 43,446 from pot
*** SUMMARY ***
Total pot 43,446 | Rake 0 | Jackpot 0 | Bingo 0 | Fortune 0 | Tax 0
Board [Jh 2c 4h 4s 3s]
Seat 1: 4571a5b7 (small blind) showed [Ah 9h] and lost with a pair of Fours
Seat 2: Hero (big blind) showed [Js As] and won (43,446) with two pair, Jacks and Fours
Seat 3: 10486e72 folded before Flop
Seat 4: 7c8464ab folded before Flop
Seat 5: fdd1f299 folded before Flop
Seat 6: b2fd596f folded before Flop
Seat 7: 85920fc3 (button) folded before Flop


Poker Hand #TM5653562978: Tournament #267046848, Bounty Hunters Deepstack Turbo $8.88 Hold'em No Limit - Level10(350/700(100)) - 2026/03/02 15:39:22
Table '50' 8-max Seat #6 is the button
Seat 1: 4571a5b7 (41,350 in chips)
Seat 2: Hero (20,173 in chips)
Seat 3: 10486e72 (38,786 in chips)
Seat 4: 7c8464ab (7,411 in chips)
Seat 5: fdd1f299 (94,844 in chips)
Seat 6: b2fd596f (20,300 in chips)
Seat 7: 85920fc3 (58,795 in chips)
Seat 8: 40ca22b6 (26,718 in chips)
7c8464ab: posts the ante 100
40ca22b6: posts the ante 100
Hero: posts the ante 100
fdd1f299: posts the ante 100
b2fd596f: posts the ante 100
10486e72: posts the ante 100
4571a5b7: posts the ante 100
85920fc3: posts the ante 100
85920fc3: posts small blind 350
40ca22b6: posts big blind 700
*** HOLE CARDS ***
Dealt to 4571a5b7 
Dealt to Hero [5h 3s]
Dealt to 10486e72 
Dealt to 7c8464ab 
Dealt to fdd1f299 
Dealt to b2fd596f 
Dealt to 85920fc3 
Dealt to 40ca22b6 
4571a5b7: calls 700
Hero: folds
10486e72: folds
7c8464ab: calls 700
fdd1f299: folds
b2fd596f: folds
85920fc3: raises 3,600 to 4,300
40ca22b6: calls 3,600
4571a5b7: calls 3,600
7c8464ab: calls 3,600
*** FLOP *** [Tc Js 6h]
85920fc3: bets 10,290
40ca22b6: raises 12,028 to 22,318 and is all-in
4571a5b7: folds
7c8464ab: folds
85920fc3: calls 12,028
40ca22b6: shows [8h Qh] (Queen high)
85920fc3: shows [Jd 9s] (a pair of Jacks)
*** TURN *** [Tc Js 6h] [6s]
*** RIVER *** [Tc Js 6h 6s] [Ts]
*** SHOWDOWN ***
85920fc3 collected 62,636 from pot
*** SUMMARY ***
Total pot 62,636 | Rake 0 | Jackpot 0 | Bingo 0 | Fortune 0 | Tax 0
Board [Tc Js 6h 6s Ts]
Seat 1: 4571a5b7 folded on the Flop
Seat 2: Hero folded before Flop
Seat 3: 10486e72 folded before Flop
Seat 4: 7c8464ab folded on the Flop
Seat 5: fdd1f299 folded before Flop
Seat 6: b2fd596f (button) folded before Flop
Seat 7: 85920fc3 (small blind) showed [Jd 9s] and won (62,636) with two pair, Jacks and Tens
Seat 8: 40ca22b6 (big blind) showed [8h Qh] and lost with two pair, Tens and Sixes


Poker Hand #TM5653562967: Tournament #267046848, Bounty Hunters Deepstack Turbo $8.88 Hold'em No Limit - Level10(350/700(100)) - 2026/03/02 15:38:00
Table '50' 8-max Seat #5 is the button
Seat 1: 4571a5b7 (18,800 in chips)
Seat 2: Hero (20,273 in chips)
Seat 3: 10486e72 (38,886 in chips)
Seat 4: 7c8464ab (26,211 in chips)
Seat 5: fdd1f299 (96,344 in chips)
Seat 6: b2fd596f (20,750 in chips)
Seat 7: 85920fc3 (60,295 in chips)
Seat 8: 40ca22b6 (26,818 in chips)
7c8464ab: posts the ante 100
40ca22b6: posts the ante 100
Hero: posts the ante 100
fdd1f299: posts the ante 100
10486e72: posts the ante 100
4571a5b7: posts the ante 100
85920fc3: posts the ante 100
b2fd596f: posts the ante 100
b2fd596f: posts small blind 350
85920fc3: posts big blind 700
*** HOLE CARDS ***
Dealt to 4571a5b7 
Dealt to Hero [9c 5h]
Dealt to 10486e72 
Dealt to 7c8464ab 
Dealt to fdd1f299 
Dealt to b2fd596f 
Dealt to 85920fc3 
Dealt to 40ca22b6 
40ca22b6: folds
4571a5b7: raises 700 to 1,400
Hero: folds
10486e72: folds
7c8464ab: calls 1,400
fdd1f299: calls 1,400
b2fd596f: folds
85920fc3: calls 700
*** FLOP *** [Td 9s Jc]
85920fc3: checks
4571a5b7: bets 3,375
7c8464ab: calls 3,375
fdd1f299: folds
85920fc3: folds
*** TURN *** [Td 9s Jc] [4d]
4571a5b7: checks
7c8464ab: bets 4,455
4571a5b7: calls 4,455
*** RIVER *** [Td 9s Jc 4d] [8c]
4571a5b7: bets 9,470 and is all-in
7c8464ab: calls 9,470
4571a5b7: shows [7s 9h] (a straight, Jack to Seven)
7c8464ab: shows [Tc Kh] (a pair of Tens)
*** SHOWDOWN ***
4571a5b7 collected 41,350 from pot
*** SUMMARY ***
Total pot 41,350 | Rake 0 | Jackpot 0 | Bingo 0 | Fortune 0 | Tax 0
Board [Td 9s Jc 4d 8c]
Seat 1: 4571a5b7 showed [7s 9h] and won (41,350) with a straight, Jack to Seven
Seat 2: Hero folded before Flop
Seat 3: 10486e72 folded before Flop
Seat 4: 7c8464ab showed [Tc Kh] and lost with a pair of Tens
Seat 5: fdd1f299 (button) folded on the Flop
Seat 6: b2fd596f (small blind) folded before Flop
Seat 7: 85920fc3 (big blind) folded on the Flop
Seat 8: 40ca22b6 folded before Flop


Poker Hand #TM5653562951: Tournament #267046848, Bounty Hunters Deepstack Turbo $8.88 Hold'em No Limit - Level10(350/700(100)) - 2026/03/02 15:36:45
Table '50' 8-max Seat #4 is the button
Seat 1: 4571a5b7 (18,900 in chips)
Seat 2: Hero (20,373 in chips)
Seat 3: 10486e72 (18,023 in chips)
Seat 4: 7c8464ab (26,311 in chips)
Seat 5: fdd1f299 (97,984 in chips)
Seat 6: b2fd596f (21,550 in chips)
Seat 7: 85920fc3 (78,318 in chips)
Seat 8: 40ca22b6 (26,918 in chips)
7c8464ab: posts the ante 100
40ca22b6: posts the ante 100
Hero: posts the ante 100
fdd1f299: posts the ante 100
10486e72: posts the ante 100
4571a5b7: posts the ante 100
85920fc3: posts the ante 100
b2fd596f: posts the ante 100
fdd1f299: posts small blind 350
b2fd596f: posts big blind 700
*** HOLE CARDS ***
Dealt to 4571a5b7 
Dealt to Hero [6h Ks]
Dealt to 10486e72 
Dealt to 7c8464ab 
Dealt to fdd1f299 
Dealt to b2fd596f 
Dealt to 85920fc3 
Dealt to 40ca22b6 
85920fc3: raises 840 to 1,540
40ca22b6: folds
4571a5b7: folds
Hero: folds
10486e72: calls 1,540
7c8464ab: folds
fdd1f299: calls 1,190
b2fd596f: folds
*** FLOP *** [8c Qd 7c]
fdd1f299: checks
85920fc3: bets 4,590
10486e72: calls 4,590
fdd1f299: folds
*** TURN *** [8c Qd 7c] [6d]
85920fc3: bets 15,300
10486e72: calls 11,793 and is all-in
Uncalled bet (3,507) returned to 85920fc3
85920fc3: shows [7d 8h] (two pair, Eights and Sevens)
10486e72: shows [Kd 8d] (a pair of Eights)
*** RIVER *** [8c Qd 7c 6d] [3d]
*** SHOWDOWN ***
10486e72 collected 38,886 from pot
*** SUMMARY ***
Total pot 38,886 | Rake 0 | Jackpot 0 | Bingo 0 | Fortune 0 | Tax 0
Board [8c Qd 7c 6d 3d]
Seat 1: 4571a5b7 folded before Flop
Seat 2: Hero folded before Flop
Seat 3: 10486e72 showed [Kd 8d] and won (38,886) with a flush King high
Seat 4: 7c8464ab (button) folded before Flop
Seat 5: fdd1f299 (small blind) folded on the Flop
Seat 6: b2fd596f (big blind) folded before Flop
Seat 7: 85920fc3 showed [7d 8h] and lost with two pair, Eights and Sevens
Seat 8: 40ca22b6 folded before Flop


Poker Hand #TM5653562935: Tournament #267046848, Bounty Hunters Deepstack Turbo $8.88 Hold'em No Limit - Level10(350/700(100)) - 2026/03/02 15:35:22
Table '50' 8-max Seat #3 is the button
Seat 1: 4571a5b7 (19,000 in chips)
Seat 2: Hero (20,473 in chips)
Seat 3: 10486e72 (19,873 in chips)
Seat 4: 7c8464ab (19,183 in chips)
Seat 5: fdd1f299 (98,784 in chips)
Seat 6: b2fd596f (21,650 in chips)
Seat 7: 85920fc3 (82,396 in chips)
Seat 8: 40ca22b6 (27,018 in chips)
40ca22b6: posts the ante 100
7c8464ab: posts the ante 100
Hero: posts the ante 100
fdd1f299: posts the ante 100
10486e72: posts the ante 100
4571a5b7: posts the ante 100
85920fc3: posts the ante 100
b2fd596f: posts the ante 100
7c8464ab: posts small blind 350
fdd1f299: posts big blind 700
*** HOLE CARDS ***
Dealt to 4571a5b7 
Dealt to Hero [Td 3s]
Dealt to 10486e72 
Dealt to 7c8464ab 
Dealt to fdd1f299 
Dealt to b2fd596f 
Dealt to 85920fc3 
Dealt to 40ca22b6 
b2fd596f: folds
85920fc3: raises 1,050 to 1,750
40ca22b6: folds
4571a5b7: folds
Hero: folds
10486e72: calls 1,750
7c8464ab: calls 1,400
fdd1f299: folds
*** FLOP *** [Qs 5d Ac]
7c8464ab: checks
85920fc3: bets 2,228
10486e72: folds
7c8464ab: calls 2,228
*** TURN *** [Qs 5d Ac] [8s]
7c8464ab: checks
85920fc3: checks
*** RIVER *** [Qs 5d Ac 8s] [Qh]
7c8464ab: checks
85920fc3: checks
7c8464ab: shows [Ad 9s] (two pair, Aces and Queens)
85920fc3: shows [Kc Kh] (two pair, Kings and Queens)
*** SHOWDOWN ***
7c8464ab collected 11,206 from pot
*** SUMMARY ***
Total pot 11,206 | Rake 0 | Jackpot 0 | Bingo 0 | Fortune 0 | Tax 0
Board [Qs 5d Ac 8s Qh]
Seat 1: 4571a5b7 folded before Flop
Seat 2: Hero folded before Flop
Seat 3: 10486e72 (button) folded on the Flop
Seat 4: 7c8464ab (small blind) showed [Ad 9s] and won (11,206) with two pair, Aces and Queens
Seat 5: fdd1f299 (big blind) folded before Flop
Seat 6: b2fd596f folded before Flop
Seat 7: 85920fc3 showed [Kc Kh] and lost with two pair, Kings and Queens
Seat 8: 40ca22b6 folded before Flop


Poker Hand #TM5653562929: Tournament #267046848, Bounty Hunters Deepstack Turbo $8.88 Hold'em No Limit - Level10(350/700(100)) - 2026/03/02 15:34:40
Table '50' 8-max Seat #2 is the button
Seat 1: 4571a5b7 (19,100 in chips)
Seat 2: Hero (18,023 in chips)
Seat 3: 10486e72 (20,323 in chips)
Seat 4: 7c8464ab (20,683 in chips)
Seat 5: fdd1f299 (98,884 in chips)
Seat 6: b2fd596f (21,750 in chips)
Seat 7: 85920fc3 (82,496 in chips)
Seat 8: 40ca22b6 (27,118 in chips)
40ca22b6: posts the ante 100
7c8464ab: posts the ante 100
Hero: posts the ante 100
fdd1f299: posts the ante 100
4571a5b7: posts the ante 100
85920fc3: posts the ante 100
b2fd596f: posts the ante 100
10486e72: posts the ante 100
10486e72: posts small blind 350
7c8464ab: posts big blind 700
*** HOLE CARDS ***
Dealt to 4571a5b7 
Dealt to Hero [Qc Js]
Dealt to 10486e72 
Dealt to 7c8464ab 
Dealt to fdd1f299 
Dealt to b2fd596f 
Dealt to 85920fc3 
Dealt to 40ca22b6 
fdd1f299: folds
b2fd596f: folds
85920fc3: folds
40ca22b6: folds
4571a5b7: folds
Hero: raises 700 to 1,400
10486e72: folds
7c8464ab: calls 700
*** FLOP *** [Qd 6s 7h]
7c8464ab: checks
Hero: bets 1,304
7c8464ab: folds
Uncalled bet (1,304) returned to Hero
*** SHOWDOWN ***
Hero collected 3,950 from pot
*** SUMMARY ***
Total pot 3,950 | Rake 0 | Jackpot 0 | Bingo 0 | Fortune 0 | Tax 0
Board [Qd 6s 7h]
Seat 1: 4571a5b7 folded before Flop
Seat 2: Hero (button) won (3,950)
Seat 3: 10486e72 (small blind) folded before Flop
Seat 4: 7c8464ab (big blind) folded on the Flop
Seat 5: fdd1f299 folded before Flop
Seat 6: b2fd596f folded before Flop
Seat 7: 85920fc3 folded before Flop
Seat 8: 40ca22b6 folded before Flop


Poker Hand #TM5653562923: Tournament #267046848, Bounty Hunters Deepstack Turbo $8.88 Hold'em No Limit - Level9(300/600(90)) - 2026/03/02 15:33:48
Table '50' 8-max Seat #1 is the button
Seat 1: 4571a5b7 (14,047 in chips)
Seat 2: Hero (18,413 in chips)
Seat 3: 10486e72 (21,013 in chips)
Seat 4: 7c8464ab (20,773 in chips)
Seat 5: fdd1f299 (98,974 in chips)
Seat 6: b2fd596f (21,840 in chips)
Seat 7: 85920fc3 (82,586 in chips)
Seat 8: 40ca22b6 (30,731 in chips)
40ca22b6: posts the ante 90
7c8464ab: posts the ante 90
Hero: posts the ante 90
fdd1f299: posts the ante 90
4571a5b7: posts the ante 90
85920fc3: posts the ante 90
b2fd596f: posts the ante 90
10486e72: posts the ante 90
Hero: posts small blind 300
10486e72: posts big blind 600
*** HOLE CARDS ***
Dealt to 4571a5b7 
Dealt to Hero [As 7h]
Dealt to 10486e72 
Dealt to 7c8464ab 
Dealt to fdd1f299 
Dealt to b2fd596f 
Dealt to 85920fc3 
Dealt to 40ca22b6 
7c8464ab: folds
fdd1f299: folds
b2fd596f: folds
85920fc3: folds
40ca22b6: raises 1,200 to 1,800
4571a5b7: calls 1,800
Hero: folds
10486e72: folds
*** FLOP *** [Kc 6s Ad]
40ca22b6: bets 1,723
4571a5b7: calls 1,723
*** TURN *** [Kc 6s Ad] [Jd]
40ca22b6: checks
4571a5b7: bets 4,333
40ca22b6: folds
Uncalled bet (4,333) returned to 4571a5b7
*** SHOWDOWN ***
4571a5b7 collected 8,666 from pot
*** SUMMARY ***
Total pot 8,666 | Rake 0 | Jackpot 0 | Bingo 0 | Fortune 0 | Tax 0
Board [Kc 6s Ad Jd]
Seat 1: 4571a5b7 (button) won (8,666)
Seat 2: Hero (small blind) folded before Flop
Seat 3: 10486e72 (big blind) folded before Flop
Seat 4: 7c8464ab folded before Flop
Seat 5: fdd1f299 folded before Flop
Seat 6: b2fd596f folded before Flop
Seat 7: 85920fc3 folded before Flop
Seat 8: 40ca22b6 folded on the Turn


Poker Hand #TM5653562913: Tournament #267046848, Bounty Hunters Deepstack Turbo $8.88 Hold'em No Limit - Level9(300/600(90)) - 2026/03/02 15:32:54
Table '50' 8-max Seat #8 is the button
Seat 1: 4571a5b7 (14,437 in chips)
Seat 2: Hero (19,103 in chips)
Seat 3: 10486e72 (21,103 in chips)
Seat 4: 7c8464ab (20,863 in chips)
Seat 5: fdd1f299 (97,444 in chips)
Seat 6: b2fd596f (21,930 in chips)
Seat 7: 85920fc3 (82,676 in chips)
Seat 8: 40ca22b6 (30,821 in chips)
40ca22b6: posts the ante 90
7c8464ab: posts the ante 90
Hero: posts the ante 90
fdd1f299: posts the ante 90
85920fc3: posts the ante 90
b2fd596f: posts the ante 90
10486e72: posts the ante 90
4571a5b7: posts the ante 90
4571a5b7: posts small blind 300
Hero: posts big blind 600
*** HOLE CARDS ***
Dealt to 4571a5b7 
Dealt to Hero [3c 8c]
Dealt to 10486e72 
Dealt to 7c8464ab 
Dealt to fdd1f299 
Dealt to b2fd596f 
Dealt to 85920fc3 
Dealt to 40ca22b6 
10486e72: folds
7c8464ab: folds
fdd1f299: calls 600
b2fd596f: folds
85920fc3: folds
40ca22b6: folds
4571a5b7: folds
Hero: checks
*** FLOP *** [Qd Qs 5c]
Hero: checks
fdd1f299: checks
*** TURN *** [Qd Qs 5c] [4c]
Hero: checks
fdd1f299: checks
*** RIVER *** [Qd Qs 5c 4c] [Jh]
Hero: checks
fdd1f299: checks
Hero: shows [3c 8c] (a pair of Queens)
fdd1f299: shows [Kh 7h] (a pair of Queens)
*** SHOWDOWN ***
fdd1f299 collected 2,220 from pot
*** SUMMARY ***
Total pot 2,220 | Rake 0 | Jackpot 0 | Bingo 0 | Fortune 0 | Tax 0
Board [Qd Qs 5c 4c Jh]
Seat 1: 4571a5b7 (small blind) folded before Flop
Seat 2: Hero (big blind) showed [3c 8c] and lost with a pair of Queens
Seat 3: 10486e72 folded before Flop
Seat 4: 7c8464ab folded before Flop
Seat 5: fdd1f299 showed [Kh 7h] and won (2,220) with a pair of Queens
Seat 6: b2fd596f folded before Flop
Seat 7: 85920fc3 folded before Flop
Seat 8: 40ca22b6 (button) folded before Flop


Poker Hand #TM5653562903: Tournament #267046848, Bounty Hunters Deepstack Turbo $8.88 Hold'em No Limit - Level9(300/600(90)) - 2026/03/02 15:32:14
Table '50' 8-max Seat #7 is the button
Seat 1: 4571a5b7 (15,127 in chips)
Seat 2: Hero (19,193 in chips)
Seat 3: 10486e72 (21,193 in chips)
Seat 4: 7c8464ab (22,153 in chips)
Seat 5: fdd1f299 (97,534 in chips)
Seat 6: b2fd596f (23,220 in chips)
Seat 7: 85920fc3 (83,966 in chips)
Seat 8: 40ca22b6 (25,991 in chips)
7c8464ab: posts the ante 90
40ca22b6: posts the ante 90
Hero: posts the ante 90
fdd1f299: posts the ante 90
85920fc3: posts the ante 90
b2fd596f: posts the ante 90
10486e72: posts the ante 90
4571a5b7: posts the ante 90
40ca22b6: posts small blind 300
4571a5b7: posts big blind 600
*** HOLE CARDS ***
Dealt to 4571a5b7 
Dealt to Hero [5d 9s]
Dealt to 10486e72 
Dealt to 7c8464ab 
Dealt to fdd1f299 
Dealt to b2fd596f 
Dealt to 85920fc3 
Dealt to 40ca22b6 
Hero: folds
10486e72: folds
7c8464ab: raises 600 to 1,200
fdd1f299: folds
b2fd596f: calls 1,200
85920fc3: calls 1,200
40ca22b6: raises 24,701 to 25,901 and is all-in
4571a5b7: folds
7c8464ab: folds
b2fd596f: folds
85920fc3: folds
Uncalled bet (24,701) returned to 40ca22b6
*** SHOWDOWN ***
40ca22b6 collected 6,120 from pot
*** SUMMARY ***
Total pot 6,120 | Rake 0 | Jackpot 0 | Bingo 0 | Fortune 0 | Tax 0
Seat 1: 4571a5b7 (big blind) folded before Flop
Seat 2: Hero folded before Flop
Seat 3: 10486e72 folded before Flop
Seat 4: 7c8464ab folded before Flop
Seat 5: fdd1f299 folded before Flop
Seat 6: b2fd596f folded before Flop
Seat 7: 85920fc3 (button) folded before Flop
Seat 8: 40ca22b6 (small blind) collected (6,120)


Poker Hand #TM5653562892: Tournament #267046848, Bounty Hunters Deepstack Turbo $8.88 Hold'em No Limit - Level9(300/600(90)) - 2026/03/02 15:31:19
Table '50' 8-max Seat #6 is the button
Seat 1: 4571a5b7 (16,417 in chips)
Seat 2: Hero (19,283 in chips)
Seat 3: 10486e72 (21,283 in chips)
Seat 4: 7c8464ab (22,243 in chips)
Seat 5: fdd1f299 (97,624 in chips)
Seat 6: b2fd596f (20,490 in chips)
Seat 7: 85920fc3 (84,356 in chips)
Seat 8: 40ca22b6 (26,681 in chips)
7c8464ab: posts the ante 90
40ca22b6: posts the ante 90
Hero: posts the ante 90
fdd1f299: posts the ante 90
b2fd596f: posts the ante 90
10486e72: posts the ante 90
4571a5b7: posts the ante 90
85920fc3: posts the ante 90
85920fc3: posts small blind 300
40ca22b6: posts big blind 600
*** HOLE CARDS ***
Dealt to 4571a5b7 
Dealt to Hero [9d Th]
Dealt to 10486e72 
Dealt to 7c8464ab 
Dealt to fdd1f299 
Dealt to b2fd596f 
Dealt to 85920fc3 
Dealt to 40ca22b6 
4571a5b7: calls 600
Hero: folds
10486e72: folds
7c8464ab: folds
fdd1f299: folds
b2fd596f: raises 600 to 1,200
85920fc3: folds
40ca22b6: folds
4571a5b7: calls 600
*** FLOP *** [4d Qc Ah]
4571a5b7: checks
b2fd596f: bets 1,327
4571a5b7: folds
Uncalled bet (1,327) returned to b2fd596f
*** SHOWDOWN ***
b2fd596f collected 4,020 from pot
*** SUMMARY ***
Total pot 4,020 | Rake 0 | Jackpot 0 | Bingo 0 | Fortune 0 | Tax 0
Board [4d Qc Ah]
Seat 1: 4571a5b7 folded on the Flop
Seat 2: Hero folded before Flop
Seat 3: 10486e72 folded before Flop
Seat 4: 7c8464ab folded before Flop
Seat 5: fdd1f299 folded before Flop
Seat 6: b2fd596f (button) won (4,020)
Seat 7: 85920fc3 (small blind) folded before Flop
Seat 8: 40ca22b6 (big blind) folded before Flop


Poker Hand #TM5653562880: Tournament #267046848, Bounty Hunters Deepstack Turbo $8.88 Hold'em No Limit - Level9(300/600(90)) - 2026/03/02 15:30:00
Table '50' 8-max Seat #5 is the button
Seat 1: 4571a5b7 (20,000 in chips)
Seat 2: Hero (19,373 in chips)
Seat 3: 10486e72 (16,350 in chips)
Seat 5: fdd1f299 (97,714 in chips)
Seat 6: b2fd596f (20,880 in chips)
Seat 7: 85920fc3 (85,046 in chips)
Seat 8: 40ca22b6 (26,771 in chips)
40ca22b6: posts the ante 90
Hero: posts the ante 90
fdd1f299: posts the ante 90
10486e72: posts the ante 90
4571a5b7: posts the ante 90
85920fc3: posts the ante 90
b2fd596f: posts the ante 90
b2fd596f: posts small blind 300
85920fc3: posts big blind 600
*** HOLE CARDS ***
Dealt to 4571a5b7 
Dealt to Hero [9s 8d]
Dealt to 10486e72 
Dealt to fdd1f299 
Dealt to b2fd596f 
Dealt to 85920fc3 
Dealt to 40ca22b6 
40ca22b6: folds
4571a5b7: calls 600
Hero: folds
10486e72: raises 1,200 to 1,800
fdd1f299: folds
b2fd596f: folds
85920fc3: folds
4571a5b7: calls 1,200
*** FLOP *** [Jd 5h 8h]
4571a5b7: checks
10486e72: bets 1,693
4571a5b7: calls 1,693
*** TURN *** [Jd 5h 8h] [9c]
4571a5b7: checks
10486e72: checks
*** RIVER *** [Jd 5h 8h 9c] [Kc]
4571a5b7: checks
10486e72: checks
4571a5b7: shows [Th Ad] (Ace high)
10486e72: shows [Ac Qc] (Ace high)
*** SHOWDOWN ***
10486e72 collected 8,516 from pot
*** SUMMARY ***
Total pot 8,516 | Rake 0 | Jackpot 0 | Bingo 0 | Fortune 0 | Tax 0
Board [Jd 5h 8h 9c Kc]
Seat 1: 4571a5b7 showed [Th Ad] and lost with Ace high
Seat 2: Hero folded before Flop
Seat 3: 10486e72 showed [Ac Qc] and won (8,516) with Ace high
Seat 5: fdd1f299 (button) folded before Flop
Seat 6: b2fd596f (small blind) folded before Flop
Seat 7: 85920fc3 (big blind) folded before Flop
Seat 8: 40ca22b6 folded before Flop


Poker Hand #TM5653562872: Tournament #267046848, Bounty Hunters Deepstack Turbo $8.88 Hold'em No Limit - Level9(300/600(90)) - 2026/03/02 15:28:57
Table '50' 8-max Seat #3 is the button
Seat 2: Hero (19,463 in chips)
Seat 3: 10486e72 (17,760 in chips)
Seat 4: d6140095 (13,170 in chips)
Seat 5: fdd1f299 (98,404 in chips)
Seat 6: b2fd596f (20,970 in chips)
Seat 7: 85920fc3 (69,506 in chips)
Seat 8: 40ca22b6 (26,861 in chips)
40ca22b6: posts the ante 90
Hero: posts the ante 90
fdd1f299: posts the ante 90
10486e72: posts the ante 90
85920fc3: posts the ante 90
b2fd596f: posts the ante 90
d6140095: posts the ante 90
d6140095: posts small blind 300
fdd1f299: posts big blind 600
*** HOLE CARDS ***
Dealt to Hero [4h 2c]
Dealt to 10486e72 
Dealt to d6140095 
Dealt to fdd1f299 
Dealt to b2fd596f 
Dealt to 85920fc3 
Dealt to 40ca22b6 
b2fd596f: folds
85920fc3: raises 720 to 1,320
40ca22b6: folds
Hero: folds
10486e72: calls 1,320
d6140095: raises 11,760 to 13,080 and is all-in
fdd1f299: folds
85920fc3: raises 56,336 to 69,416 and is all-in
10486e72: folds
Uncalled bet (56,336) returned to 85920fc3
85920fc3: shows [Jh 9d]
d6140095: shows [6h 6s]
*** FLOP *** [Jc Kd 5d]
*** TURN *** [Jc Kd 5d] [9s]
*** RIVER *** [Jc Kd 5d 9s] [3h]
fdd1f299: shows [5h 5s] (three of a kind, Fives)
*** SHOWDOWN ***
85920fc3 collected 28,710 from pot
*** SUMMARY ***
Total pot 28,710 | Rake 0 | Jackpot 0 | Bingo 0 | Fortune 0 | Tax 0
Board [Jc Kd 5d 9s 3h]
Seat 2: Hero folded before Flop
Seat 3: 10486e72 (button) folded before Flop
Seat 4: d6140095 (small blind) showed [6h 6s] and lost with a pair of Sixes
Seat 5: fdd1f299 (big blind) folded before Flop
Seat 6: b2fd596f folded before Flop
Seat 7: 85920fc3 showed [Jh 9d] and won (28,710) with two pair, Jacks and Nines
Seat 8: 40ca22b6 folded before Flop


Poker Hand #TM5653562861: Tournament #267046848, Bounty Hunters Deepstack Turbo $8.88 Hold'em No Limit - Level9(300/600(90)) - 2026/03/02 15:27:53
Table '50' 8-max Seat #2 is the button
Seat 1: a8c758fb (14,254 in chips)
Seat 2: Hero (19,553 in chips)
Seat 3: 10486e72 (18,150 in chips)
Seat 4: d6140095 (54,270 in chips)
Seat 5: fdd1f299 (41,100 in chips)
Seat 6: b2fd596f (21,060 in chips)
Seat 7: 85920fc3 (70,796 in chips)
Seat 8: 40ca22b6 (26,951 in chips)
40ca22b6: posts the ante 90
Hero: posts the ante 90
fdd1f299: posts the ante 90
a8c758fb: posts the ante 90
85920fc3: posts the ante 90
b2fd596f: posts the ante 90
d6140095: posts the ante 90
10486e72: posts the ante 90
10486e72: posts small blind 300
d6140095: posts big blind 600
*** HOLE CARDS ***
Dealt to a8c758fb 
Dealt to Hero [2h 9h]
Dealt to 10486e72 
Dealt to d6140095 
Dealt to fdd1f299 
Dealt to b2fd596f 
Dealt to 85920fc3 
Dealt to 40ca22b6 
fdd1f299: raises 600 to 1,200
b2fd596f: folds
85920fc3: calls 1,200
40ca22b6: folds
a8c758fb: raises 12,964 to 14,164 and is all-in
Hero: folds
10486e72: folds
d6140095: raises 38,098 to 52,262
fdd1f299: calls 39,810 and is all-in
85920fc3: folds
Uncalled bet (11,252) returned to d6140095
d6140095: shows [9c 9s]
fdd1f299: shows [Ks Kd]
a8c758fb: shows [Qd Jh]
*** FLOP *** [6s 7c 4h]
*** TURN *** [6s 7c 4h] [5c]
*** RIVER *** [6s 7c 4h 5c] [6h]
85920fc3: shows [Ad] (a pair of Sixes)
*** SHOWDOWN ***
fdd1f299 collected 44,712 from pot
fdd1f299 collected 53,692 from pot
*** SUMMARY ***
Total pot 98,404 | Rake 0 | Jackpot 0 | Bingo 0 | Fortune 0 | Tax 0
Board [6s 7c 4h 5c 6h]
Seat 1: a8c758fb showed [Qd Jh] and lost with a pair of Sixes
Seat 2: Hero (button) folded before Flop
Seat 3: 10486e72 (small blind) folded before Flop
Seat 4: d6140095 (big blind) showed [9c 9s] and lost with two pair, Nines and Sixes
Seat 5: fdd1f299 showed [Ks Kd] and won (98,404) with two pair, Kings and Sixes
Seat 6: b2fd596f folded before Flop
Seat 7: 85920fc3 folded before Flop
Seat 8: 40ca22b6 folded before Flop


Poker Hand #TM5653562845: Tournament #267046848, Bounty Hunters Deepstack Turbo $8.88 Hold'em No Limit - Level8(250/500(75)) - 2026/03/02 15:26:13
Table '50' 8-max Seat #1 is the button
Seat 1: a8c758fb (14,329 in chips)
Seat 2: Hero (19,878 in chips)
Seat 3: 10486e72 (18,725 in chips)
Seat 4: d6140095 (24,210 in chips)
Seat 5: fdd1f299 (65,310 in chips)
Seat 6: b2fd596f (21,135 in chips)
Seat 7: 85920fc3 (70,871 in chips)
Seat 8: 40ca22b6 (31,676 in chips)
40ca22b6: posts the ante 75
Hero: posts the ante 75
fdd1f299: posts the ante 75
a8c758fb: posts the ante 75
85920fc3: posts the ante 75
b2fd596f: posts the ante 75
d6140095: posts the ante 75
10486e72: posts the ante 75
Hero: posts small blind 250
10486e72: posts big blind 500
*** HOLE CARDS ***
Dealt to a8c758fb 
Dealt to Hero [7d 2s]
Dealt to 10486e72 
Dealt to d6140095 
Dealt to fdd1f299 
Dealt to b2fd596f 
Dealt to 85920fc3 
Dealt to 40ca22b6 
d6140095: raises 600 to 1,100
fdd1f299: raises 3,550 to 4,650
b2fd596f: folds
85920fc3: folds
40ca22b6: calls 4,650
a8c758fb: folds
Hero: folds
10486e72: folds
d6140095: raises 19,485 to 24,135 and is all-in
fdd1f299: calls 19,485
40ca22b6: folds
d6140095: shows [Jh Jd]
fdd1f299: shows [As Ks]
*** FLOP *** [Qd 2c Ts]
*** TURN *** [Qd 2c Ts] [5d]
*** RIVER *** [Qd 2c Ts 5d] [4s]
85920fc3: shows [3s Ah] (a straight, Ace to Five)
*** SHOWDOWN ***
d6140095 collected 54,270 from pot
*** SUMMARY ***
Total pot 54,270 | Rake 0 | Jackpot 0 | Bingo 0 | Fortune 0 | Tax 0
Board [Qd 2c Ts 5d 4s]
Seat 1: a8c758fb (button) folded before Flop
Seat 2: Hero (small blind) folded before Flop
Seat 3: 10486e72 (big blind) folded before Flop
Seat 4: d6140095 showed [Jh Jd] and won (54,270) with a pair of Jacks
Seat 5: fdd1f299 showed [As Ks] and lost with Ace high
Seat 6: b2fd596f folded before Flop
Seat 7: 85920fc3 folded before Flop
Seat 8: 40ca22b6 folded before Flop


Poker Hand #TM5653562836: Tournament #267046848, Bounty Hunters Deepstack Turbo $8.88 Hold'em No Limit - Level8(250/500(75)) - 2026/03/02 15:25:39
Table '50' 8-max Seat #8 is the button
Seat 1: a8c758fb (14,654 in chips)
Seat 2: Hero (20,453 in chips)
Seat 3: 10486e72 (19,850 in chips)
Seat 4: d6140095 (24,285 in chips)
Seat 5: fdd1f299 (65,385 in chips)
Seat 6: b2fd596f (22,260 in chips)
Seat 7: 85920fc3 (70,946 in chips)
Seat 8: 40ca22b6 (28,301 in chips)
40ca22b6: posts the ante 75
Hero: posts the ante 75
fdd1f299: posts the ante 75
a8c758fb: posts the ante 75
85920fc3: posts the ante 75
b2fd596f: posts the ante 75
d6140095: posts the ante 75
10486e72: posts the ante 75
a8c758fb: posts small blind 250
Hero: posts big blind 500
*** HOLE CARDS ***
Dealt to a8c758fb 
Dealt to Hero [8c 5c]
Dealt to 10486e72 
Dealt to d6140095 
Dealt to fdd1f299 
Dealt to b2fd596f 
Dealt to 85920fc3 
Dealt to 40ca22b6 
10486e72: raises 550 to 1,050
d6140095: folds
fdd1f299: folds
b2fd596f: calls 1,050
85920fc3: folds
40ca22b6: raises 4,500 to 5,550
a8c758fb: folds
Hero: folds
10486e72: folds
b2fd596f: folds
Uncalled bet (4,500) returned to 40ca22b6
*** SHOWDOWN ***
40ca22b6 collected 4,500 from pot
*** SUMMARY ***
Total pot 4,500 | Rake 0 | Jackpot 0 | Bingo 0 | Fortune 0 | Tax 0
Seat 1: a8c758fb (small blind) folded before Flop
Seat 2: Hero (big blind) folded before Flop
Seat 3: 10486e72 folded before Flop
Seat 4: d6140095 folded before Flop
Seat 5: fdd1f299 folded before Flop
Seat 6: b2fd596f folded before Flop
Seat 7: 85920fc3 folded before Flop
Seat 8: 40ca22b6 (button) collected (4,500)


Poker Hand #TM5653562811: Tournament #267046848, Bounty Hunters Deepstack Turbo $8.88 Hold'em No Limit - Level8(250/500(75)) - 2026/03/02 15:23:17
Table '50' 8-max Seat #7 is the button
Seat 1: a8c758fb (21,355 in chips)
Seat 2: Hero (11,052 in chips)
Seat 3: 10486e72 (19,925 in chips)
Seat 4: d6140095 (24,360 in chips)
Seat 5: fdd1f299 (66,460 in chips)
Seat 6: b2fd596f (22,335 in chips)
Seat 7: 85920fc3 (72,021 in chips)
Seat 8: 40ca22b6 (28,626 in chips)
40ca22b6: posts the ante 75
Hero: posts the ante 75
fdd1f299: posts the ante 75
a8c758fb: posts the ante 75
85920fc3: posts the ante 75
b2fd596f: posts the ante 75
d6140095: posts the ante 75
10486e72: posts the ante 75
40ca22b6: posts small blind 250
a8c758fb: posts big blind 500
*** HOLE CARDS ***
Dealt to a8c758fb 
Dealt to Hero [7c 6c]
Dealt to 10486e72 
Dealt to d6140095 
Dealt to fdd1f299 
Dealt to b2fd596f 
Dealt to 85920fc3 
Dealt to 40ca22b6 
Hero: raises 500 to 1,000
10486e72: folds
d6140095: folds
fdd1f299: calls 1,000
b2fd596f: folds
85920fc3: calls 1,000
40ca22b6: folds
a8c758fb: calls 500
*** FLOP *** [7d 4d As]
a8c758fb: checks
Hero: bets 2,425
fdd1f299: folds
85920fc3: folds
a8c758fb: calls 2,425
*** TURN *** [7d 4d As] [7s]
a8c758fb: checks
Hero: bets 3,201
a8c758fb: calls 3,201
*** RIVER *** [7d 4d As 7s] [2s]
a8c758fb: checks
Hero: bets 3,851
a8c758fb: folds
Uncalled bet (3,851) returned to Hero
*** SHOWDOWN ***
Hero collected 16,102 from pot
*** SUMMARY ***
Total pot 16,102 | Rake 0 | Jackpot 0 | Bingo 0 | Fortune 0 | Tax 0
Board [7d 4d As 7s 2s]
Seat 1: a8c758fb (big blind) folded on the River
Seat 2: Hero won (16,102)
Seat 3: 10486e72 folded before Flop
Seat 4: d6140095 folded before Flop
Seat 5: fdd1f299 folded on the Flop
Seat 6: b2fd596f folded before Flop
Seat 7: 85920fc3 (button) folded on the Flop
Seat 8: 40ca22b6 (small blind) folded before Flop


Poker Hand #TM5653562808: Tournament #267046848, Bounty Hunters Deepstack Turbo $8.88 Hold'em No Limit - Level8(250/500(75)) - 2026/03/02 15:22:52
Table '50' 8-max Seat #6 is the button
Seat 1: a8c758fb (21,430 in chips)
Seat 2: Hero (11,127 in chips)
Seat 3: 10486e72 (20,000 in chips)
Seat 4: d6140095 (24,435 in chips)
Seat 5: fdd1f299 (66,535 in chips)
Seat 6: b2fd596f (21,060 in chips)
Seat 7: 85920fc3 (72,346 in chips)
Seat 8: 40ca22b6 (29,201 in chips)
40ca22b6: posts the ante 75
Hero: posts the ante 75
fdd1f299: posts the ante 75
a8c758fb: posts the ante 75
b2fd596f: posts the ante 75
d6140095: posts the ante 75
10486e72: posts the ante 75
85920fc3: posts the ante 75
85920fc3: posts small blind 250
40ca22b6: posts big blind 500
*** HOLE CARDS ***
Dealt to a8c758fb 
Dealt to Hero [3c 9s]
Dealt to 10486e72 
Dealt to d6140095 
Dealt to fdd1f299 
Dealt to b2fd596f 
Dealt to 85920fc3 
Dealt to 40ca22b6 
a8c758fb: folds
Hero: folds
10486e72: folds
d6140095: folds
fdd1f299: folds
b2fd596f: raises 500 to 1,000
85920fc3: folds
40ca22b6: folds
Uncalled bet (500) returned to b2fd596f
*** SHOWDOWN ***
b2fd596f collected 1,850 from pot
*** SUMMARY ***
Total pot 1,850 | Rake 0 | Jackpot 0 | Bingo 0 | Fortune 0 | Tax 0
Seat 1: a8c758fb folded before Flop
Seat 2: Hero folded before Flop
Seat 3: 10486e72 folded before Flop
Seat 4: d6140095 folded before Flop
Seat 5: fdd1f299 folded before Flop
Seat 6: b2fd596f (button) collected (1,850)
Seat 7: 85920fc3 (small blind) folded before Flop
Seat 8: 40ca22b6 (big blind) folded before Flop


Poker Hand #TM5653562785: Tournament #267046848, Bounty Hunters Deepstack Turbo $8.88 Hold'em No Limit - Level8(250/500(75)) - 2026/03/02 15:20:50
Table '50' 8-max Seat #5 is the button
Seat 1: a8c758fb (21,505 in chips)
Seat 2: Hero (11,202 in chips)
Seat 3: b6f91f4e (17,800 in chips)
Seat 4: d6140095 (24,510 in chips)
Seat 5: fdd1f299 (40,006 in chips)
Seat 6: b2fd596f (28,414 in chips)
Seat 7: 85920fc3 (73,421 in chips)
Seat 8: 40ca22b6 (29,276 in chips)
40ca22b6: posts the ante 75
Hero: posts the ante 75
fdd1f299: posts the ante 75
a8c758fb: posts the ante 75
d6140095: posts the ante 75
b6f91f4e: posts the ante 75
85920fc3: posts the ante 75
b2fd596f: posts the ante 75
b2fd596f: posts small blind 250
85920fc3: posts big blind 500
*** HOLE CARDS ***
Dealt to a8c758fb 
Dealt to Hero [Kc 9h]
Dealt to b6f91f4e 
Dealt to d6140095 
Dealt to fdd1f299 
Dealt to b2fd596f 
Dealt to 85920fc3 
Dealt to 40ca22b6 
40ca22b6: folds
a8c758fb: folds
Hero: folds
b6f91f4e: raises 500 to 1,000
d6140095: folds
fdd1f299: calls 1,000
b2fd596f: calls 750
85920fc3: calls 500
*** FLOP *** [5d Th 4c]
b2fd596f: checks
85920fc3: checks
b6f91f4e: bets 1,518
fdd1f299: calls 1,518
b2fd596f: calls 1,518
85920fc3: folds
*** TURN *** [5d Th 4c] [7h]
b2fd596f: checks
b6f91f4e: bets 4,761
fdd1f299: calls 4,761
b2fd596f: calls 4,761
*** RIVER *** [5d Th 4c 7h] [4s]
b2fd596f: checks
b6f91f4e: bets 10,446 and is all-in
fdd1f299: calls 10,446
b2fd596f: folds
b6f91f4e: shows [Tc Kd] (two pair, Tens and Fours)
fdd1f299: shows [4d 4h] (four of a kind, Fours)
*** SHOWDOWN ***
fdd1f299 collected 44,329 from pot
*** SUMMARY ***
Total pot 44,329 | Rake 0 | Jackpot 0 | Bingo 0 | Fortune 0 | Tax 0
Board [5d Th 4c 7h 4s]
Seat 1: a8c758fb folded before Flop
Seat 2: Hero folded before Flop
Seat 3: b6f91f4e showed [Tc Kd] and lost with two pair, Tens and Fours
Seat 4: d6140095 folded before Flop
Seat 5: fdd1f299 (button) showed [4d 4h] and won (44,329) with four of a kind, Fours
Seat 6: b2fd596f (small blind) folded on the River
Seat 7: 85920fc3 (big blind) folded on the Flop
Seat 8: 40ca22b6 folded before Flop


Poker Hand #TM5653562777: Tournament #267046848, Bounty Hunters Deepstack Turbo $8.88 Hold'em No Limit - Level8(250/500(75)) - 2026/03/02 15:19:50
Table '50' 8-max Seat #4 is the button
Seat 1: a8c758fb (21,580 in chips)
Seat 2: Hero (11,277 in chips)
Seat 3: b6f91f4e (17,875 in chips)
Seat 4: d6140095 (24,585 in chips)
Seat 5: fdd1f299 (40,581 in chips)
Seat 6: b2fd596f (27,389 in chips)
Seat 7: 85920fc3 (73,496 in chips)
Seat 8: 40ca22b6 (29,351 in chips)
40ca22b6: posts the ante 75
Hero: posts the ante 75
fdd1f299: posts the ante 75
a8c758fb: posts the ante 75
d6140095: posts the ante 75
b6f91f4e: posts the ante 75
85920fc3: posts the ante 75
b2fd596f: posts the ante 75
fdd1f299: posts small blind 250
b2fd596f: posts big blind 500
*** HOLE CARDS ***
Dealt to a8c758fb 
Dealt to Hero [5c 2h]
Dealt to b6f91f4e 
Dealt to d6140095 
Dealt to fdd1f299 
Dealt to b2fd596f 
Dealt to 85920fc3 
Dealt to 40ca22b6 
85920fc3: folds
40ca22b6: folds
a8c758fb: folds
Hero: folds
b6f91f4e: folds
d6140095: folds
fdd1f299: calls 250
b2fd596f: checks
*** FLOP *** [Qc Ad 6c]
fdd1f299: checks
b2fd596f: checks
*** TURN *** [Qc Ad 6c] [5d]
fdd1f299: checks
b2fd596f: checks
*** RIVER *** [Qc Ad 6c 5d] [Th]
fdd1f299: checks
b2fd596f: bets 1,600
fdd1f299: folds
Uncalled bet (1,600) returned to b2fd596f
*** SHOWDOWN ***
b2fd596f collected 1,600 from pot
*** SUMMARY ***
Total pot 1,600 | Rake 0 | Jackpot 0 | Bingo 0 | Fortune 0 | Tax 0
Board [Qc Ad 6c 5d Th]
Seat 1: a8c758fb folded before Flop
Seat 2: Hero folded before Flop
Seat 3: b6f91f4e folded before Flop
Seat 4: d6140095 (button) folded before Flop
Seat 5: fdd1f299 (small blind) folded on the River
Seat 6: b2fd596f (big blind) won (1,600)
Seat 7: 85920fc3 folded before Flop
Seat 8: 40ca22b6 folded before Flop


Poker Hand #TM5653562765: Tournament #267046848, Bounty Hunters Deepstack Turbo $8.88 Hold'em No Limit - Level7(200/400(60)) - 2026/03/02 15:18:30
Table '50' 8-max Seat #3 is the button
Seat 1: a8c758fb (21,640 in chips)
Seat 2: Hero (11,337 in chips)
Seat 3: b6f91f4e (17,935 in chips)
Seat 4: d6140095 (19,884 in chips)
Seat 5: fdd1f299 (44,922 in chips)
Seat 6: b2fd596f (27,449 in chips)
Seat 7: 85920fc3 (73,556 in chips)
Seat 8: 40ca22b6 (29,411 in chips)
40ca22b6: posts the ante 60
Hero: posts the ante 60
fdd1f299: posts the ante 60
a8c758fb: posts the ante 60
b6f91f4e: posts the ante 60
85920fc3: posts the ante 60
b2fd596f: posts the ante 60
d6140095: posts the ante 60
d6140095: posts small blind 200
fdd1f299: posts big blind 400
*** HOLE CARDS ***
Dealt to a8c758fb 
Dealt to Hero [6s 4c]
Dealt to b6f91f4e 
Dealt to d6140095 
Dealt to fdd1f299 
Dealt to b2fd596f 
Dealt to 85920fc3 
Dealt to 40ca22b6 
b2fd596f: folds
85920fc3: folds
40ca22b6: folds
a8c758fb: folds
Hero: folds
b6f91f4e: folds
d6140095: raises 1,000 to 1,400
fdd1f299: calls 1,000
*** FLOP *** [Tc 6d Qd]
d6140095: checks
fdd1f299: bets 1,083
d6140095: calls 1,083
*** TURN *** [Tc 6d Qd] [6c]
d6140095: checks
fdd1f299: bets 1,798
d6140095: calls 1,798
*** RIVER *** [Tc 6d Qd 6c] [Ks]
d6140095: checks
fdd1f299: checks
d6140095: shows [As Ts] (two pair, Tens and Sixes)
fdd1f299: shows [2h 2d] (two pair, Sixes and Twos)
*** SHOWDOWN ***
d6140095 collected 9,042 from pot
*** SUMMARY ***
Total pot 9,042 | Rake 0 | Jackpot 0 | Bingo 0 | Fortune 0 | Tax 0
Board [Tc 6d Qd 6c Ks]
Seat 1: a8c758fb folded before Flop
Seat 2: Hero folded before Flop
Seat 3: b6f91f4e (button) folded before Flop
Seat 4: d6140095 (small blind) showed [As Ts] and won (9,042) with two pair, Tens and Sixes
Seat 5: fdd1f299 (big blind) showed [2h 2d] and lost with two pair, Sixes and Twos
Seat 6: b2fd596f folded before Flop
Seat 7: 85920fc3 folded before Flop
Seat 8: 40ca22b6 folded before Flop


Poker Hand #TM5653562758: Tournament #267046848, Bounty Hunters Deepstack Turbo $8.88 Hold'em No Limit - Level7(200/400(60)) - 2026/03/02 15:17:38
Table '50' 8-max Seat #2 is the button
Seat 1: a8c758fb (21,700 in chips)
Seat 2: Hero (11,397 in chips)
Seat 3: b6f91f4e (18,795 in chips)
Seat 4: d6140095 (20,344 in chips)
Seat 5: fdd1f299 (44,982 in chips)
Seat 6: b2fd596f (25,829 in chips)
Seat 7: 85920fc3 (73,616 in chips)
Seat 8: 40ca22b6 (29,471 in chips)
40ca22b6: posts the ante 60
Hero: posts the ante 60
fdd1f299: posts the ante 60
a8c758fb: posts the ante 60
85920fc3: posts the ante 60
b2fd596f: posts the ante 60
d6140095: posts the ante 60
b6f91f4e: posts the ante 60
b6f91f4e: posts small blind 200
d6140095: posts big blind 400
*** HOLE CARDS ***
Dealt to a8c758fb 
Dealt to Hero [7h 5c]
Dealt to b6f91f4e 
Dealt to d6140095 
Dealt to fdd1f299 
Dealt to b2fd596f 
Dealt to 85920fc3 
Dealt to 40ca22b6 
fdd1f299: folds
b2fd596f: raises 400 to 800
85920fc3: folds
40ca22b6: folds
a8c758fb: folds
Hero: folds
b6f91f4e: calls 600
d6140095: folds
*** FLOP *** [Jh Ks 6s]
b6f91f4e: checks
b2fd596f: checks
*** TURN *** [Jh Ks 6s] [Kh]
b6f91f4e: checks
b2fd596f: bets 1,860
b6f91f4e: folds
Uncalled bet (1,860) returned to b2fd596f
*** SHOWDOWN ***
b2fd596f collected 2,480 from pot
*** SUMMARY ***
Total pot 2,480 | Rake 0 | Jackpot 0 | Bingo 0 | Fortune 0 | Tax 0
Board [Jh Ks 6s Kh]
Seat 1: a8c758fb folded before Flop
Seat 2: Hero (button) folded before Flop
Seat 3: b6f91f4e (small blind) folded on the Turn
Seat 4: d6140095 (big blind) folded before Flop
Seat 5: fdd1f299 folded before Flop
Seat 6: b2fd596f won (2,480)
Seat 7: 85920fc3 folded before Flop
Seat 8: 40ca22b6 folded before Flop


Poker Hand #TM5653562743: Tournament #267046848, Bounty Hunters Deepstack Turbo $8.88 Hold'em No Limit - Level7(200/400(60)) - 2026/03/02 15:16:20
Table '50' 8-max Seat #1 is the button
Seat 1: a8c758fb (21,760 in chips)
Seat 2: Hero (11,857 in chips)
Seat 3: b6f91f4e (21,570 in chips)
Seat 4: d6140095 (16,809 in chips)
Seat 5: fdd1f299 (45,042 in chips)
Seat 6: b2fd596f (25,889 in chips)
Seat 7: 85920fc3 (73,676 in chips)
Seat 8: 40ca22b6 (29,531 in chips)
40ca22b6: posts the ante 60
Hero: posts the ante 60
fdd1f299: posts the ante 60
a8c758fb: posts the ante 60
85920fc3: posts the ante 60
b2fd596f: posts the ante 60
d6140095: posts the ante 60
b6f91f4e: posts the ante 60
Hero: posts small blind 200
b6f91f4e: posts big blind 400
*** HOLE CARDS ***
Dealt to a8c758fb 
Dealt to Hero [Qh 9c]
Dealt to b6f91f4e 
Dealt to d6140095 
Dealt to fdd1f299 
Dealt to b2fd596f 
Dealt to 85920fc3 
Dealt to 40ca22b6 
d6140095: calls 400
fdd1f299: folds
b2fd596f: folds
85920fc3: folds
40ca22b6: folds
a8c758fb: folds
Hero: calls 200
b6f91f4e: checks
*** FLOP *** [Ks Qd Th]
Hero: checks
b6f91f4e: checks
d6140095: bets 555
Hero: folds
b6f91f4e: calls 555
*** TURN *** [Ks Qd Th] [4d]
b6f91f4e: checks
d6140095: bets 1,760
b6f91f4e: calls 1,760
*** RIVER *** [Ks Qd Th 4d] [Js]
b6f91f4e: checks
d6140095: checks
b6f91f4e: shows [5s Kh] (a pair of Kings)
d6140095: shows [8h 9h] (a straight, King to Nine)
*** SHOWDOWN ***
d6140095 collected 6,310 from pot
*** SUMMARY ***
Total pot 6,310 | Rake 0 | Jackpot 0 | Bingo 0 | Fortune 0 | Tax 0
Board [Ks Qd Th 4d Js]
Seat 1: a8c758fb (button) folded before Flop
Seat 2: Hero (small blind) folded on the Flop
Seat 3: b6f91f4e (big blind) showed [5s Kh] and lost with a pair of Kings
Seat 4: d6140095 showed [8h 9h] and won (6,310) with a straight, King to Nine
Seat 5: fdd1f299 folded before Flop
Seat 6: b2fd596f folded before Flop
Seat 7: 85920fc3 folded before Flop
Seat 8: 40ca22b6 folded before Flop


Poker Hand #TM5653562735: Tournament #267046848, Bounty Hunters Deepstack Turbo $8.88 Hold'em No Limit - Level7(200/400(60)) - 2026/03/02 15:15:27
Table '50' 8-max Seat #8 is the button
Seat 1: a8c758fb (22,020 in chips)
Seat 2: Hero (12,317 in chips)
Seat 3: b6f91f4e (21,630 in chips)
Seat 4: d6140095 (17,709 in chips)
Seat 5: fdd1f299 (45,942 in chips)
Seat 6: b2fd596f (25,949 in chips)
Seat 7: 85920fc3 (74,576 in chips)
Seat 8: 40ca22b6 (25,991 in chips)
40ca22b6: posts the ante 60
Hero: posts the ante 60
fdd1f299: posts the ante 60
a8c758fb: posts the ante 60
85920fc3: posts the ante 60
b2fd596f: posts the ante 60
d6140095: posts the ante 60
b6f91f4e: posts the ante 60
a8c758fb: posts small blind 200
Hero: posts big blind 400
*** HOLE CARDS ***
Dealt to a8c758fb 
Dealt to Hero [4c 9s]
Dealt to b6f91f4e 
Dealt to d6140095 
Dealt to fdd1f299 
Dealt to b2fd596f 
Dealt to 85920fc3 
Dealt to 40ca22b6 
b6f91f4e: folds
d6140095: raises 440 to 840
fdd1f299: calls 840
b2fd596f: folds
85920fc3: calls 840
40ca22b6: raises 4,440 to 5,280
a8c758fb: folds
Hero: folds
d6140095: folds
fdd1f299: folds
85920fc3: folds
Uncalled bet (4,440) returned to 40ca22b6
*** SHOWDOWN ***
40ca22b6 collected 4,440 from pot
*** SUMMARY ***
Total pot 4,440 | Rake 0 | Jackpot 0 | Bingo 0 | Fortune 0 | Tax 0
Seat 1: a8c758fb (small blind) folded before Flop
Seat 2: Hero (big blind) folded before Flop
Seat 3: b6f91f4e folded before Flop
Seat 4: d6140095 folded before Flop
Seat 5: fdd1f299 folded before Flop
Seat 6: b2fd596f folded before Flop
Seat 7: 85920fc3 folded before Flop
Seat 8: 40ca22b6 (button) collected (4,440)


Poker Hand #TM5653562724: Tournament #267046848, Bounty Hunters Deepstack Turbo $8.88 Hold'em No Limit - Level7(200/400(60)) - 2026/03/02 15:14:21
Table '50' 8-max Seat #7 is the button
Seat 1: a8c758fb (22,480 in chips)
Seat 2: Hero (12,377 in chips)
Seat 3: b6f91f4e (21,690 in chips)
Seat 4: d6140095 (17,769 in chips)
Seat 5: fdd1f299 (39,685 in chips)
Seat 6: b2fd596f (26,009 in chips)
Seat 7: 85920fc3 (79,873 in chips)
Seat 8: 40ca22b6 (26,251 in chips)
40ca22b6: posts the ante 60
Hero: posts the ante 60
fdd1f299: posts the ante 60
a8c758fb: posts the ante 60
85920fc3: posts the ante 60
b2fd596f: posts the ante 60
d6140095: posts the ante 60
b6f91f4e: posts the ante 60
40ca22b6: posts small blind 200
a8c758fb: posts big blind 400
*** HOLE CARDS ***
Dealt to a8c758fb 
Dealt to Hero [Qd 3d]
Dealt to b6f91f4e 
Dealt to d6140095 
Dealt to fdd1f299 
Dealt to b2fd596f 
Dealt to 85920fc3 
Dealt to 40ca22b6 
Hero: folds
b6f91f4e: folds
d6140095: folds
fdd1f299: raises 800 to 1,200
b2fd596f: folds
85920fc3: raises 1,740 to 2,940
40ca22b6: folds
a8c758fb: folds
fdd1f299: calls 1,740
*** FLOP *** [Qh 4h 7s]
fdd1f299: checks
85920fc3: bets 2,297
fdd1f299: calls 2,297
*** TURN *** [Qh 4h 7s] [9h]
fdd1f299: checks
85920fc3: checks
*** RIVER *** [Qh 4h 7s 9h] [4d]
fdd1f299: bets 5,777
85920fc3: folds
Uncalled bet (5,777) returned to fdd1f299
*** SHOWDOWN ***
fdd1f299 collected 11,554 from pot
*** SUMMARY ***
Total pot 11,554 | Rake 0 | Jackpot 0 | Bingo 0 | Fortune 0 | Tax 0
Board [Qh 4h 7s 9h 4d]
Seat 1: a8c758fb (big blind) folded before Flop
Seat 2: Hero folded before Flop
Seat 3: b6f91f4e folded before Flop
Seat 4: d6140095 folded before Flop
Seat 5: fdd1f299 won (11,554)
Seat 6: b2fd596f folded before Flop
Seat 7: 85920fc3 (button) folded on the River
Seat 8: 40ca22b6 (small blind) folded before Flop


Poker Hand #TM5653562709: Tournament #267046848, Bounty Hunters Deepstack Turbo $8.88 Hold'em No Limit - Level7(200/400(60)) - 2026/03/02 15:13:01
Table '50' 8-max Seat #6 is the button
Seat 1: a8c758fb (26,945 in chips)
Seat 2: Hero (12,437 in chips)
Seat 3: b6f91f4e (22,550 in chips)
Seat 4: d6140095 (17,829 in chips)
Seat 5: fdd1f299 (33,060 in chips)
Seat 6: b2fd596f (26,069 in chips)
Seat 7: 85920fc3 (80,133 in chips)
Seat 8: 40ca22b6 (27,111 in chips)
40ca22b6: posts the ante 60
Hero: posts the ante 60
fdd1f299: posts the ante 60
a8c758fb: posts the ante 60
b2fd596f: posts the ante 60
d6140095: posts the ante 60
b6f91f4e: posts the ante 60
85920fc3: posts the ante 60
85920fc3: posts small blind 200
40ca22b6: posts big blind 400
*** HOLE CARDS ***
Dealt to a8c758fb 
Dealt to Hero [Ad 2s]
Dealt to b6f91f4e 
Dealt to d6140095 
Dealt to fdd1f299 
Dealt to b2fd596f 
Dealt to 85920fc3 
Dealt to 40ca22b6 
a8c758fb: calls 400
Hero: folds
b6f91f4e: raises 400 to 800
d6140095: folds
fdd1f299: calls 800
b2fd596f: folds
85920fc3: folds
40ca22b6: calls 400
a8c758fb: calls 400
*** FLOP *** [7d Jc 4d]
40ca22b6: checks
a8c758fb: bets 1,400
b6f91f4e: folds
fdd1f299: calls 1,400
40ca22b6: folds
*** TURN *** [7d Jc 4d] [2d]
a8c758fb: checks
fdd1f299: bets 2,205
a8c758fb: calls 2,205
*** RIVER *** [7d Jc 4d 2d] [5d]
a8c758fb: checks
fdd1f299: checks
a8c758fb: shows [Kh Jh] (a pair of Jacks)
fdd1f299: shows [7h 7c] (three of a kind, Sevens)
*** SHOWDOWN ***
fdd1f299 collected 11,090 from pot
*** SUMMARY ***
Total pot 11,090 | Rake 0 | Jackpot 0 | Bingo 0 | Fortune 0 | Tax 0
Board [7d Jc 4d 2d 5d]
Seat 1: a8c758fb showed [Kh Jh] and lost with a pair of Jacks
Seat 2: Hero folded before Flop
Seat 3: b6f91f4e folded on the Flop
Seat 4: d6140095 folded before Flop
Seat 5: fdd1f299 showed [7h 7c] and won (11,090) with three of a kind, Sevens
Seat 6: b2fd596f (button) folded before Flop
Seat 7: 85920fc3 (small blind) folded before Flop
Seat 8: 40ca22b6 (big blind) folded on the Flop


Poker Hand #TM5653562692: Tournament #267046848, Bounty Hunters Deepstack Turbo $8.88 Hold'em No Limit - Level7(200/400(60)) - 2026/03/02 15:11:37
Table '50' 8-max Seat #5 is the button
Seat 1: a8c758fb (27,005 in chips)
Seat 2: Hero (12,497 in chips)
Seat 3: b6f91f4e (23,410 in chips)
Seat 4: d6140095 (17,889 in chips)
Seat 5: fdd1f299 (33,120 in chips)
Seat 6: b2fd596f (26,329 in chips)
Seat 7: 85920fc3 (78,713 in chips)
Seat 8: 40ca22b6 (27,171 in chips)
40ca22b6: posts the ante 60
Hero: posts the ante 60
fdd1f299: posts the ante 60
a8c758fb: posts the ante 60
d6140095: posts the ante 60
b6f91f4e: posts the ante 60
85920fc3: posts the ante 60
b2fd596f: posts the ante 60
b2fd596f: posts small blind 200
85920fc3: posts big blind 400
*** HOLE CARDS ***
Dealt to a8c758fb 
Dealt to Hero [2h Ad]
Dealt to b6f91f4e 
Dealt to d6140095 
Dealt to fdd1f299 
Dealt to b2fd596f 
Dealt to 85920fc3 
Dealt to 40ca22b6 
40ca22b6: folds
a8c758fb: folds
Hero: folds
b6f91f4e: raises 400 to 800
d6140095: folds
fdd1f299: folds
b2fd596f: folds
85920fc3: calls 400
*** FLOP *** [6h 9d 4s]
85920fc3: checks
b6f91f4e: checks
*** TURN *** [6h 9d 4s] [6s]
85920fc3: bets 1,140
b6f91f4e: folds
Uncalled bet (1,140) returned to 85920fc3
*** SHOWDOWN ***
85920fc3 collected 2,280 from pot
*** SUMMARY ***
Total pot 2,280 | Rake 0 | Jackpot 0 | Bingo 0 | Fortune 0 | Tax 0
Board [6h 9d 4s 6s]
Seat 1: a8c758fb folded before Flop
Seat 2: Hero folded before Flop
Seat 3: b6f91f4e folded on the Turn
Seat 4: d6140095 folded before Flop
Seat 5: fdd1f299 (button) folded before Flop
Seat 6: b2fd596f (small blind) folded before Flop
Seat 7: 85920fc3 (big blind) won (2,280)
Seat 8: 40ca22b6 folded before Flop


Poker Hand #TM5653562677: Tournament #267046848, Bounty Hunters Deepstack Turbo $8.88 Hold'em No Limit - Level6(150/300(45)) - 2026/03/02 15:10:12
Table '50' 8-max Seat #4 is the button
Seat 1: a8c758fb (27,050 in chips)
Seat 2: Hero (12,542 in chips)
Seat 3: b6f91f4e (23,455 in chips)
Seat 4: d6140095 (15,015 in chips)
Seat 5: fdd1f299 (33,315 in chips)
Seat 6: b2fd596f (26,674 in chips)
Seat 7: 85920fc3 (80,867 in chips)
Seat 8: 40ca22b6 (27,216 in chips)
40ca22b6: posts the ante 45
Hero: posts the ante 45
fdd1f299: posts the ante 45
a8c758fb: posts the ante 45
d6140095: posts the ante 45
b6f91f4e: posts the ante 45
85920fc3: posts the ante 45
b2fd596f: posts the ante 45
fdd1f299: posts small blind 150
b2fd596f: posts big blind 300
*** HOLE CARDS ***
Dealt to a8c758fb 
Dealt to Hero [2h Ad]
Dealt to b6f91f4e 
Dealt to d6140095 
Dealt to fdd1f299 
Dealt to b2fd596f 
Dealt to 85920fc3 
Dealt to 40ca22b6 
85920fc3: raises 360 to 660
40ca22b6: folds
a8c758fb: folds
Hero: folds
b6f91f4e: folds
d6140095: calls 660
fdd1f299: folds
b2fd596f: folds
*** FLOP *** [6d Td Js]
85920fc3: checks
d6140095: bets 1,449
85920fc3: calls 1,449
*** TURN *** [6d Td Js] [4s]
85920fc3: checks
d6140095: checks
*** RIVER *** [6d Td Js 4s] [Jc]
85920fc3: checks
d6140095: bets 2,340
85920fc3: folds
Uncalled bet (2,340) returned to d6140095
*** SHOWDOWN ***
d6140095 collected 5,028 from pot
*** SUMMARY ***
Total pot 5,028 | Rake 0 | Jackpot 0 | Bingo 0 | Fortune 0 | Tax 0
Board [6d Td Js 4s Jc]
Seat 1: a8c758fb folded before Flop
Seat 2: Hero folded before Flop
Seat 3: b6f91f4e folded before Flop
Seat 4: d6140095 (button) won (5,028)
Seat 5: fdd1f299 (small blind) folded before Flop
Seat 6: b2fd596f (big blind) folded before Flop
Seat 7: 85920fc3 folded on the River
Seat 8: 40ca22b6 folded before Flop


Poker Hand #TM5653562668: Tournament #267046848, Bounty Hunters Deepstack Turbo $8.88 Hold'em No Limit - Level6(150/300(45)) - 2026/03/02 15:09:15
Table '50' 8-max Seat #3 is the button
Seat 2: Hero (12,587 in chips)
Seat 3: b6f91f4e (23,500 in chips)
Seat 4: d6140095 (15,720 in chips)
Seat 5: fdd1f299 (34,020 in chips)
Seat 6: b2fd596f (26,719 in chips)
Seat 7: 85920fc3 (79,277 in chips)
Seat 8: 40ca22b6 (27,261 in chips)
40ca22b6: posts the ante 45
Hero: posts the ante 45
fdd1f299: posts the ante 45
b6f91f4e: posts the ante 45
85920fc3: posts the ante 45
b2fd596f: posts the ante 45
d6140095: posts the ante 45
d6140095: posts small blind 150
fdd1f299: posts big blind 300
*** HOLE CARDS ***
Dealt to Hero [2s 3s]
Dealt to b6f91f4e 
Dealt to d6140095 
Dealt to fdd1f299 
Dealt to b2fd596f 
Dealt to 85920fc3 
Dealt to 40ca22b6 
b2fd596f: folds
85920fc3: raises 360 to 660
40ca22b6: folds
Hero: folds
b6f91f4e: folds
d6140095: calls 510
fdd1f299: calls 360
*** FLOP *** [5s 7d Qc]
d6140095: checks
fdd1f299: checks
85920fc3: checks
*** TURN *** [5s 7d Qc] [Kh]
d6140095: checks
fdd1f299: checks
85920fc3: bets 758
d6140095: folds
fdd1f299: folds
Uncalled bet (758) returned to 85920fc3
*** SHOWDOWN ***
85920fc3 collected 2,295 from pot
*** SUMMARY ***
Total pot 2,295 | Rake 0 | Jackpot 0 | Bingo 0 | Fortune 0 | Tax 0
Board [5s 7d Qc Kh]
Seat 2: Hero folded before Flop
Seat 3: b6f91f4e (button) folded before Flop
Seat 4: d6140095 (small blind) folded on the Turn
Seat 5: fdd1f299 (big blind) folded on the Turn
Seat 6: b2fd596f folded before Flop
Seat 7: 85920fc3 won (2,295)
Seat 8: 40ca22b6 folded before Flop


Poker Hand #TM5653562659: Tournament #267046848, Bounty Hunters Deepstack Turbo $8.88 Hold'em No Limit - Level6(150/300(45)) - 2026/03/02 15:08:40
Table '50' 8-max Seat #2 is the button
Seat 2: Hero (12,632 in chips)
Seat 3: b6f91f4e (23,695 in chips)
Seat 4: d6140095 (14,700 in chips)
Seat 5: fdd1f299 (34,065 in chips)
Seat 6: b2fd596f (26,764 in chips)
Seat 7: 85920fc3 (79,322 in chips)
Seat 8: 40ca22b6 (27,906 in chips)
40ca22b6: posts the ante 45
Hero: posts the ante 45
fdd1f299: posts the ante 45
85920fc3: posts the ante 45
b2fd596f: posts the ante 45
d6140095: posts the ante 45
b6f91f4e: posts the ante 45
b6f91f4e: posts small blind 150
d6140095: posts big blind 300
*** HOLE CARDS ***
Dealt to Hero [9h 3s]
Dealt to b6f91f4e 
Dealt to d6140095 
Dealt to fdd1f299 
Dealt to b2fd596f 
Dealt to 85920fc3 
Dealt to 40ca22b6 
fdd1f299: folds
b2fd596f: folds
85920fc3: folds
40ca22b6: raises 300 to 600
Hero: folds
b6f91f4e: folds
d6140095: raises 2,400 to 3,000
40ca22b6: folds
Uncalled bet (2,400) returned to d6140095
*** SHOWDOWN ***
d6140095 collected 1,665 from pot
*** SUMMARY ***
Total pot 1,665 | Rake 0 | Jackpot 0 | Bingo 0 | Fortune 0 | Tax 0
Seat 2: Hero (button) folded before Flop
Seat 3: b6f91f4e (small blind) folded before Flop
Seat 4: d6140095 (big blind) collected (1,665)
Seat 5: fdd1f299 folded before Flop
Seat 6: b2fd596f folded before Flop
Seat 7: 85920fc3 folded before Flop
Seat 8: 40ca22b6 folded before Flop


Poker Hand #TM5653562647: Tournament #267046848, Bounty Hunters Deepstack Turbo $8.88 Hold'em No Limit - Level6(150/300(45)) - 2026/03/02 15:07:05
Table '50' 8-max Seat #8 is the button
Seat 1: 43c23bd2 (23,154 in chips)
Seat 2: Hero (13,277 in chips)
Seat 3: b6f91f4e (23,740 in chips)
Seat 4: d6140095 (14,745 in chips)
Seat 5: fdd1f299 (34,710 in chips)
Seat 6: b2fd596f (27,409 in chips)
Seat 7: 85920fc3 (53,498 in chips)
Seat 8: 40ca22b6 (28,551 in chips)
40ca22b6: posts the ante 45
Hero: posts the ante 45
fdd1f299: posts the ante 45
85920fc3: posts the ante 45
b2fd596f: posts the ante 45
d6140095: posts the ante 45
b6f91f4e: posts the ante 45
43c23bd2: posts the ante 45
43c23bd2: posts small blind 150
Hero: posts big blind 300
*** HOLE CARDS ***
Dealt to 43c23bd2 
Dealt to Hero [Ac 6c]
Dealt to b6f91f4e 
Dealt to d6140095 
Dealt to fdd1f299 
Dealt to b2fd596f 
Dealt to 85920fc3 
Dealt to 40ca22b6 
b6f91f4e: folds
d6140095: folds
fdd1f299: calls 300
b2fd596f: raises 300 to 600
85920fc3: calls 600
40ca22b6: calls 600
43c23bd2: calls 450
Hero: calls 300
fdd1f299: calls 300
*** FLOP *** [2s Jc 6d]
43c23bd2: bets 1,980
Hero: folds
fdd1f299: folds
b2fd596f: folds
85920fc3: calls 1,980
40ca22b6: folds
*** TURN *** [2s Jc 6d] [Jd]
43c23bd2: bets 2,614
85920fc3: raises 4,339 to 6,953
43c23bd2: calls 4,339
*** RIVER *** [2s Jc 6d Jd] [Th]
43c23bd2: bets 10,913
85920fc3: raises 33,007 to 43,920 and is all-in
43c23bd2: calls 2,663 and is all-in
Uncalled bet (30,344) returned to 85920fc3
85920fc3: shows [2c 2d] (a full house, Twos full of Jacks)
43c23bd2: shows [Qc Jh] (three of a kind, Jacks)
*** SHOWDOWN ***
85920fc3 collected 48,978 from pot
*** SUMMARY ***
Total pot 48,978 | Rake 0 | Jackpot 0 | Bingo 0 | Fortune 0 | Tax 0
Board [2s Jc 6d Jd Th]
Seat 1: 43c23bd2 (small blind) showed [Qc Jh] and lost with three of a kind, Jacks
Seat 2: Hero (big blind) folded on the Flop
Seat 3: b6f91f4e folded before Flop
Seat 4: d6140095 folded before Flop
Seat 5: fdd1f299 folded on the Flop
Seat 6: b2fd596f folded on the Flop
Seat 7: 85920fc3 showed [2c 2d] and won (48,978) with a full house, Twos full of Jacks
Seat 8: 40ca22b6 (button) folded on the Flop


Poker Hand #TM5653562639: Tournament #267046848, Bounty Hunters Deepstack Turbo $8.88 Hold'em No Limit - Level6(150/300(45)) - 2026/03/02 15:06:32
Table '50' 8-max Seat #7 is the button
Seat 1: 43c23bd2 (22,539 in chips)
Seat 2: Hero (13,322 in chips)
Seat 3: b6f91f4e (23,785 in chips)
Seat 4: d6140095 (14,790 in chips)
Seat 5: fdd1f299 (34,755 in chips)
Seat 6: b2fd596f (27,454 in chips)
Seat 7: 85920fc3 (53,543 in chips)
Seat 8: 40ca22b6 (28,896 in chips)
40ca22b6: posts the ante 45
Hero: posts the ante 45
fdd1f299: posts the ante 45
85920fc3: posts the ante 45
b2fd596f: posts the ante 45
d6140095: posts the ante 45
b6f91f4e: posts the ante 45
43c23bd2: posts the ante 45
40ca22b6: posts small blind 150
43c23bd2: posts big blind 300
*** HOLE CARDS ***
Dealt to 43c23bd2 
Dealt to Hero [6h 3h]
Dealt to b6f91f4e 
Dealt to d6140095 
Dealt to fdd1f299 
Dealt to b2fd596f 
Dealt to 85920fc3 
Dealt to 40ca22b6 
Hero: folds
b6f91f4e: folds
d6140095: folds
fdd1f299: folds
b2fd596f: folds
85920fc3: folds
40ca22b6: calls 150
43c23bd2: checks
*** FLOP *** [Jd 5h 7d]
40ca22b6: checks
43c23bd2: checks
*** TURN *** [Jd 5h 7d] [2h]
40ca22b6: checks
43c23bd2: bets 480
40ca22b6: folds
Uncalled bet (480) returned to 43c23bd2
*** SHOWDOWN ***
43c23bd2 collected 960 from pot
*** SUMMARY ***
Total pot 960 | Rake 0 | Jackpot 0 | Bingo 0 | Fortune 0 | Tax 0
Board [Jd 5h 7d 2h]
Seat 1: 43c23bd2 (big blind) won (960)
Seat 2: Hero folded before Flop
Seat 3: b6f91f4e folded before Flop
Seat 4: d6140095 folded before Flop
Seat 5: fdd1f299 folded before Flop
Seat 6: b2fd596f folded before Flop
Seat 7: 85920fc3 (button) folded before Flop
Seat 8: 40ca22b6 (small blind) folded on the Turn


Poker Hand #TM5653562633: Tournament #267046848, Bounty Hunters Deepstack Turbo $8.88 Hold'em No Limit - Level6(150/300(45)) - 2026/03/02 15:05:54
Table '50' 8-max Seat #6 is the button
Seat 1: 43c23bd2 (22,584 in chips)
Seat 2: Hero (13,367 in chips)
Seat 3: b6f91f4e (24,430 in chips)
Seat 4: d6140095 (14,835 in chips)
Seat 5: fdd1f299 (34,800 in chips)
Seat 6: b2fd596f (27,499 in chips)
Seat 7: 85920fc3 (53,738 in chips)
Seat 8: 40ca22b6 (27,831 in chips)
40ca22b6: posts the ante 45
Hero: posts the ante 45
fdd1f299: posts the ante 45
b2fd596f: posts the ante 45
d6140095: posts the ante 45
b6f91f4e: posts the ante 45
85920fc3: posts the ante 45
43c23bd2: posts the ante 45
85920fc3: posts small blind 150
40ca22b6: posts big blind 300
*** HOLE CARDS ***
Dealt to 43c23bd2 
Dealt to Hero [Ks 7c]
Dealt to b6f91f4e 
Dealt to d6140095 
Dealt to fdd1f299 
Dealt to b2fd596f 
Dealt to 85920fc3 
Dealt to 40ca22b6 
43c23bd2: folds
Hero: folds
b6f91f4e: raises 300 to 600
d6140095: folds
fdd1f299: folds
b2fd596f: folds
85920fc3: folds
40ca22b6: raises 1,650 to 2,250
b6f91f4e: folds
Uncalled bet (1,650) returned to 40ca22b6
*** SHOWDOWN ***
40ca22b6 collected 1,710 from pot
*** SUMMARY ***
Total pot 1,710 | Rake 0 | Jackpot 0 | Bingo 0 | Fortune 0 | Tax 0
Seat 1: 43c23bd2 folded before Flop
Seat 2: Hero folded before Flop
Seat 3: b6f91f4e folded before Flop
Seat 4: d6140095 folded before Flop
Seat 5: fdd1f299 folded before Flop
Seat 6: b2fd596f (button) folded before Flop
Seat 7: 85920fc3 (small blind) folded before Flop
Seat 8: 40ca22b6 (big blind) collected (1,710)


Poker Hand #TM5653562621: Tournament #267046848, Bounty Hunters Deepstack Turbo $8.88 Hold'em No Limit - Level6(150/300(45)) - 2026/03/02 15:05:01
Table '50' 8-max Seat #5 is the button
Seat 1: 43c23bd2 (22,629 in chips)
Seat 2: Hero (13,412 in chips)
Seat 3: b6f91f4e (24,475 in chips)
Seat 4: d6140095 (14,880 in chips)
Seat 5: fdd1f299 (34,845 in chips)
Seat 6: b2fd596f (28,924 in chips)
Seat 7: 85920fc3 (52,043 in chips)
Seat 8: 40ca22b6 (27,876 in chips)
40ca22b6: posts the ante 45
Hero: posts the ante 45
fdd1f299: posts the ante 45
d6140095: posts the ante 45
b6f91f4e: posts the ante 45
85920fc3: posts the ante 45
b2fd596f: posts the ante 45
43c23bd2: posts the ante 45
b2fd596f: posts small blind 150
85920fc3: posts big blind 300
*** HOLE CARDS ***
Dealt to 43c23bd2 
Dealt to Hero [5d Qd]
Dealt to b6f91f4e 
Dealt to d6140095 
Dealt to fdd1f299 
Dealt to b2fd596f 
Dealt to 85920fc3 
Dealt to 40ca22b6 
40ca22b6: folds
43c23bd2: folds
Hero: folds
b6f91f4e: folds
d6140095: folds
fdd1f299: folds
b2fd596f: raises 300 to 600
85920fc3: raises 780 to 1,380
b2fd596f: calls 780
*** FLOP *** [2c 3h Ac]
b2fd596f: checks
85920fc3: bets 1,560
b2fd596f: folds
Uncalled bet (1,560) returned to 85920fc3
*** SHOWDOWN ***
85920fc3 collected 3,120 from pot
*** SUMMARY ***
Total pot 3,120 | Rake 0 | Jackpot 0 | Bingo 0 | Fortune 0 | Tax 0
Board [2c 3h Ac]
Seat 1: 43c23bd2 folded before Flop
Seat 2: Hero folded before Flop
Seat 3: b6f91f4e folded before Flop
Seat 4: d6140095 folded before Flop
Seat 5: fdd1f299 (button) folded before Flop
Seat 6: b2fd596f (small blind) folded on the Flop
Seat 7: 85920fc3 (big blind) won (3,120)
Seat 8: 40ca22b6 folded before Flop


Poker Hand #TM5653562607: Tournament #267046848, Bounty Hunters Deepstack Turbo $8.88 Hold'em No Limit - Level6(150/300(45)) - 2026/03/02 15:03:37
Table '50' 8-max Seat #4 is the button
Seat 1: 43c23bd2 (22,674 in chips)
Seat 2: Hero (14,057 in chips)
Seat 3: b6f91f4e (24,520 in chips)
Seat 4: d6140095 (17,985 in chips)
Seat 5: fdd1f299 (32,880 in chips)
Seat 6: b2fd596f (26,959 in chips)
Seat 7: 85920fc3 (52,088 in chips)
Seat 8: 40ca22b6 (27,921 in chips)
40ca22b6: posts the ante 45
Hero: posts the ante 45
fdd1f299: posts the ante 45
d6140095: posts the ante 45
b6f91f4e: posts the ante 45
85920fc3: posts the ante 45
b2fd596f: posts the ante 45
43c23bd2: posts the ante 45
fdd1f299: posts small blind 150
b2fd596f: posts big blind 300
*** HOLE CARDS ***
Dealt to 43c23bd2 
Dealt to Hero [Td Ks]
Dealt to b6f91f4e 
Dealt to d6140095 
Dealt to fdd1f299 
Dealt to b2fd596f 
Dealt to 85920fc3 
Dealt to 40ca22b6 
85920fc3: folds
40ca22b6: folds
43c23bd2: folds
Hero: raises 300 to 600
b6f91f4e: folds
d6140095: calls 600
fdd1f299: raises 2,460 to 3,060
b2fd596f: calls 2,760
Hero: folds
d6140095: calls 2,460
*** FLOP *** [Kh Js Th]
fdd1f299: bets 3,347
b2fd596f: calls 3,347
d6140095: folds
*** TURN *** [Kh Js Th] [4d]
fdd1f299: bets 5,556
b2fd596f: raises 14,951 to 20,507 and is all-in
fdd1f299: calls 14,951
b2fd596f: shows [Qc Ac] (a straight, Ace to Ten)
fdd1f299: shows [Qs As] (a straight, Ace to Ten)
*** RIVER *** [Kh Js Th 4d] [7s]
*** SHOWDOWN ***
b2fd596f collected 28,924 from pot
fdd1f299 collected 28,924 from pot
*** SUMMARY ***
Total pot 57,848 | Rake 0 | Jackpot 0 | Bingo 0 | Fortune 0 | Tax 0
Board [Kh Js Th 4d 7s]
Seat 1: 43c23bd2 folded before Flop
Seat 2: Hero folded before Flop
Seat 3: b6f91f4e folded before Flop
Seat 4: d6140095 (button) folded on the Flop
Seat 5: fdd1f299 (small blind) showed [Qs As] and won (28,924) with a straight, Ace to Ten
Seat 6: b2fd596f (big blind) showed [Qc Ac] and won (28,924) with a straight, Ace to Ten
Seat 7: 85920fc3 folded before Flop
Seat 8: 40ca22b6 folded before Flop


Poker Hand #TM5653562593: Tournament #267046848, Bounty Hunters Deepstack Turbo $8.88 Hold'em No Limit - Level6(150/300(45)) - 2026/03/02 15:02:37
Table '50' 8-max Seat #3 is the button
Seat 1: 43c23bd2 (22,719 in chips)
Seat 2: Hero (14,102 in chips)
Seat 3: b6f91f4e (24,565 in chips)
Seat 4: d6140095 (18,690 in chips)
Seat 5: fdd1f299 (33,585 in chips)
Seat 6: b2fd596f (27,004 in chips)
Seat 7: 85920fc3 (49,793 in chips)
Seat 8: 40ca22b6 (28,626 in chips)
40ca22b6: posts the ante 45
Hero: posts the ante 45
fdd1f299: posts the ante 45
b6f91f4e: posts the ante 45
85920fc3: posts the ante 45
b2fd596f: posts the ante 45
d6140095: posts the ante 45
43c23bd2: posts the ante 45
d6140095: posts small blind 150
fdd1f299: posts big blind 300
*** HOLE CARDS ***
Dealt to 43c23bd2 
Dealt to Hero [7c 3h]
Dealt to b6f91f4e 
Dealt to d6140095 
Dealt to fdd1f299 
Dealt to b2fd596f 
Dealt to 85920fc3 
Dealt to 40ca22b6 
b2fd596f: folds
85920fc3: raises 360 to 660
40ca22b6: calls 660
43c23bd2: folds
Hero: folds
b6f91f4e: folds
d6140095: calls 510
fdd1f299: calls 360
*** FLOP *** [As Ts Kc]
d6140095: checks
fdd1f299: checks
85920fc3: checks
40ca22b6: checks
*** TURN *** [As Ts Kc] [7h]
d6140095: checks
fdd1f299: checks
85920fc3: bets 1,500
40ca22b6: folds
d6140095: folds
fdd1f299: folds
Uncalled bet (1,500) returned to 85920fc3
*** SHOWDOWN ***
85920fc3 collected 3,000 from pot
*** SUMMARY ***
Total pot 3,000 | Rake 0 | Jackpot 0 | Bingo 0 | Fortune 0 | Tax 0
Board [As Ts Kc 7h]
Seat 1: 43c23bd2 folded before Flop
Seat 2: Hero folded before Flop
Seat 3: b6f91f4e (button) folded before Flop
Seat 4: d6140095 (small blind) folded on the Turn
Seat 5: fdd1f299 (big blind) folded on the Turn
Seat 6: b2fd596f folded before Flop
Seat 7: 85920fc3 won (3,000)
Seat 8: 40ca22b6 folded on the Turn


Poker Hand #TM5653562581: Tournament #267046848, Bounty Hunters Deepstack Turbo $8.88 Hold'em No Limit - Level5(125/250(35)) - 2026/03/02 14:54:43
Table '50' 8-max Seat #2 is the button
Seat 1: 43c23bd2 (20,999 in chips)
Seat 2: Hero (14,137 in chips)
Seat 3: b6f91f4e (24,725 in chips)
Seat 4: d6140095 (18,975 in chips)
Seat 5: fdd1f299 (34,170 in chips)
Seat 6: b2fd596f (27,039 in chips)
Seat 7: 85920fc3 (50,378 in chips)
Seat 8: 40ca22b6 (28,661 in chips)
40ca22b6: posts the ante 35
Hero: posts the ante 35
fdd1f299: posts the ante 35
85920fc3: posts the ante 35
b2fd596f: posts the ante 35
d6140095: posts the ante 35
b6f91f4e: posts the ante 35
43c23bd2: posts the ante 35
b6f91f4e: posts small blind 125
d6140095: posts big blind 250
*** HOLE CARDS ***
Dealt to 43c23bd2 
Dealt to Hero [7d Tc]
Dealt to b6f91f4e 
Dealt to d6140095 
Dealt to fdd1f299 
Dealt to b2fd596f 
Dealt to 85920fc3 
Dealt to 40ca22b6 
fdd1f299: calls 250
b2fd596f: folds
85920fc3: raises 300 to 550
40ca22b6: folds
43c23bd2: calls 550
Hero: folds
b6f91f4e: folds
d6140095: folds
fdd1f299: calls 300
*** FLOP *** [5s 9s 2s]
fdd1f299: checks
85920fc3: checks
43c23bd2: bets 1,729
fdd1f299: folds
85920fc3: folds
Uncalled bet (1,729) returned to 43c23bd2
*** SHOWDOWN ***
43c23bd2 collected 2,305 from pot
*** SUMMARY ***
Total pot 2,305 | Rake 0 | Jackpot 0 | Bingo 0 | Fortune 0 | Tax 0
Board [5s 9s 2s]
Seat 1: 43c23bd2 won (2,305)
Seat 2: Hero (button) folded before Flop
Seat 3: b6f91f4e (small blind) folded before Flop
Seat 4: d6140095 (big blind) folded before Flop
Seat 5: fdd1f299 folded on the Flop
Seat 6: b2fd596f folded before Flop
Seat 7: 85920fc3 folded on the Flop
Seat 8: 40ca22b6 folded before Flop


Poker Hand #TM5653562575: Tournament #267046848, Bounty Hunters Deepstack Turbo $8.88 Hold'em No Limit - Level5(125/250(35)) - 2026/03/02 14:54:05
Table '50' 8-max Seat #1 is the button
Seat 1: 43c23bd2 (21,034 in chips)
Seat 2: Hero (14,297 in chips)
Seat 3: b6f91f4e (25,010 in chips)
Seat 4: d6140095 (19,010 in chips)
Seat 5: fdd1f299 (34,205 in chips)
Seat 6: b2fd596f (26,419 in chips)
Seat 7: 85920fc3 (50,413 in chips)
Seat 8: 40ca22b6 (28,696 in chips)
40ca22b6: posts the ante 35
Hero: posts the ante 35
fdd1f299: posts the ante 35
85920fc3: posts the ante 35
b2fd596f: posts the ante 35
d6140095: posts the ante 35
b6f91f4e: posts the ante 35
43c23bd2: posts the ante 35
Hero: posts small blind 125
b6f91f4e: posts big blind 250
*** HOLE CARDS ***
Dealt to 43c23bd2 
Dealt to Hero [Td Kc]
Dealt to b6f91f4e 
Dealt to d6140095 
Dealt to fdd1f299 
Dealt to b2fd596f 
Dealt to 85920fc3 
Dealt to 40ca22b6 
d6140095: folds
fdd1f299: folds
b2fd596f: raises 250 to 500
85920fc3: folds
40ca22b6: folds
43c23bd2: folds
Hero: folds
b6f91f4e: folds
Uncalled bet (250) returned to b2fd596f
*** SHOWDOWN ***
b2fd596f collected 905 from pot
*** SUMMARY ***
Total pot 905 | Rake 0 | Jackpot 0 | Bingo 0 | Fortune 0 | Tax 0
Seat 1: 43c23bd2 (button) folded before Flop
Seat 2: Hero (small blind) folded before Flop
Seat 3: b6f91f4e (big blind) folded before Flop
Seat 4: d6140095 folded before Flop
Seat 5: fdd1f299 folded before Flop
Seat 6: b2fd596f collected (905)
Seat 7: 85920fc3 folded before Flop
Seat 8: 40ca22b6 folded before Flop


Poker Hand #TM5653562560: Tournament #267046848, Bounty Hunters Deepstack Turbo $8.88 Hold'em No Limit - Level5(125/250(35)) - 2026/03/02 14:52:28
Table '50' 8-max Seat #8 is the button
Seat 1: 43c23bd2 (21,194 in chips)
Seat 2: Hero (15,082 in chips)
Seat 3: b6f91f4e (25,045 in chips)
Seat 4: d6140095 (19,045 in chips)
Seat 5: fdd1f299 (35,867 in chips)
Seat 6: b2fd596f (26,454 in chips)
Seat 7: 85920fc3 (50,448 in chips)
Seat 8: 40ca22b6 (25,949 in chips)
40ca22b6: posts the ante 35
Hero: posts the ante 35
fdd1f299: posts the ante 35
85920fc3: posts the ante 35
b2fd596f: posts the ante 35
d6140095: posts the ante 35
b6f91f4e: posts the ante 35
43c23bd2: posts the ante 35
43c23bd2: posts small blind 125
Hero: posts big blind 250
*** HOLE CARDS ***
Dealt to 43c23bd2 
Dealt to Hero [Qc 2c]
Dealt to b6f91f4e 
Dealt to d6140095 
Dealt to fdd1f299 
Dealt to b2fd596f 
Dealt to 85920fc3 
Dealt to 40ca22b6 
b6f91f4e: folds
d6140095: folds
fdd1f299: raises 500 to 750
b2fd596f: folds
85920fc3: folds
40ca22b6: calls 750
43c23bd2: folds
Hero: calls 500
*** FLOP *** [3s Ts 9s]
Hero: checks
fdd1f299: checks
40ca22b6: checks
*** TURN *** [3s Ts 9s] [9h]
Hero: checks
fdd1f299: bets 877
40ca22b6: calls 877
Hero: folds
*** RIVER *** [3s Ts 9s 9h] [Qs]
fdd1f299: checks
40ca22b6: bets 4,409
fdd1f299: folds
Uncalled bet (4,409) returned to 40ca22b6
*** SHOWDOWN ***
40ca22b6 collected 4,409 from pot
*** SUMMARY ***
Total pot 4,409 | Rake 0 | Jackpot 0 | Bingo 0 | Fortune 0 | Tax 0
Board [3s Ts 9s 9h Qs]
Seat 1: 43c23bd2 (small blind) folded before Flop
Seat 2: Hero (big blind) folded on the Turn
Seat 3: b6f91f4e folded before Flop
Seat 4: d6140095 folded before Flop
Seat 5: fdd1f299 folded on the River
Seat 6: b2fd596f folded before Flop
Seat 7: 85920fc3 folded before Flop
Seat 8: 40ca22b6 (button) won (4,409)


Poker Hand #TM5653562546: Tournament #267046848, Bounty Hunters Deepstack Turbo $8.88 Hold'em No Limit - Level5(125/250(35)) - 2026/03/02 14:51:15
Table '50' 8-max Seat #7 is the button
Seat 1: 43c23bd2 (19,860 in chips)
Seat 2: Hero (15,117 in chips)
Seat 3: b6f91f4e (26,044 in chips)
Seat 4: d6140095 (19,080 in chips)
Seat 5: fdd1f299 (35,902 in chips)
Seat 6: b2fd596f (26,489 in chips)
Seat 7: 85920fc3 (50,483 in chips)
Seat 8: 40ca22b6 (26,109 in chips)
40ca22b6: posts the ante 35
Hero: posts the ante 35
fdd1f299: posts the ante 35
85920fc3: posts the ante 35
b2fd596f: posts the ante 35
d6140095: posts the ante 35
b6f91f4e: posts the ante 35
43c23bd2: posts the ante 35
40ca22b6: posts small blind 125
43c23bd2: posts big blind 250
*** HOLE CARDS ***
Dealt to 43c23bd2 
Dealt to Hero [4h Kh]
Dealt to b6f91f4e 
Dealt to d6140095 
Dealt to fdd1f299 
Dealt to b2fd596f 
Dealt to 85920fc3 
Dealt to 40ca22b6 
Hero: folds
b6f91f4e: raises 250 to 500
d6140095: folds
fdd1f299: folds
b2fd596f: folds
85920fc3: folds
40ca22b6: folds
43c23bd2: calls 250
*** FLOP *** [Qc Ah 8c]
43c23bd2: checks
b6f91f4e: bets 464
43c23bd2: calls 464
*** TURN *** [Qc Ah 8c] [8h]
43c23bd2: checks
b6f91f4e: checks
*** RIVER *** [Qc Ah 8c 8h] [9c]
43c23bd2: bets 770
b6f91f4e: folds
Uncalled bet (770) returned to 43c23bd2
*** SHOWDOWN ***
43c23bd2 collected 2,333 from pot
*** SUMMARY ***
Total pot 2,333 | Rake 0 | Jackpot 0 | Bingo 0 | Fortune 0 | Tax 0
Board [Qc Ah 8c 8h 9c]
Seat 1: 43c23bd2 (big blind) won (2,333)
Seat 2: Hero folded before Flop
Seat 3: b6f91f4e folded on the River
Seat 4: d6140095 folded before Flop
Seat 5: fdd1f299 folded before Flop
Seat 6: b2fd596f folded before Flop
Seat 7: 85920fc3 (button) folded before Flop
Seat 8: 40ca22b6 (small blind) folded before Flop


Poker Hand #TM5653562542: Tournament #267046848, Bounty Hunters Deepstack Turbo $8.88 Hold'em No Limit - Level5(125/250(35)) - 2026/03/02 14:50:51
Table '50' 8-max Seat #6 is the button
Seat 1: 43c23bd2 (19,895 in chips)
Seat 2: Hero (15,152 in chips)
Seat 3: b6f91f4e (26,079 in chips)
Seat 4: d6140095 (19,115 in chips)
Seat 5: fdd1f299 (35,937 in chips)
Seat 6: b2fd596f (26,524 in chips)
Seat 7: 85920fc3 (50,643 in chips)
Seat 8: 40ca22b6 (25,739 in chips)
40ca22b6: posts the ante 35
Hero: posts the ante 35
fdd1f299: posts the ante 35
b2fd596f: posts the ante 35
d6140095: posts the ante 35
b6f91f4e: posts the ante 35
85920fc3: posts the ante 35
43c23bd2: posts the ante 35
85920fc3: posts small blind 125
40ca22b6: posts big blind 250
*** HOLE CARDS ***
Dealt to 43c23bd2 
Dealt to Hero [5h Jd]
Dealt to b6f91f4e 
Dealt to d6140095 
Dealt to fdd1f299 
Dealt to b2fd596f 
Dealt to 85920fc3 
Dealt to 40ca22b6 
43c23bd2: folds
Hero: folds
b6f91f4e: folds
d6140095: folds
fdd1f299: folds
b2fd596f: folds
85920fc3: folds
Uncalled bet (125) returned to 40ca22b6
*** SHOWDOWN ***
40ca22b6 collected 530 from pot
*** SUMMARY ***
Total pot 530 | Rake 0 | Jackpot 0 | Bingo 0 | Fortune 0 | Tax 0
Seat 1: 43c23bd2 folded before Flop
Seat 2: Hero folded before Flop
Seat 3: b6f91f4e folded before Flop
Seat 4: d6140095 folded before Flop
Seat 5: fdd1f299 folded before Flop
Seat 6: b2fd596f (button) folded before Flop
Seat 7: 85920fc3 (small blind) folded before Flop
Seat 8: 40ca22b6 (big blind) collected (530)


Poker Hand #TM5653562527: Tournament #267046848, Bounty Hunters Deepstack Turbo $8.88 Hold'em No Limit - Level5(125/250(35)) - 2026/03/02 14:49:04
Table '50' 8-max Seat #5 is the button
Seat 1: 43c23bd2 (19,930 in chips)
Seat 2: Hero (15,187 in chips)
Seat 3: b6f91f4e (26,114 in chips)
Seat 4: d6140095 (20,000 in chips)
Seat 5: fdd1f299 (39,902 in chips)
Seat 6: b2fd596f (21,249 in chips)
Seat 7: 85920fc3 (50,928 in chips)
Seat 8: 40ca22b6 (25,774 in chips)
40ca22b6: posts the ante 35
Hero: posts the ante 35
fdd1f299: posts the ante 35
d6140095: posts the ante 35
b6f91f4e: posts the ante 35
85920fc3: posts the ante 35
b2fd596f: posts the ante 35
43c23bd2: posts the ante 35
b2fd596f: posts small blind 125
85920fc3: posts big blind 250
*** HOLE CARDS ***
Dealt to 43c23bd2 
Dealt to Hero [7h 4d]
Dealt to b6f91f4e 
Dealt to d6140095 
Dealt to fdd1f299 
Dealt to b2fd596f 
Dealt to 85920fc3 
Dealt to 40ca22b6 
40ca22b6: folds
43c23bd2: folds
Hero: folds
b6f91f4e: folds
d6140095: raises 300 to 550
fdd1f299: calls 550
b2fd596f: raises 300 to 850
85920fc3: folds
d6140095: calls 300
fdd1f299: calls 300
*** FLOP *** [6c Ts Qs]
b2fd596f: bets 3,080
d6140095: folds
fdd1f299: calls 3,080
*** TURN *** [6c Ts Qs] [9c]
b2fd596f: bets 17,284 and is all-in
fdd1f299: folds
Uncalled bet (17,284) returned to b2fd596f
*** SHOWDOWN ***
b2fd596f collected 9,240 from pot
*** SUMMARY ***
Total pot 9,240 | Rake 0 | Jackpot 0 | Bingo 0 | Fortune 0 | Tax 0
Board [6c Ts Qs 9c]
Seat 1: 43c23bd2 folded before Flop
Seat 2: Hero folded before Flop
Seat 3: b6f91f4e folded before Flop
Seat 4: d6140095 folded on the Flop
Seat 5: fdd1f299 (button) folded on the Turn
Seat 6: b2fd596f (small blind) won (9,240)
Seat 7: 85920fc3 (big blind) folded before Flop
Seat 8: 40ca22b6 folded before Flop


Poker Hand #TM5653562518: Tournament #267046848, Bounty Hunters Deepstack Turbo $8.88 Hold'em No Limit - Level5(125/250(35)) - 2026/03/02 14:48:09
Table '50' 8-max Seat #3 is the button
Seat 1: 43c23bd2 (19,965 in chips)
Seat 2: Hero (11,232 in chips)
Seat 3: b6f91f4e (26,149 in chips)
Seat 5: fdd1f299 (40,437 in chips)
Seat 6: b2fd596f (24,029 in chips)
Seat 7: 85920fc3 (51,463 in chips)
Seat 8: 40ca22b6 (25,809 in chips)
40ca22b6: posts the ante 35
Hero: posts the ante 35
fdd1f299: posts the ante 35
b6f91f4e: posts the ante 35
85920fc3: posts the ante 35
b2fd596f: posts the ante 35
43c23bd2: posts the ante 35
fdd1f299: posts small blind 125
b2fd596f: posts big blind 250
*** HOLE CARDS ***
Dealt to 43c23bd2 
Dealt to Hero [7h Qh]
Dealt to b6f91f4e 
Dealt to fdd1f299 
Dealt to b2fd596f 
Dealt to 85920fc3 
Dealt to 40ca22b6 
85920fc3: raises 250 to 500
40ca22b6: folds
43c23bd2: folds
Hero: calls 500
b6f91f4e: folds
fdd1f299: calls 375
b2fd596f: calls 250
*** FLOP *** [Ad Jd Kd]
fdd1f299: checks
b2fd596f: checks
85920fc3: checks
Hero: checks
*** TURN *** [Ad Jd Kd] [Ts]
fdd1f299: checks
b2fd596f: checks
85920fc3: checks
Hero: checks
*** RIVER *** [Ad Jd Kd Ts] [2c]
fdd1f299: checks
b2fd596f: bets 2,245
85920fc3: folds
Hero: calls 2,245
fdd1f299: folds
b2fd596f: shows [8s Ac] (a pair of Aces)
Hero: shows [7h Qh] (a straight, Ace to Ten)
*** SHOWDOWN ***
Hero collected 6,735 from pot
*** SUMMARY ***
Total pot 6,735 | Rake 0 | Jackpot 0 | Bingo 0 | Fortune 0 | Tax 0
Board [Ad Jd Kd Ts 2c]
Seat 1: 43c23bd2 folded before Flop
Seat 2: Hero showed [7h Qh] and won (6,735) with a straight, Ace to Ten
Seat 3: b6f91f4e (button) folded before Flop
Seat 5: fdd1f299 (small blind) folded on the River
Seat 6: b2fd596f (big blind) showed [8s Ac] and lost with a pair of Aces
Seat 7: 85920fc3 folded on the River
Seat 8: 40ca22b6 folded before Flop


Poker Hand #TM5653562508: Tournament #267046848, Bounty Hunters Deepstack Turbo $8.88 Hold'em No Limit - Level5(125/250(35)) - 2026/03/02 14:47:08
Table '50' 8-max Seat #2 is the button
Seat 1: 43c23bd2 (20,000 in chips)
Seat 2: Hero (11,267 in chips)
Seat 3: b6f91f4e (26,309 in chips)
Seat 4: b01e038d (3,946 in chips)
Seat 5: fdd1f299 (40,472 in chips)
Seat 6: b2fd596f (18,420 in chips)
Seat 7: 85920fc3 (52,826 in chips)
Seat 8: 40ca22b6 (25,844 in chips)
40ca22b6: posts the ante 35
Hero: posts the ante 35
fdd1f299: posts the ante 35
b01e038d: posts the ante 35
85920fc3: posts the ante 35
b2fd596f: posts the ante 35
b6f91f4e: posts the ante 35
43c23bd2: posts the ante 35
b6f91f4e: posts small blind 125
b01e038d: posts big blind 250
*** HOLE CARDS ***
Dealt to 43c23bd2 
Dealt to Hero [2d 8c]
Dealt to b6f91f4e 
Dealt to b01e038d 
Dealt to fdd1f299 
Dealt to b2fd596f 
Dealt to 85920fc3 
Dealt to 40ca22b6 
fdd1f299: folds
b2fd596f: raises 250 to 500
85920fc3: raises 828 to 1,328
40ca22b6: folds
43c23bd2: folds
Hero: folds
b6f91f4e: folds
b01e038d: raises 2,583 to 3,911 and is all-in
b2fd596f: raises 14,474 to 18,385 and is all-in
85920fc3: folds
Uncalled bet (14,474) returned to b2fd596f
b2fd596f: shows [Qd Ad]
b01e038d: shows [3d Td]
*** FLOP *** [Kd 7h 9s]
*** TURN *** [Kd 7h 9s] [Ac]
*** RIVER *** [Kd 7h 9s Ac] [3h]
*** SHOWDOWN ***
b2fd596f collected 9,555 from pot
*** SUMMARY ***
Total pot 9,555 | Rake 0 | Jackpot 0 | Bingo 0 | Fortune 0 | Tax 0
Board [Kd 7h 9s Ac 3h]
Seat 1: 43c23bd2 folded before Flop
Seat 2: Hero (button) folded before Flop
Seat 3: b6f91f4e (small blind) folded before Flop
Seat 4: b01e038d (big blind) showed [3d Td] and lost with a pair of Threes
Seat 5: fdd1f299 folded before Flop
Seat 6: b2fd596f showed [Qd Ad] and won (9,555) with a pair of Aces
Seat 7: 85920fc3 folded before Flop
Seat 8: 40ca22b6 folded before Flop


Poker Hand #TM5653562500: Tournament #267046848, Bounty Hunters Deepstack Turbo $8.88 Hold'em No Limit - Level4(100/200(30)) - 2026/03/02 14:45:48
Table '50' 8-max Seat #8 is the button
Seat 2: Hero (12,297 in chips)
Seat 3: b6f91f4e (26,539 in chips)
Seat 4: b01e038d (29,184 in chips)
Seat 5: fdd1f299 (40,502 in chips)
Seat 6: b2fd596f (19,450 in chips)
Seat 7: 85920fc3 (25,238 in chips)
Seat 8: 40ca22b6 (25,874 in chips)
40ca22b6: posts the ante 30
Hero: posts the ante 30
fdd1f299: posts the ante 30
b01e038d: posts the ante 30
85920fc3: posts the ante 30
b2fd596f: posts the ante 30
b6f91f4e: posts the ante 30
Hero: posts small blind 100
b6f91f4e: posts big blind 200
*** HOLE CARDS ***
Dealt to Hero [Qs Kc]
Dealt to b6f91f4e 
Dealt to b01e038d 
Dealt to fdd1f299 
Dealt to b2fd596f 
Dealt to 85920fc3 
Dealt to 40ca22b6 
b01e038d: raises 800 to 1,000
fdd1f299: folds
b2fd596f: calls 1,000
85920fc3: calls 1,000
40ca22b6: folds
Hero: calls 900
b6f91f4e: folds
*** FLOP *** [8s 8c 5c]
Hero: checks
b01e038d: bets 4,410
b2fd596f: folds
85920fc3: calls 4,410
Hero: folds
*** TURN *** [8s 8c 5c] [4h]
b01e038d: bets 6,615
85920fc3: calls 6,615
*** RIVER *** [8s 8c 5c 4h] [8d]
b01e038d: bets 17,129 and is all-in
85920fc3: calls 13,183 and is all-in
Uncalled bet (3,946) returned to b01e038d
b01e038d: shows [2d 2s] (a full house, Eights full of Twos)
85920fc3: shows [5h 5d] (a full house, Eights full of Fives)
*** SHOWDOWN ***
85920fc3 collected 52,826 from pot
*** SUMMARY ***
Total pot 52,826 | Rake 0 | Jackpot 0 | Bingo 0 | Fortune 0 | Tax 0
Board [8s 8c 5c 4h 8d]
Seat 2: Hero (small blind) folded on the Flop
Seat 3: b6f91f4e (big blind) folded before Flop
Seat 4: b01e038d showed [2d 2s] and lost with a full house, Eights full of Twos
Seat 5: fdd1f299 folded before Flop
Seat 6: b2fd596f folded on the Flop
Seat 7: 85920fc3 showed [5h 5d] and won (52,826) with a full house, Eights full of Fives
Seat 8: 40ca22b6 (button) folded before Flop


Poker Hand #TM5653562493: Tournament #267046848, Bounty Hunters Deepstack Turbo $8.88 Hold'em No Limit - Level4(100/200(30)) - 2026/03/02 14:45:04
Table '50' 8-max Seat #7 is the button
Seat 2: Hero (12,527 in chips)
Seat 3: b6f91f4e (26,569 in chips)
Seat 4: b01e038d (28,504 in chips)
Seat 5: fdd1f299 (40,732 in chips)
Seat 6: b2fd596f (19,480 in chips)
Seat 7: 85920fc3 (25,268 in chips)
Seat 8: 40ca22b6 (26,004 in chips)
40ca22b6: posts the ante 30
Hero: posts the ante 30
fdd1f299: posts the ante 30
b01e038d: posts the ante 30
85920fc3: posts the ante 30
b2fd596f: posts the ante 30
b6f91f4e: posts the ante 30
40ca22b6: posts small blind 100
Hero: posts big blind 200
*** HOLE CARDS ***
Dealt to Hero [4h Qh]
Dealt to b6f91f4e 
Dealt to b01e038d 
Dealt to fdd1f299 
Dealt to b2fd596f 
Dealt to 85920fc3 
Dealt to 40ca22b6 
b6f91f4e: folds
b01e038d: calls 200
fdd1f299: calls 200
b2fd596f: folds
85920fc3: folds
40ca22b6: folds
Hero: checks
*** FLOP *** [As 7s 3d]
Hero: checks
b01e038d: bets 683
fdd1f299: folds
Hero: folds
Uncalled bet (683) returned to b01e038d
*** SHOWDOWN ***
b01e038d collected 910 from pot
*** SUMMARY ***
Total pot 910 | Rake 0 | Jackpot 0 | Bingo 0 | Fortune 0 | Tax 0
Board [As 7s 3d]
Seat 2: Hero (big blind) folded on the Flop
Seat 3: b6f91f4e folded before Flop
Seat 4: b01e038d won (910)
Seat 5: fdd1f299 folded on the Flop
Seat 6: b2fd596f folded before Flop
Seat 7: 85920fc3 (button) folded before Flop
Seat 8: 40ca22b6 (small blind) folded before Flop


Poker Hand #TM5653562480: Tournament #267046848, Bounty Hunters Deepstack Turbo $8.88 Hold'em No Limit - Level4(100/200(30)) - 2026/03/02 14:44:02
Table '50' 8-max Seat #6 is the button
Seat 1: 1f8a7c54 (19,570 in chips)
Seat 2: Hero (12,557 in chips)
Seat 3: b6f91f4e (26,599 in chips)
Seat 4: b01e038d (28,534 in chips)
Seat 5: fdd1f299 (40,762 in chips)
Seat 6: b2fd596f (19,510 in chips)
Seat 7: 85920fc3 (25,178 in chips)
Seat 8: 40ca22b6 (25,914 in chips)
40ca22b6: posts the ante 30
Hero: posts the ante 30
fdd1f299: posts the ante 30
1f8a7c54: posts the ante 30
b01e038d: posts the ante 30
b2fd596f: posts the ante 30
b6f91f4e: posts the ante 30
85920fc3: posts the ante 30
85920fc3: posts small blind 100
40ca22b6: posts big blind 200
*** HOLE CARDS ***
Dealt to 1f8a7c54 
Dealt to Hero [2s 6h]
Dealt to b6f91f4e 
Dealt to b01e038d 
Dealt to fdd1f299 
Dealt to b2fd596f 
Dealt to 85920fc3 
Dealt to 40ca22b6 
1f8a7c54: folds
Hero: folds
b6f91f4e: folds
b01e038d: folds
fdd1f299: folds
b2fd596f: folds
85920fc3: raises 240 to 440
40ca22b6: calls 240
*** FLOP *** [Ac Qh 8d]
85920fc3: bets 560
40ca22b6: calls 560
*** TURN *** [Ac Qh 8d] [9d]
85920fc3: checks
40ca22b6: checks
*** RIVER *** [Ac Qh 8d 9d] [Js]
85920fc3: bets 1,120
40ca22b6: calls 1,120
85920fc3: shows [Ah 7s] (a pair of Aces)
40ca22b6: shows [5h Ad] (a pair of Aces)
*** SHOWDOWN ***
40ca22b6 collected 2,240 from pot
85920fc3 collected 2,240 from pot
*** SUMMARY ***
Total pot 4,480 | Rake 0 | Jackpot 0 | Bingo 0 | Fortune 0 | Tax 0
Board [Ac Qh 8d 9d Js]
Seat 1: 1f8a7c54 folded before Flop
Seat 2: Hero folded before Flop
Seat 3: b6f91f4e folded before Flop
Seat 4: b01e038d folded before Flop
Seat 5: fdd1f299 folded before Flop
Seat 6: b2fd596f (button) folded before Flop
Seat 7: 85920fc3 (small blind) showed [Ah 7s] and won (2,240) with a pair of Aces
Seat 8: 40ca22b6 (big blind) showed [5h Ad] and won (2,240) with a pair of Aces


Poker Hand #TM5653562477: Tournament #267046848, Bounty Hunters Deepstack Turbo $8.88 Hold'em No Limit - Level4(100/200(30)) - 2026/03/02 14:43:36
Table '50' 8-max Seat #5 is the button
Seat 1: 1f8a7c54 (19,600 in chips)
Seat 2: Hero (12,587 in chips)
Seat 3: b6f91f4e (26,629 in chips)
Seat 4: b01e038d (28,564 in chips)
Seat 5: fdd1f299 (40,792 in chips)
Seat 6: b2fd596f (19,640 in chips)
Seat 7: 85920fc3 (24,868 in chips)
Seat 8: 40ca22b6 (25,944 in chips)
40ca22b6: posts the ante 30
Hero: posts the ante 30
fdd1f299: posts the ante 30
1f8a7c54: posts the ante 30
b01e038d: posts the ante 30
b6f91f4e: posts the ante 30
85920fc3: posts the ante 30
b2fd596f: posts the ante 30
b2fd596f: posts small blind 100
85920fc3: posts big blind 200
*** HOLE CARDS ***
Dealt to 1f8a7c54 
Dealt to Hero [4s Qd]
Dealt to b6f91f4e 
Dealt to b01e038d 
Dealt to fdd1f299 
Dealt to b2fd596f 
Dealt to 85920fc3 
Dealt to 40ca22b6 
40ca22b6: folds
1f8a7c54: folds
Hero: folds
b6f91f4e: folds
b01e038d: folds
fdd1f299: folds
b2fd596f: folds
Uncalled bet (100) returned to 85920fc3
*** SHOWDOWN ***
85920fc3 collected 440 from pot
*** SUMMARY ***
Total pot 440 | Rake 0 | Jackpot 0 | Bingo 0 | Fortune 0 | Tax 0
Seat 1: 1f8a7c54 folded before Flop
Seat 2: Hero folded before Flop
Seat 3: b6f91f4e folded before Flop
Seat 4: b01e038d folded before Flop
Seat 5: fdd1f299 (button) folded before Flop
Seat 6: b2fd596f (small blind) folded before Flop
Seat 7: 85920fc3 (big blind) collected (440)
Seat 8: 40ca22b6 folded before Flop


Poker Hand #TM5653562472: Tournament #267046848, Bounty Hunters Deepstack Turbo $8.88 Hold'em No Limit - Level4(100/200(30)) - 2026/03/02 14:42:52
Table '50' 8-max Seat #4 is the button
Seat 1: 1f8a7c54 (20,070 in chips)
Seat 2: Hero (12,617 in chips)
Seat 3: b6f91f4e (28,067 in chips)
Seat 4: b01e038d (25,766 in chips)
Seat 5: fdd1f299 (40,922 in chips)
Seat 6: b2fd596f (19,870 in chips)
Seat 7: 85920fc3 (25,338 in chips)
Seat 8: 40ca22b6 (25,974 in chips)
40ca22b6: posts the ante 30
Hero: posts the ante 30
1f8a7c54: posts the ante 30
fdd1f299: posts the ante 30
b01e038d: posts the ante 30
b6f91f4e: posts the ante 30
85920fc3: posts the ante 30
b2fd596f: posts the ante 30
fdd1f299: posts small blind 100
b2fd596f: posts big blind 200
*** HOLE CARDS ***
Dealt to 1f8a7c54 
Dealt to Hero [9c 2d]
Dealt to b6f91f4e 
Dealt to b01e038d 
Dealt to fdd1f299 
Dealt to b2fd596f 
Dealt to 85920fc3 
Dealt to 40ca22b6 
85920fc3: raises 240 to 440
40ca22b6: folds
1f8a7c54: calls 440
Hero: folds
b6f91f4e: raises 968 to 1,408
b01e038d: raises 4,236 to 5,644
fdd1f299: folds
b2fd596f: folds
85920fc3: folds
1f8a7c54: folds
b6f91f4e: folds
Uncalled bet (4,236) returned to b01e038d
*** SHOWDOWN ***
b01e038d collected 4,236 from pot
*** SUMMARY ***
Total pot 4,236 | Rake 0 | Jackpot 0 | Bingo 0 | Fortune 0 | Tax 0
Seat 1: 1f8a7c54 folded before Flop
Seat 2: Hero folded before Flop
Seat 3: b6f91f4e folded before Flop
Seat 4: b01e038d (button) collected (4,236)
Seat 5: fdd1f299 (small blind) folded before Flop
Seat 6: b2fd596f (big blind) folded before Flop
Seat 7: 85920fc3 folded before Flop
Seat 8: 40ca22b6 folded before Flop


Poker Hand #TM5653562461: Tournament #267046848, Bounty Hunters Deepstack Turbo $8.88 Hold'em No Limit - Level4(100/200(30)) - 2026/03/02 14:41:38
Table '50' 8-max Seat #3 is the button
Seat 1: 1f8a7c54 (8,391 in chips)
Seat 2: Hero (15,555 in chips)
Seat 3: b6f91f4e (28,097 in chips)
Seat 4: b01e038d (34,157 in chips)
Seat 5: fdd1f299 (41,152 in chips)
Seat 6: b2fd596f (19,900 in chips)
Seat 7: 85920fc3 (25,368 in chips)
Seat 8: 40ca22b6 (26,004 in chips)
40ca22b6: posts the ante 30
Hero: posts the ante 30
1f8a7c54: posts the ante 30
fdd1f299: posts the ante 30
b01e038d: posts the ante 30
b6f91f4e: posts the ante 30
85920fc3: posts the ante 30
b2fd596f: posts the ante 30
b01e038d: posts small blind 100
fdd1f299: posts big blind 200
*** HOLE CARDS ***
Dealt to 1f8a7c54 
Dealt to Hero [Th Ah]
Dealt to b6f91f4e 
Dealt to b01e038d 
Dealt to fdd1f299 
Dealt to b2fd596f 
Dealt to 85920fc3 
Dealt to 40ca22b6 
b2fd596f: folds
85920fc3: folds
40ca22b6: folds
1f8a7c54: raises 259 to 459
Hero: raises 929 to 1,388
b6f91f4e: folds
b01e038d: calls 1,288
fdd1f299: folds
1f8a7c54: calls 929
*** FLOP *** [5h 5d Kd]
b01e038d: checks
1f8a7c54: checks
Hero: bets 1,520
b01e038d: calls 1,520
1f8a7c54: raises 5,453 to 6,973 and is all-in
Hero: folds
b01e038d: calls 5,453
1f8a7c54: shows [Ks 5s] (a full house, Fives full of Kings)
b01e038d: shows [Jh 6h] (a pair of Fives)
*** TURN *** [5h 5d Kd] [As]
*** RIVER *** [5h 5d Kd As] [4h]
*** SHOWDOWN ***
1f8a7c54 collected 20,070 from pot
*** SUMMARY ***
Total pot 20,070 | Rake 0 | Jackpot 0 | Bingo 0 | Fortune 0 | Tax 0
Board [5h 5d Kd As 4h]
Seat 1: 1f8a7c54 showed [Ks 5s] and won (20,070) with a full house, Fives full of Kings
Seat 2: Hero folded on the Flop
Seat 3: b6f91f4e (button) folded before Flop
Seat 4: b01e038d (small blind) showed [Jh 6h] and lost with a pair of Fives
Seat 5: fdd1f299 (big blind) folded before Flop
Seat 6: b2fd596f folded before Flop
Seat 7: 85920fc3 folded before Flop
Seat 8: 40ca22b6 folded before Flop


Poker Hand #TM5653562447: Tournament #267046848, Bounty Hunters Deepstack Turbo $8.88 Hold'em No Limit - Level4(100/200(30)) - 2026/03/02 14:40:27
Table '50' 8-max Seat #2 is the button
Seat 1: 1f8a7c54 (8,421 in chips)
Seat 2: Hero (18,555 in chips)
Seat 3: b6f91f4e (28,227 in chips)
Seat 4: b01e038d (34,387 in chips)
Seat 5: fdd1f299 (41,182 in chips)
Seat 6: b2fd596f (19,930 in chips)
Seat 7: 85920fc3 (21,888 in chips)
Seat 8: 40ca22b6 (26,034 in chips)
40ca22b6: posts the ante 30
Hero: posts the ante 30
1f8a7c54: posts the ante 30
fdd1f299: posts the ante 30
b01e038d: posts the ante 30
85920fc3: posts the ante 30
b2fd596f: posts the ante 30
b6f91f4e: posts the ante 30
b6f91f4e: posts small blind 100
b01e038d: posts big blind 200
*** HOLE CARDS ***
Dealt to 1f8a7c54 
Dealt to Hero [Qc Kh]
Dealt to b6f91f4e 
Dealt to b01e038d 
Dealt to fdd1f299 
Dealt to b2fd596f 
Dealt to 85920fc3 
Dealt to 40ca22b6 
fdd1f299: folds
b2fd596f: folds
85920fc3: raises 240 to 440
40ca22b6: folds
1f8a7c54: folds
Hero: raises 910 to 1,350
b6f91f4e: folds
b01e038d: folds
85920fc3: calls 910
*** FLOP *** [6c 8s 5h]
85920fc3: checks
Hero: checks
*** TURN *** [6c 8s 5h] [3c]
85920fc3: bets 1,620
Hero: calls 1,620
*** RIVER *** [6c 8s 5h 3c] [Ad]
85920fc3: checks
Hero: checks
85920fc3: shows [6d 7h] (a pair of Sixes)
Hero: shows [Qc Kh] (Ace high)
*** SHOWDOWN ***
85920fc3 collected 6,480 from pot
*** SUMMARY ***
Total pot 6,480 | Rake 0 | Jackpot 0 | Bingo 0 | Fortune 0 | Tax 0
Board [6c 8s 5h 3c Ad]
Seat 1: 1f8a7c54 folded before Flop
Seat 2: Hero (button) showed [Qc Kh] and lost with Ace high
Seat 3: b6f91f4e (small blind) folded before Flop
Seat 4: b01e038d (big blind) folded before Flop
Seat 5: fdd1f299 folded before Flop
Seat 6: b2fd596f folded before Flop
Seat 7: 85920fc3 showed [6d 7h] and won (6,480) with a pair of Sixes
Seat 8: 40ca22b6 folded before Flop


Poker Hand #TM5653562442: Tournament #267046848, Bounty Hunters Deepstack Turbo $8.88 Hold'em No Limit - Level4(100/200(30)) - 2026/03/02 14:39:45
Table '50' 8-max Seat #1 is the button
Seat 1: 1f8a7c54 (7,511 in chips)
Seat 2: Hero (18,685 in chips)
Seat 3: b6f91f4e (28,457 in chips)
Seat 4: b01e038d (34,617 in chips)
Seat 5: fdd1f299 (41,412 in chips)
Seat 6: b2fd596f (19,960 in chips)
Seat 7: 85920fc3 (21,918 in chips)
Seat 8: 40ca22b6 (26,064 in chips)
40ca22b6: posts the ante 30
Hero: posts the ante 30
1f8a7c54: posts the ante 30
fdd1f299: posts the ante 30
b01e038d: posts the ante 30
85920fc3: posts the ante 30
b2fd596f: posts the ante 30
b6f91f4e: posts the ante 30
Hero: posts small blind 100
b6f91f4e: posts big blind 200
*** HOLE CARDS ***
Dealt to 1f8a7c54 
Dealt to Hero [Js 3s]
Dealt to b6f91f4e 
Dealt to b01e038d 
Dealt to fdd1f299 
Dealt to b2fd596f 
Dealt to 85920fc3 
Dealt to 40ca22b6 
b01e038d: calls 200
fdd1f299: calls 200
b2fd596f: folds
85920fc3: folds
40ca22b6: folds
1f8a7c54: raises 7,281 to 7,481 and is all-in
Hero: folds
b6f91f4e: folds
b01e038d: folds
fdd1f299: folds
Uncalled bet (7,281) returned to 1f8a7c54
*** SHOWDOWN ***
1f8a7c54 collected 1,140 from pot
*** SUMMARY ***
Total pot 1,140 | Rake 0 | Jackpot 0 | Bingo 0 | Fortune 0 | Tax 0
Seat 1: 1f8a7c54 (button) collected (1,140)
Seat 2: Hero (small blind) folded before Flop
Seat 3: b6f91f4e (big blind) folded before Flop
Seat 4: b01e038d folded before Flop
Seat 5: fdd1f299 folded before Flop
Seat 6: b2fd596f folded before Flop
Seat 7: 85920fc3 folded before Flop
Seat 8: 40ca22b6 folded before Flop


Poker Hand #TM5653562428: Tournament #267046848, Bounty Hunters Deepstack Turbo $8.88 Hold'em No Limit - Level3(75/150(20)) - 2026/03/02 14:38:46
Table '50' 8-max Seat #8 is the button
Seat 1: 1f8a7c54 (18,335 in chips)
Seat 2: Hero (18,855 in chips)
Seat 3: b6f91f4e (28,477 in chips)
Seat 4: b01e038d (34,637 in chips)
Seat 5: fdd1f299 (41,432 in chips)
Seat 6: b2fd596f (19,980 in chips)
Seat 7: 85920fc3 (10,824 in chips)
Seat 8: 40ca22b6 (26,084 in chips)
40ca22b6: posts the ante 20
Hero: posts the ante 20
fdd1f299: posts the ante 20
1f8a7c54: posts the ante 20
b01e038d: posts the ante 20
85920fc3: posts the ante 20
b2fd596f: posts the ante 20
b6f91f4e: posts the ante 20
1f8a7c54: posts small blind 75
Hero: posts big blind 150
*** HOLE CARDS ***
Dealt to 1f8a7c54 
Dealt to Hero [Jc 6s]
Dealt to b6f91f4e 
Dealt to b01e038d 
Dealt to fdd1f299 
Dealt to b2fd596f 
Dealt to 85920fc3 
Dealt to 40ca22b6 
b6f91f4e: folds
b01e038d: folds
fdd1f299: folds
b2fd596f: folds
85920fc3: raises 10,654 to 10,804 and is all-in
40ca22b6: folds
1f8a7c54: raises 7,511 to 18,315 and is all-in
Hero: folds
Uncalled bet (7,511) returned to 1f8a7c54
1f8a7c54: shows [Ad 8s]
85920fc3: shows [Ts Kh]
*** FLOP *** [3s Ks Qh]
*** TURN *** [3s Ks Qh] [3c]
*** RIVER *** [3s Ks Qh 3c] [Td]
*** SHOWDOWN ***
85920fc3 collected 21,918 from pot
*** SUMMARY ***
Total pot 21,918 | Rake 0 | Jackpot 0 | Bingo 0 | Fortune 0 | Tax 0
Board [3s Ks Qh 3c Td]
Seat 1: 1f8a7c54 (small blind) showed [Ad 8s] and lost with a pair of Threes
Seat 2: Hero (big blind) folded before Flop
Seat 3: b6f91f4e folded before Flop
Seat 4: b01e038d folded before Flop
Seat 5: fdd1f299 folded before Flop
Seat 6: b2fd596f folded before Flop
Seat 7: 85920fc3 showed [Ts Kh] and won (21,918) with two pair, Kings and Tens
Seat 8: 40ca22b6 (button) folded before Flop


Poker Hand #TM5653562417: Tournament #267046848, Bounty Hunters Deepstack Turbo $8.88 Hold'em No Limit - Level3(75/150(20)) - 2026/03/02 14:37:30
Table '50' 8-max Seat #7 is the button
Seat 1: 1f8a7c54 (18,505 in chips)
Seat 2: Hero (20,000 in chips)
Seat 3: b6f91f4e (25,562 in chips)
Seat 4: b01e038d (34,957 in chips)
Seat 5: fdd1f299 (42,577 in chips)
Seat 6: b2fd596f (20,000 in chips)
Seat 7: 85920fc3 (10,844 in chips)
Seat 8: 40ca22b6 (26,179 in chips)
40ca22b6: posts the ante 20
Hero: posts the ante 20
fdd1f299: posts the ante 20
1f8a7c54: posts the ante 20
b01e038d: posts the ante 20
85920fc3: posts the ante 20
b2fd596f: posts the ante 20
b6f91f4e: posts the ante 20
40ca22b6: posts small blind 75
1f8a7c54: posts big blind 150
*** HOLE CARDS ***
Dealt to 1f8a7c54 
Dealt to Hero [Jd Kd]
Dealt to b6f91f4e 
Dealt to b01e038d 
Dealt to fdd1f299 
Dealt to b2fd596f 
Dealt to 85920fc3 
Dealt to 40ca22b6 
Hero: raises 150 to 300
b6f91f4e: calls 300
b01e038d: calls 300
fdd1f299: calls 300
b2fd596f: folds
85920fc3: folds
40ca22b6: folds
1f8a7c54: folds
*** FLOP *** [8c 5h 3h]
Hero: checks
b6f91f4e: bets 825
b01e038d: folds
fdd1f299: calls 825
Hero: calls 825
*** TURN *** [8c 5h 3h] [9s]
Hero: checks
b6f91f4e: bets 3,000
fdd1f299: folds
Hero: folds
Uncalled bet (3,000) returned to b6f91f4e
*** SHOWDOWN ***
b6f91f4e collected 4,060 from pot
*** SUMMARY ***
Total pot 4,060 | Rake 0 | Jackpot 0 | Bingo 0 | Fortune 0 | Tax 0
Board [8c 5h 3h 9s]
Seat 1: 1f8a7c54 (big blind) folded before Flop
Seat 2: Hero folded on the Turn
Seat 3: b6f91f4e won (4,060)
Seat 4: b01e038d folded on the Flop
Seat 5: fdd1f299 folded on the Turn
Seat 6: b2fd596f folded before Flop
Seat 7: 85920fc3 (button) folded before Flop
Seat 8: 40ca22b6 (small blind) folded before Flop


