Poker Hand #TM5667449689: Tournament #267775822, Bounty Hunters Special $8.88 Hold'em No Limit - Level11(300/600(90)) - 2026/03/05 23:05:46
Table '101' 8-max Seat #5 is the button
Seat 1: 892f882f (10,000 in chips)
Seat 2: 53c07921 (10,135 in chips)
Seat 3: f1ef7b84 (33,672 in chips)
Seat 4: 382212f4 (25,867 in chips)
Seat 5: dac22847 (51,209 in chips)
Seat 6: Hero (6,570 in chips)
Seat 7: 47e84c3 (6,410 in chips)
Seat 8: 69753536 (70,462 in chips)
Hero: posts the ante 90
382212f4: posts the ante 90
53c07921: posts the ante 90
892f882f: posts the ante 90
69753536: posts the ante 90
dac22847: posts the ante 90
f1ef7b84: posts the ante 90
47e84c3: posts the ante 90
Hero: posts small blind 300
47e84c3: posts big blind 600
*** HOLE CARDS ***
Dealt to 892f882f 
Dealt to 53c07921 
Dealt to f1ef7b84 
Dealt to 382212f4 
Dealt to dac22847 
Dealt to Hero [5c Ad]
Dealt to 47e84c3 
Dealt to 69753536 
69753536: folds
892f882f: raises 600 to 1,200
53c07921: folds
f1ef7b84: folds
382212f4: folds
dac22847: calls 1,200
Hero: raises 5,280 to 6,480 and is all-in
47e84c3: calls 5,720 and is all-in
892f882f: folds
dac22847: calls 5,280
Hero: shows [5c Ad]
47e84c3: shows [Jd Qd]
dac22847: shows [Tc Qc]
*** FLOP *** [Kh Kc Td]
*** TURN *** [Kh Kc Td] [9h]
*** RIVER *** [Kh Kc Td 9h] [3d]
*** SHOWDOWN ***
47e84c3 collected 20,880 from pot
dac22847 collected 320 from pot
*** SUMMARY ***
Total pot 21,200 | Rake 0 | Jackpot 0 | Bingo 0 | Fortune 0 | Tax 0
Board [Kh Kc Td 9h 3d]
Seat 1: 892f882f folded before Flop
Seat 2: 53c07921 folded before Flop
Seat 3: f1ef7b84 folded before Flop
Seat 4: 382212f4 folded before Flop
Seat 5: dac22847 (button) showed [Tc Qc] and won (320) with two pair, Kings and Tens
Seat 6: Hero (small blind) showed [5c Ad] and lost with a pair of Kings
Seat 7: 47e84c3 (big blind) showed [Jd Qd] and won (20,880) with a straight, King to Nine
Seat 8: 69753536 folded before Flop


Poker Hand #TM5667449670: Tournament #267775822, Bounty Hunters Special $8.88 Hold'em No Limit - Level11(300/600(90)) - 2026/03/05 23:04:51
Table '101' 8-max Seat #4 is the button
Seat 2: 53c07921 (10,225 in chips)
Seat 3: f1ef7b84 (33,762 in chips)
Seat 4: 382212f4 (25,957 in chips)
Seat 5: dac22847 (52,499 in chips)
Seat 6: Hero (7,860 in chips)
Seat 7: 47e84c3 (6,500 in chips)
Seat 8: 69753536 (67,522 in chips)
Hero: posts the ante 90
382212f4: posts the ante 90
53c07921: posts the ante 90
69753536: posts the ante 90
dac22847: posts the ante 90
f1ef7b84: posts the ante 90
47e84c3: posts the ante 90
dac22847: posts small blind 300
Hero: posts big blind 600
*** HOLE CARDS ***
Dealt to 53c07921 
Dealt to f1ef7b84 
Dealt to 382212f4 
Dealt to dac22847 
Dealt to Hero [Ts Kd]
Dealt to 47e84c3 
Dealt to 69753536 
47e84c3: folds
69753536: raises 600 to 1,200
53c07921: folds
f1ef7b84: folds
382212f4: folds
dac22847: calls 900
Hero: calls 600
*** FLOP *** [Qs 8h 5h]
dac22847: checks
Hero: checks
69753536: bets 2,115
dac22847: folds
Hero: folds
Uncalled bet (2,115) returned to 69753536
*** SHOWDOWN ***
69753536 collected 4,230 from pot
*** SUMMARY ***
Total pot 4,230 | Rake 0 | Jackpot 0 | Bingo 0 | Fortune 0 | Tax 0
Board [Qs 8h 5h]
Seat 2: 53c07921 folded before Flop
Seat 3: f1ef7b84 folded before Flop
Seat 4: 382212f4 (button) folded before Flop
Seat 5: dac22847 (small blind) folded on the Flop
Seat 6: Hero (big blind) folded on the Flop
Seat 7: 47e84c3 folded before Flop
Seat 8: 69753536 won (4,230)


Poker Hand #TM5667449642: Tournament #267775822, Bounty Hunters Special $8.88 Hold'em No Limit - Level10(250/500(75)) - 2026/03/05 23:03:30
Table '101' 8-max Seat #3 is the button
Seat 2: 53c07921 (10,300 in chips)
Seat 3: f1ef7b84 (33,837 in chips)
Seat 4: 382212f4 (28,482 in chips)
Seat 5: dac22847 (48,599 in chips)
Seat 6: Hero (7,935 in chips)
Seat 7: 47e84c3 (7,575 in chips)
Seat 8: 69753536 (67,597 in chips)
Hero: posts the ante 75
53c07921: posts the ante 75
382212f4: posts the ante 75
69753536: posts the ante 75
dac22847: posts the ante 75
f1ef7b84: posts the ante 75
47e84c3: posts the ante 75
382212f4: posts small blind 250
dac22847: posts big blind 500
*** HOLE CARDS ***
Dealt to 53c07921 
Dealt to f1ef7b84 
Dealt to 382212f4 
Dealt to dac22847 
Dealt to Hero [Tc 4h]
Dealt to 47e84c3 
Dealt to 69753536 
Hero: folds
47e84c3: raises 500 to 1,000
69753536: folds
53c07921: folds
f1ef7b84: folds
382212f4: calls 750
dac22847: calls 500
*** FLOP *** [8s 7h Qc]
382212f4: checks
dac22847: checks
47e84c3: checks
*** TURN *** [8s 7h Qc] [5s]
382212f4: bets 1,450
dac22847: calls 1,450
47e84c3: folds
*** RIVER *** [8s 7h Qc 5s] [Qh]
382212f4: checks
dac22847: bets 5,000
382212f4: folds
Uncalled bet (5,000) returned to dac22847
*** SHOWDOWN ***
dac22847 collected 6,425 from pot
*** SUMMARY ***
Total pot 6,425 | Rake 0 | Jackpot 0 | Bingo 0 | Fortune 0 | Tax 0
Board [8s 7h Qc 5s Qh]
Seat 2: 53c07921 folded before Flop
Seat 3: f1ef7b84 (button) folded before Flop
Seat 4: 382212f4 (small blind) folded on the River
Seat 5: dac22847 (big blind) won (6,425)
Seat 6: Hero folded before Flop
Seat 7: 47e84c3 folded on the Turn
Seat 8: 69753536 folded before Flop


Poker Hand #TM5667449627: Tournament #267775822, Bounty Hunters Special $8.88 Hold'em No Limit - Level10(250/500(75)) - 2026/03/05 23:02:55
Table '101' 8-max Seat #2 is the button
Seat 2: 53c07921 (9,100 in chips)
Seat 3: f1ef7b84 (34,162 in chips)
Seat 4: 382212f4 (29,057 in chips)
Seat 5: dac22847 (48,674 in chips)
Seat 6: Hero (8,010 in chips)
Seat 7: 47e84c3 (7,650 in chips)
Seat 8: 69753536 (67,672 in chips)
Hero: posts the ante 75
53c07921: posts the ante 75
382212f4: posts the ante 75
69753536: posts the ante 75
dac22847: posts the ante 75
f1ef7b84: posts the ante 75
47e84c3: posts the ante 75
f1ef7b84: posts small blind 250
382212f4: posts big blind 500
*** HOLE CARDS ***
Dealt to 53c07921 
Dealt to f1ef7b84 
Dealt to 382212f4 
Dealt to dac22847 
Dealt to Hero [3c Qh]
Dealt to 47e84c3 
Dealt to 69753536 
dac22847: folds
Hero: folds
47e84c3: folds
69753536: folds
53c07921: raises 8,525 to 9,025 and is all-in
f1ef7b84: folds
382212f4: folds
Uncalled bet (8,525) returned to 53c07921
*** SHOWDOWN ***
53c07921 collected 1,775 from pot
*** SUMMARY ***
Total pot 1,775 | Rake 0 | Jackpot 0 | Bingo 0 | Fortune 0 | Tax 0
Seat 2: 53c07921 (button) collected (1,775)
Seat 3: f1ef7b84 (small blind) folded before Flop
Seat 4: 382212f4 (big blind) folded before Flop
Seat 5: dac22847 folded before Flop
Seat 6: Hero folded before Flop
Seat 7: 47e84c3 folded before Flop
Seat 8: 69753536 folded before Flop


Poker Hand #TM5667449602: Tournament #267775822, Bounty Hunters Special $8.88 Hold'em No Limit - Level10(250/500(75)) - 2026/03/05 23:01:50
Table '101' 8-max Seat #1 is the button
Seat 1: 821a3db (9,988 in chips)
Seat 2: 53c07921 (9,425 in chips)
Seat 3: f1ef7b84 (23,474 in chips)
Seat 4: 382212f4 (29,132 in chips)
Seat 5: dac22847 (48,749 in chips)
Seat 6: Hero (8,085 in chips)
Seat 7: 47e84c3 (7,725 in chips)
Seat 8: 69753536 (67,747 in chips)
821a3db: posts the ante 75
Hero: posts the ante 75
382212f4: posts the ante 75
53c07921: posts the ante 75
69753536: posts the ante 75
dac22847: posts the ante 75
f1ef7b84: posts the ante 75
47e84c3: posts the ante 75
53c07921: posts small blind 250
f1ef7b84: posts big blind 500
*** HOLE CARDS ***
Dealt to 821a3db 
Dealt to 53c07921 
Dealt to f1ef7b84 
Dealt to 382212f4 
Dealt to dac22847 
Dealt to Hero [Ts 7s]
Dealt to 47e84c3 
Dealt to 69753536 
382212f4: folds
dac22847: folds
Hero: folds
47e84c3: folds
69753536: folds
821a3db: raises 1,000 to 1,500
53c07921: folds
f1ef7b84: calls 1,000
*** FLOP *** [5c Ah 6h]
f1ef7b84: checks
821a3db: bets 3,388
f1ef7b84: raises 18,511 to 21,899 and is all-in
821a3db: calls 5,025 and is all-in
Uncalled bet (13,486) returned to f1ef7b84
f1ef7b84: shows [Ac 4d] (a pair of Aces)
821a3db: shows [As Th] (a pair of Aces)
*** TURN *** [5c Ah 6h] [4h]
*** RIVER *** [5c Ah 6h 4h] [Jd]
*** SHOWDOWN ***
f1ef7b84 collected 20,676 from pot
*** SUMMARY ***
Total pot 20,676 | Rake 0 | Jackpot 0 | Bingo 0 | Fortune 0 | Tax 0
Board [5c Ah 6h 4h Jd]
Seat 1: 821a3db (button) showed [As Th] and lost with a pair of Aces
Seat 2: 53c07921 (small blind) folded before Flop
Seat 3: f1ef7b84 (big blind) showed [Ac 4d] and won (20,676) with two pair, Aces and Fours
Seat 4: 382212f4 folded before Flop
Seat 5: dac22847 folded before Flop
Seat 6: Hero folded before Flop
Seat 7: 47e84c3 folded before Flop
Seat 8: 69753536 folded before Flop


Poker Hand #TM5667449580: Tournament #267775822, Bounty Hunters Special $8.88 Hold'em No Limit - Level10(250/500(75)) - 2026/03/05 22:54:35
Table '101' 8-max Seat #8 is the button
Seat 1: 821a3db (12,738 in chips)
Seat 2: 53c07921 (10,000 in chips)
Seat 3: f1ef7b84 (23,549 in chips)
Seat 4: 382212f4 (29,207 in chips)
Seat 5: dac22847 (37,811 in chips)
Seat 6: Hero (8,160 in chips)
Seat 7: 47e84c3 (7,800 in chips)
Seat 8: 69753536 (75,060 in chips)
821a3db: posts the ante 75
Hero: posts the ante 75
382212f4: posts the ante 75
53c07921: posts the ante 75
69753536: posts the ante 75
dac22847: posts the ante 75
f1ef7b84: posts the ante 75
47e84c3: posts the ante 75
821a3db: posts small blind 250
53c07921: posts big blind 500
*** HOLE CARDS ***
Dealt to 821a3db 
Dealt to 53c07921 
Dealt to f1ef7b84 
Dealt to 382212f4 
Dealt to dac22847 
Dealt to Hero [2d Qh]
Dealt to 47e84c3 
Dealt to 69753536 
f1ef7b84: folds
382212f4: folds
dac22847: raises 500 to 1,000
Hero: folds
47e84c3: folds
69753536: raises 1,675 to 2,675
821a3db: calls 2,425
53c07921: folds
dac22847: calls 1,675
*** FLOP *** [3h 8d 6c]
821a3db: checks
dac22847: checks
69753536: bets 4,563
821a3db: folds
dac22847: raises 30,498 to 35,061 and is all-in
69753536: folds
Uncalled bet (30,498) returned to dac22847
69753536: shows [8s]
dac22847: shows [3d 6d] (two pair, Sixes and Threes)
*** SHOWDOWN ***
dac22847 collected 18,251 from pot
*** SUMMARY ***
Total pot 18,251 | Rake 0 | Jackpot 0 | Bingo 0 | Fortune 0 | Tax 0
Board [3h 8d 6c]
Seat 1: 821a3db (small blind) folded on the Flop
Seat 2: 53c07921 (big blind) folded before Flop
Seat 3: f1ef7b84 folded before Flop
Seat 4: 382212f4 folded before Flop
Seat 5: dac22847 showed [3d 6d] and won (18,251)
Seat 6: Hero folded before Flop
Seat 7: 47e84c3 folded before Flop
Seat 8: 69753536 (button) folded on the Flop


Poker Hand #TM5667449548: Tournament #267775822, Bounty Hunters Special $8.88 Hold'em No Limit - Level10(250/500(75)) - 2026/03/05 22:52:52
Table '101' 8-max Seat #7 is the button
Seat 1: 821a3db (13,313 in chips)
Seat 3: f1ef7b84 (26,613 in chips)
Seat 4: 382212f4 (22,268 in chips)
Seat 5: dac22847 (38,886 in chips)
Seat 6: Hero (8,235 in chips)
Seat 7: 47e84c3 (8,875 in chips)
Seat 8: 69753536 (76,135 in chips)
821a3db: posts the ante 75
Hero: posts the ante 75
382212f4: posts the ante 75
69753536: posts the ante 75
dac22847: posts the ante 75
f1ef7b84: posts the ante 75
47e84c3: posts the ante 75
69753536: posts small blind 250
821a3db: posts big blind 500
*** HOLE CARDS ***
Dealt to 821a3db 
Dealt to f1ef7b84 
Dealt to 382212f4 
Dealt to dac22847 
Dealt to Hero [7s Jc]
Dealt to 47e84c3 
Dealt to 69753536 
f1ef7b84: raises 500 to 1,000
382212f4: calls 1,000
dac22847: calls 1,000
Hero: folds
47e84c3: calls 1,000
69753536: calls 750
821a3db: folds
*** FLOP *** [8d 2c 8c]
69753536: checks
f1ef7b84: checks
382212f4: checks
dac22847: checks
47e84c3: checks
*** TURN *** [8d 2c 8c] [3h]
69753536: checks
f1ef7b84: checks
382212f4: bets 1,989
dac22847: folds
47e84c3: folds
69753536: folds
f1ef7b84: calls 1,989
*** RIVER *** [8d 2c 8c 3h] [Jh]
f1ef7b84: checks
382212f4: bets 7,503
f1ef7b84: folds
Uncalled bet (7,503) returned to 382212f4
*** SHOWDOWN ***
382212f4 collected 10,003 from pot
*** SUMMARY ***
Total pot 10,003 | Rake 0 | Jackpot 0 | Bingo 0 | Fortune 0 | Tax 0
Board [8d 2c 8c 3h Jh]
Seat 1: 821a3db (big blind) folded before Flop
Seat 3: f1ef7b84 folded on the River
Seat 4: 382212f4 won (10,003)
Seat 5: dac22847 folded on the Turn
Seat 6: Hero folded before Flop
Seat 7: 47e84c3 (button) folded on the Turn
Seat 8: 69753536 (small blind) folded on the Turn


Poker Hand #TM5667449534: Tournament #267775822, Bounty Hunters Special $8.88 Hold'em No Limit - Level10(250/500(75)) - 2026/03/05 22:52:31
Table '101' 8-max Seat #6 is the button
Seat 1: 821a3db (13,388 in chips)
Seat 3: f1ef7b84 (26,688 in chips)
Seat 4: 382212f4 (22,343 in chips)
Seat 5: dac22847 (38,961 in chips)
Seat 6: Hero (7,035 in chips)
Seat 7: 47e84c3 (9,200 in chips)
Seat 8: 69753536 (76,710 in chips)
821a3db: posts the ante 75
Hero: posts the ante 75
382212f4: posts the ante 75
69753536: posts the ante 75
dac22847: posts the ante 75
f1ef7b84: posts the ante 75
47e84c3: posts the ante 75
47e84c3: posts small blind 250
69753536: posts big blind 500
*** HOLE CARDS ***
Dealt to 821a3db 
Dealt to f1ef7b84 
Dealt to 382212f4 
Dealt to dac22847 
Dealt to Hero [7c Ac]
Dealt to 47e84c3 
Dealt to 69753536 
821a3db: folds
f1ef7b84: folds
382212f4: folds
dac22847: folds
Hero: raises 6,460 to 6,960 and is all-in
47e84c3: folds
69753536: folds
Uncalled bet (6,460) returned to Hero
*** SHOWDOWN ***
Hero collected 1,775 from pot
*** SUMMARY ***
Total pot 1,775 | Rake 0 | Jackpot 0 | Bingo 0 | Fortune 0 | Tax 0
Seat 1: 821a3db folded before Flop
Seat 3: f1ef7b84 folded before Flop
Seat 4: 382212f4 folded before Flop
Seat 5: dac22847 folded before Flop
Seat 6: Hero (button) collected (1,775)
Seat 7: 47e84c3 (small blind) folded before Flop
Seat 8: 69753536 (big blind) folded before Flop


Poker Hand #TM5667449525: Tournament #267775822, Bounty Hunters Special $8.88 Hold'em No Limit - Level10(250/500(75)) - 2026/03/05 22:51:58
Table '101' 8-max Seat #5 is the button
Seat 1: 821a3db (10,369 in chips)
Seat 3: f1ef7b84 (26,763 in chips)
Seat 4: 382212f4 (22,418 in chips)
Seat 5: dac22847 (39,036 in chips)
Seat 6: Hero (7,360 in chips)
Seat 7: 47e84c3 (9,775 in chips)
Seat 8: 69753536 (78,604 in chips)
821a3db: posts the ante 75
Hero: posts the ante 75
382212f4: posts the ante 75
69753536: posts the ante 75
dac22847: posts the ante 75
f1ef7b84: posts the ante 75
47e84c3: posts the ante 75
Hero: posts small blind 250
47e84c3: posts big blind 500
*** HOLE CARDS ***
Dealt to 821a3db 
Dealt to f1ef7b84 
Dealt to 382212f4 
Dealt to dac22847 
Dealt to Hero [8s Kd]
Dealt to 47e84c3 
Dealt to 69753536 
69753536: raises 500 to 1,000
821a3db: calls 1,000
f1ef7b84: folds
382212f4: folds
dac22847: folds
Hero: folds
47e84c3: folds
*** FLOP *** [7d Ks 9s]
69753536: bets 819
821a3db: raises 2,457 to 3,276
69753536: folds
Uncalled bet (2,457) returned to 821a3db
*** SHOWDOWN ***
821a3db collected 4,913 from pot
*** SUMMARY ***
Total pot 4,913 | Rake 0 | Jackpot 0 | Bingo 0 | Fortune 0 | Tax 0
Board [7d Ks 9s]
Seat 1: 821a3db won (4,913)
Seat 3: f1ef7b84 folded before Flop
Seat 4: 382212f4 folded before Flop
Seat 5: dac22847 (button) folded before Flop
Seat 6: Hero (small blind) folded before Flop
Seat 7: 47e84c3 (big blind) folded before Flop
Seat 8: 69753536 folded on the Flop


Poker Hand #TM5667449507: Tournament #267775822, Bounty Hunters Special $8.88 Hold'em No Limit - Level10(250/500(75)) - 2026/03/05 22:51:06
Table '101' 8-max Seat #4 is the button
Seat 1: 821a3db (10,444 in chips)
Seat 2: 3824418 (1,588 in chips)
Seat 3: f1ef7b84 (28,351 in chips)
Seat 4: 382212f4 (22,493 in chips)
Seat 5: dac22847 (39,361 in chips)
Seat 6: Hero (7,935 in chips)
Seat 7: 47e84c3 (9,850 in chips)
Seat 8: 69753536 (74,303 in chips)
821a3db: posts the ante 75
3824418: posts the ante 75
Hero: posts the ante 75
382212f4: posts the ante 75
69753536: posts the ante 75
dac22847: posts the ante 75
f1ef7b84: posts the ante 75
47e84c3: posts the ante 75
dac22847: posts small blind 250
Hero: posts big blind 500
*** HOLE CARDS ***
Dealt to 821a3db 
Dealt to 3824418 
Dealt to f1ef7b84 
Dealt to 382212f4 
Dealt to dac22847 
Dealt to Hero [7c 4s]
Dealt to 47e84c3 
Dealt to 69753536 
47e84c3: folds
69753536: raises 500 to 1,000
821a3db: folds
3824418: raises 513 to 1,513 and is all-in
f1ef7b84: calls 1,513
382212f4: folds
dac22847: folds
Hero: folds
69753536: calls 513
*** FLOP *** [Jd Ts 6s]
69753536: checks
f1ef7b84: checks
*** TURN *** [Jd Ts 6s] [2s]
69753536: checks
f1ef7b84: checks
*** RIVER *** [Jd Ts 6s 2s] [Qh]
69753536: bets 500
f1ef7b84: folds
Uncalled bet (500) returned to 69753536
69753536: shows [Qc Kh] (a pair of Queens)
3824418: shows [Th Ah] (a pair of Tens)
*** SHOWDOWN ***
69753536 collected 5,889 from pot
*** SUMMARY ***
Total pot 5,889 | Rake 0 | Jackpot 0 | Bingo 0 | Fortune 0 | Tax 0
Board [Jd Ts 6s 2s Qh]
Seat 1: 821a3db folded before Flop
Seat 2: 3824418 showed [Th Ah] and lost with a pair of Tens
Seat 3: f1ef7b84 folded on the River
Seat 4: 382212f4 (button) folded before Flop
Seat 5: dac22847 (small blind) folded before Flop
Seat 6: Hero (big blind) folded before Flop
Seat 7: 47e84c3 folded before Flop
Seat 8: 69753536 showed [Qc Kh] and won (5,889) with a pair of Queens


Poker Hand #TM5667449494: Tournament #267775822, Bounty Hunters Special $8.88 Hold'em No Limit - Level10(250/500(75)) - 2026/03/05 22:50:24
Table '101' 8-max Seat #3 is the button
Seat 1: 821a3db (11,519 in chips)
Seat 2: 3824418 (322 in chips)
Seat 3: f1ef7b84 (28,426 in chips)
Seat 4: 382212f4 (22,818 in chips)
Seat 5: dac22847 (38,927 in chips)
Seat 6: Hero (8,010 in chips)
Seat 7: 47e84c3 (9,925 in chips)
Seat 8: 69753536 (74,378 in chips)
821a3db: posts the ante 75
3824418: posts the ante 75
Hero: posts the ante 75
382212f4: posts the ante 75
69753536: posts the ante 75
dac22847: posts the ante 75
f1ef7b84: posts the ante 75
47e84c3: posts the ante 75
382212f4: posts small blind 250
dac22847: posts big blind 500
*** HOLE CARDS ***
Dealt to 821a3db 
Dealt to 3824418 
Dealt to f1ef7b84 
Dealt to 382212f4 
Dealt to dac22847 
Dealt to Hero [8d Ac]
Dealt to 47e84c3 
Dealt to 69753536 
Hero: folds
47e84c3: folds
69753536: folds
821a3db: raises 500 to 1,000
3824418: calls 247 and is all-in
f1ef7b84: folds
382212f4: folds
dac22847: calls 500
*** FLOP *** [5c 4d 6s]
dac22847: bets 1,549
821a3db: folds
Uncalled bet (1,549) returned to dac22847
dac22847: shows [Kh 4h] (a pair of Fours)
3824418: shows [Qh 5s] (a pair of Fives)
*** TURN *** [5c 4d 6s] [Jh]
*** RIVER *** [5c 4d 6s Jh] [Qd]
*** SHOWDOWN ***
3824418 collected 1,588 from pot
dac22847 collected 1,509 from pot
*** SUMMARY ***
Total pot 3,097 | Rake 0 | Jackpot 0 | Bingo 0 | Fortune 0 | Tax 0
Board [5c 4d 6s Jh Qd]
Seat 1: 821a3db folded on the Flop
Seat 2: 3824418 showed [Qh 5s] and won (1,588) with two pair, Queens and Fives
Seat 3: f1ef7b84 (button) folded before Flop
Seat 4: 382212f4 (small blind) folded before Flop
Seat 5: dac22847 (big blind) showed [Kh 4h] and won (1,509) with a pair of Fours
Seat 6: Hero folded before Flop
Seat 7: 47e84c3 folded before Flop
Seat 8: 69753536 folded before Flop


Poker Hand #TM5667449479: Tournament #267775822, Bounty Hunters Special $8.88 Hold'em No Limit - Level10(250/500(75)) - 2026/03/05 22:49:38
Table '101' 8-max Seat #2 is the button
Seat 1: 821a3db (11,594 in chips)
Seat 2: 3824418 (11,381 in chips)
Seat 3: f1ef7b84 (28,751 in chips)
Seat 4: 382212f4 (11,059 in chips)
Seat 5: dac22847 (39,002 in chips)
Seat 6: Hero (8,085 in chips)
Seat 7: 47e84c3 (10,000 in chips)
Seat 8: 69753536 (74,453 in chips)
821a3db: posts the ante 75
3824418: posts the ante 75
Hero: posts the ante 75
382212f4: posts the ante 75
69753536: posts the ante 75
dac22847: posts the ante 75
f1ef7b84: posts the ante 75
47e84c3: posts the ante 75
f1ef7b84: posts small blind 250
382212f4: posts big blind 500
*** HOLE CARDS ***
Dealt to 821a3db 
Dealt to 3824418 
Dealt to f1ef7b84 
Dealt to 382212f4 
Dealt to dac22847 
Dealt to Hero [4h 6h]
Dealt to 47e84c3 
Dealt to 69753536 
dac22847: folds
Hero: folds
47e84c3: folds
69753536: folds
821a3db: folds
3824418: raises 500 to 1,000
f1ef7b84: folds
382212f4: raises 2,138 to 3,138
3824418: raises 8,168 to 11,306 and is all-in
382212f4: calls 7,846 and is all-in
Uncalled bet (322) returned to 3824418
3824418: shows [Qh Jc]
382212f4: shows [8s Ac]
*** FLOP *** [Td 6s 2s]
*** TURN *** [Td 6s 2s] [5s]
*** RIVER *** [Td 6s 2s 5s] [5d]
*** SHOWDOWN ***
382212f4 collected 22,818 from pot
*** SUMMARY ***
Total pot 22,818 | Rake 0 | Jackpot 0 | Bingo 0 | Fortune 0 | Tax 0
Board [Td 6s 2s 5s 5d]
Seat 1: 821a3db folded before Flop
Seat 2: 3824418 (button) showed [Qh Jc] and lost with a pair of Fives
Seat 3: f1ef7b84 (small blind) folded before Flop
Seat 4: 382212f4 (big blind) showed [8s Ac] and won (22,818) with a pair of Fives
Seat 5: dac22847 folded before Flop
Seat 6: Hero folded before Flop
Seat 7: 47e84c3 folded before Flop
Seat 8: 69753536 folded before Flop


Poker Hand #TM5667449468: Tournament #267775822, Bounty Hunters Special $8.88 Hold'em No Limit - Level9(200/400(60)) - 2026/03/05 22:49:06
Table '101' 8-max Seat #1 is the button
Seat 1: 821a3db (11,654 in chips)
Seat 2: 3824418 (12,360 in chips)
Seat 3: f1ef7b84 (29,211 in chips)
Seat 4: 382212f4 (9,380 in chips)
Seat 5: dac22847 (39,062 in chips)
Seat 6: Hero (8,145 in chips)
Seat 8: 69753536 (74,513 in chips)
821a3db: posts the ante 60
Hero: posts the ante 60
3824418: posts the ante 60
382212f4: posts the ante 60
69753536: posts the ante 60
dac22847: posts the ante 60
f1ef7b84: posts the ante 60
3824418: posts small blind 200
f1ef7b84: posts big blind 400
*** HOLE CARDS ***
Dealt to 821a3db 
Dealt to 3824418 
Dealt to f1ef7b84 
Dealt to 382212f4 
Dealt to dac22847 
Dealt to Hero [4c 8c]
Dealt to 69753536 
382212f4: raises 519 to 919
dac22847: folds
Hero: folds
69753536: folds
821a3db: folds
3824418: calls 719
f1ef7b84: folds
*** FLOP *** [5d 2h 3d]
3824418: checks
382212f4: bets 1,329
3824418: folds
Uncalled bet (1,329) returned to 382212f4
*** SHOWDOWN ***
382212f4 collected 2,658 from pot
*** SUMMARY ***
Total pot 2,658 | Rake 0 | Jackpot 0 | Bingo 0 | Fortune 0 | Tax 0
Board [5d 2h 3d]
Seat 1: 821a3db (button) folded before Flop
Seat 2: 3824418 (small blind) folded on the Flop
Seat 3: f1ef7b84 (big blind) folded before Flop
Seat 4: 382212f4 won (2,658)
Seat 5: dac22847 folded before Flop
Seat 6: Hero folded before Flop
Seat 8: 69753536 folded before Flop


Poker Hand #TM5667449455: Tournament #267775822, Bounty Hunters Special $8.88 Hold'em No Limit - Level9(200/400(60)) - 2026/03/05 22:48:36
Table '101' 8-max Seat #8 is the button
Seat 1: 821a3db (11,914 in chips)
Seat 2: 3824418 (12,820 in chips)
Seat 3: f1ef7b84 (29,271 in chips)
Seat 4: 382212f4 (9,440 in chips)
Seat 5: dac22847 (39,122 in chips)
Seat 6: Hero (8,205 in chips)
Seat 8: 69753536 (73,553 in chips)
821a3db: posts the ante 60
Hero: posts the ante 60
3824418: posts the ante 60
382212f4: posts the ante 60
69753536: posts the ante 60
dac22847: posts the ante 60
f1ef7b84: posts the ante 60
821a3db: posts small blind 200
3824418: posts big blind 400
*** HOLE CARDS ***
Dealt to 821a3db 
Dealt to 3824418 
Dealt to f1ef7b84 
Dealt to 382212f4 
Dealt to dac22847 
Dealt to Hero [9c Jd]
Dealt to 69753536 
f1ef7b84: folds
382212f4: folds
dac22847: folds
Hero: folds
69753536: raises 400 to 800
821a3db: folds
3824418: folds
Uncalled bet (400) returned to 69753536
*** SHOWDOWN ***
69753536 collected 1,420 from pot
*** SUMMARY ***
Total pot 1,420 | Rake 0 | Jackpot 0 | Bingo 0 | Fortune 0 | Tax 0
Seat 1: 821a3db (small blind) folded before Flop
Seat 2: 3824418 (big blind) folded before Flop
Seat 3: f1ef7b84 folded before Flop
Seat 4: 382212f4 folded before Flop
Seat 5: dac22847 folded before Flop
Seat 6: Hero folded before Flop
Seat 8: 69753536 (button) collected (1,420)


Poker Hand #TM5667449441: Tournament #267775822, Bounty Hunters Special $8.88 Hold'em No Limit - Level9(200/400(60)) - 2026/03/05 22:47:59
Table '101' 8-max Seat #6 is the button
Seat 1: 821a3db (12,374 in chips)
Seat 2: 3824418 (9,940 in chips)
Seat 3: f1ef7b84 (29,331 in chips)
Seat 4: 382212f4 (9,500 in chips)
Seat 5: dac22847 (41,102 in chips)
Seat 6: Hero (8,265 in chips)
Seat 8: 69753536 (73,813 in chips)
821a3db: posts the ante 60
Hero: posts the ante 60
3824418: posts the ante 60
382212f4: posts the ante 60
69753536: posts the ante 60
dac22847: posts the ante 60
f1ef7b84: posts the ante 60
69753536: posts small blind 200
821a3db: posts big blind 400
*** HOLE CARDS ***
Dealt to 821a3db 
Dealt to 3824418 
Dealt to f1ef7b84 
Dealt to 382212f4 
Dealt to dac22847 
Dealt to Hero [Td 3d]
Dealt to 69753536 
3824418: raises 440 to 840
f1ef7b84: folds
382212f4: folds
dac22847: calls 840
Hero: folds
69753536: folds
821a3db: folds
*** FLOP *** [2d 2s 8d]
3824418: bets 1,080
dac22847: calls 1,080
*** TURN *** [2d 2s 8d] [3h]
3824418: bets 7,960 and is all-in
dac22847: folds
Uncalled bet (7,960) returned to 3824418
*** SHOWDOWN ***
3824418 collected 4,860 from pot
*** SUMMARY ***
Total pot 4,860 | Rake 0 | Jackpot 0 | Bingo 0 | Fortune 0 | Tax 0
Board [2d 2s 8d 3h]
Seat 1: 821a3db (big blind) folded before Flop
Seat 2: 3824418 won (4,860)
Seat 3: f1ef7b84 folded before Flop
Seat 4: 382212f4 folded before Flop
Seat 5: dac22847 folded on the Turn
Seat 6: Hero (button) folded before Flop
Seat 8: 69753536 (small blind) folded before Flop


Poker Hand #TM5667449426: Tournament #267775822, Bounty Hunters Special $8.88 Hold'em No Limit - Level9(200/400(60)) - 2026/03/05 22:47:16
Table '101' 8-max Seat #5 is the button
Seat 1: 821a3db (12,434 in chips)
Seat 2: 3824418 (10,000 in chips)
Seat 3: f1ef7b84 (23,646 in chips)
Seat 4: 382212f4 (9,560 in chips)
Seat 5: dac22847 (41,162 in chips)
Seat 6: Hero (8,525 in chips)
Seat 7: 27cf8aca (5,125 in chips)
Seat 8: 69753536 (73,873 in chips)
821a3db: posts the ante 60
3824418: posts the ante 60
Hero: posts the ante 60
382212f4: posts the ante 60
27cf8aca: posts the ante 60
69753536: posts the ante 60
dac22847: posts the ante 60
f1ef7b84: posts the ante 60
Hero: posts small blind 200
27cf8aca: posts big blind 400
*** HOLE CARDS ***
Dealt to 821a3db 
Dealt to 3824418 
Dealt to f1ef7b84 
Dealt to 382212f4 
Dealt to dac22847 
Dealt to Hero [Td 3d]
Dealt to 27cf8aca 
Dealt to 69753536 
69753536: folds
821a3db: folds
3824418: folds
f1ef7b84: raises 400 to 800
382212f4: folds
dac22847: folds
Hero: folds
27cf8aca: raises 4,265 to 5,065 and is all-in
f1ef7b84: calls 4,265
27cf8aca: shows [Ks Qd]
f1ef7b84: shows [6c 7c]
*** FLOP *** [8c 6h 6d]
*** TURN *** [8c 6h 6d] [3h]
*** RIVER *** [8c 6h 6d 3h] [8h]
*** SHOWDOWN ***
f1ef7b84 collected 10,810 from pot
*** SUMMARY ***
Total pot 10,810 | Rake 0 | Jackpot 0 | Bingo 0 | Fortune 0 | Tax 0
Board [8c 6h 6d 3h 8h]
Seat 1: 821a3db folded before Flop
Seat 2: 3824418 folded before Flop
Seat 3: f1ef7b84 showed [6c 7c] and won (10,810) with a full house, Sixes full of Eights
Seat 4: 382212f4 folded before Flop
Seat 5: dac22847 (button) folded before Flop
Seat 6: Hero (small blind) folded before Flop
Seat 7: 27cf8aca (big blind) showed [Ks Qd] and lost with two pair, Eights and Sixes
Seat 8: 69753536 folded before Flop


Poker Hand #TM5667449395: Tournament #267775822, Bounty Hunters Special $8.88 Hold'em No Limit - Level9(200/400(60)) - 2026/03/05 22:45:28
Table '101' 8-max Seat #4 is the button
Seat 1: 821a3db (12,494 in chips)
Seat 3: f1ef7b84 (29,216 in chips)
Seat 4: 382212f4 (9,620 in chips)
Seat 5: dac22847 (41,422 in chips)
Seat 6: Hero (9,385 in chips)
Seat 7: 27cf8aca (5,185 in chips)
Seat 8: 69753536 (67,003 in chips)
821a3db: posts the ante 60
Hero: posts the ante 60
382212f4: posts the ante 60
27cf8aca: posts the ante 60
69753536: posts the ante 60
dac22847: posts the ante 60
f1ef7b84: posts the ante 60
dac22847: posts small blind 200
Hero: posts big blind 400
*** HOLE CARDS ***
Dealt to 821a3db 
Dealt to f1ef7b84 
Dealt to 382212f4 
Dealt to dac22847 
Dealt to Hero [Qd 9h]
Dealt to 27cf8aca 
Dealt to 69753536 
27cf8aca: folds
69753536: raises 400 to 800
821a3db: folds
f1ef7b84: calls 800
382212f4: folds
dac22847: folds
Hero: calls 400
*** FLOP *** [5d Jc Th]
Hero: checks
69753536: checks
f1ef7b84: checks
*** TURN *** [5d Jc Th] [As]
Hero: checks
69753536: checks
f1ef7b84: bets 1,510
Hero: folds
69753536: calls 1,510
*** RIVER *** [5d Jc Th As] [2d]
69753536: checks
f1ef7b84: bets 3,200
69753536: calls 3,200
f1ef7b84: shows [Ac 2c] (two pair, Aces and Twos)
69753536: shows [Ad Ts] (two pair, Aces and Tens)
*** SHOWDOWN ***
69753536 collected 12,440 from pot
*** SUMMARY ***
Total pot 12,440 | Rake 0 | Jackpot 0 | Bingo 0 | Fortune 0 | Tax 0
Board [5d Jc Th As 2d]
Seat 1: 821a3db folded before Flop
Seat 3: f1ef7b84 showed [Ac 2c] and lost with two pair, Aces and Twos
Seat 4: 382212f4 (button) folded before Flop
Seat 5: dac22847 (small blind) folded before Flop
Seat 6: Hero (big blind) folded on the Turn
Seat 7: 27cf8aca folded before Flop
Seat 8: 69753536 showed [Ad Ts] and won (12,440) with two pair, Aces and Tens


Poker Hand #TM5667449388: Tournament #267775822, Bounty Hunters Special $8.88 Hold'em No Limit - Level9(200/400(60)) - 2026/03/05 22:45:06
Table '101' 8-max Seat #3 is the button
Seat 1: 821a3db (12,554 in chips)
Seat 3: f1ef7b84 (29,276 in chips)
Seat 4: 382212f4 (9,880 in chips)
Seat 5: dac22847 (40,862 in chips)
Seat 6: Hero (9,445 in chips)
Seat 7: 27cf8aca (5,245 in chips)
Seat 8: 69753536 (67,063 in chips)
821a3db: posts the ante 60
Hero: posts the ante 60
382212f4: posts the ante 60
27cf8aca: posts the ante 60
69753536: posts the ante 60
dac22847: posts the ante 60
f1ef7b84: posts the ante 60
382212f4: posts small blind 200
dac22847: posts big blind 400
*** HOLE CARDS ***
Dealt to 821a3db 
Dealt to f1ef7b84 
Dealt to 382212f4 
Dealt to dac22847 
Dealt to Hero [2s 9c]
Dealt to 27cf8aca 
Dealt to 69753536 
Hero: folds
27cf8aca: folds
69753536: folds
821a3db: folds
f1ef7b84: folds
382212f4: folds
Uncalled bet (200) returned to dac22847
*** SHOWDOWN ***
dac22847 collected 820 from pot
*** SUMMARY ***
Total pot 820 | Rake 0 | Jackpot 0 | Bingo 0 | Fortune 0 | Tax 0
Seat 1: 821a3db folded before Flop
Seat 3: f1ef7b84 (button) folded before Flop
Seat 4: 382212f4 (small blind) folded before Flop
Seat 5: dac22847 (big blind) collected (820)
Seat 6: Hero folded before Flop
Seat 7: 27cf8aca folded before Flop
Seat 8: 69753536 folded before Flop


Poker Hand #TM5667449359: Tournament #267775822, Bounty Hunters Special $8.88 Hold'em No Limit - Level9(200/400(60)) - 2026/03/05 22:43:50
Table '101' 8-max Seat #1 is the button
Seat 1: 821a3db (15,424 in chips)
Seat 2: 499d8d7d (11,237 in chips)
Seat 3: f1ef7b84 (29,736 in chips)
Seat 4: 382212f4 (9,940 in chips)
Seat 5: dac22847 (26,055 in chips)
Seat 6: Hero (9,505 in chips)
Seat 7: 27cf8aca (5,305 in chips)
Seat 8: 69753536 (67,123 in chips)
821a3db: posts the ante 60
Hero: posts the ante 60
382212f4: posts the ante 60
499d8d7d: posts the ante 60
27cf8aca: posts the ante 60
69753536: posts the ante 60
dac22847: posts the ante 60
f1ef7b84: posts the ante 60
499d8d7d: posts small blind 200
f1ef7b84: posts big blind 400
*** HOLE CARDS ***
Dealt to 821a3db 
Dealt to 499d8d7d 
Dealt to f1ef7b84 
Dealt to 382212f4 
Dealt to dac22847 
Dealt to Hero [6d 9d]
Dealt to 27cf8aca 
Dealt to 69753536 
382212f4: folds
dac22847: raises 400 to 800
Hero: folds
27cf8aca: folds
69753536: folds
821a3db: raises 2,010 to 2,810
499d8d7d: calls 2,610
f1ef7b84: folds
dac22847: raises 23,185 to 25,995 and is all-in
821a3db: folds
499d8d7d: calls 8,367 and is all-in
Uncalled bet (14,818) returned to dac22847
dac22847: shows [Qh Qd]
499d8d7d: shows [Jc Kc]
*** FLOP *** [8d 3h Th]
*** TURN *** [8d 3h Th] [Ad]
*** RIVER *** [8d 3h Th Ad] [6c]
*** SHOWDOWN ***
dac22847 collected 26,044 from pot
*** SUMMARY ***
Total pot 26,044 | Rake 0 | Jackpot 0 | Bingo 0 | Fortune 0 | Tax 0
Board [8d 3h Th Ad 6c]
Seat 1: 821a3db (button) folded before Flop
Seat 2: 499d8d7d (small blind) showed [Jc Kc] and lost with Ace high
Seat 3: f1ef7b84 (big blind) folded before Flop
Seat 4: 382212f4 folded before Flop
Seat 5: dac22847 showed [Qh Qd] and won (26,044) with a pair of Queens
Seat 6: Hero folded before Flop
Seat 7: 27cf8aca folded before Flop
Seat 8: 69753536 folded before Flop


Poker Hand #TM5667449338: Tournament #267775822, Bounty Hunters Special $8.88 Hold'em No Limit - Level9(200/400(60)) - 2026/03/05 22:42:45
Table '101' 8-max Seat #8 is the button
Seat 1: 821a3db (15,684 in chips)
Seat 2: 499d8d7d (12,097 in chips)
Seat 3: f1ef7b84 (30,596 in chips)
Seat 4: 382212f4 (10,000 in chips)
Seat 5: dac22847 (26,115 in chips)
Seat 6: Hero (9,565 in chips)
Seat 7: 27cf8aca (5,365 in chips)
Seat 8: 69753536 (64,903 in chips)
821a3db: posts the ante 60
Hero: posts the ante 60
382212f4: posts the ante 60
499d8d7d: posts the ante 60
27cf8aca: posts the ante 60
69753536: posts the ante 60
dac22847: posts the ante 60
f1ef7b84: posts the ante 60
821a3db: posts small blind 200
499d8d7d: posts big blind 400
*** HOLE CARDS ***
Dealt to 821a3db 
Dealt to 499d8d7d 
Dealt to f1ef7b84 
Dealt to 382212f4 
Dealt to dac22847 
Dealt to Hero [3s Ac]
Dealt to 27cf8aca 
Dealt to 69753536 
f1ef7b84: raises 400 to 800
382212f4: folds
dac22847: folds
Hero: folds
27cf8aca: folds
69753536: calls 800
821a3db: folds
499d8d7d: calls 400
*** FLOP *** [9h Jc 8s]
499d8d7d: checks
f1ef7b84: checks
69753536: bets 2,310
499d8d7d: folds
f1ef7b84: folds
Uncalled bet (2,310) returned to 69753536
*** SHOWDOWN ***
69753536 collected 3,080 from pot
*** SUMMARY ***
Total pot 3,080 | Rake 0 | Jackpot 0 | Bingo 0 | Fortune 0 | Tax 0
Board [9h Jc 8s]
Seat 1: 821a3db (small blind) folded before Flop
Seat 2: 499d8d7d (big blind) folded on the Flop
Seat 3: f1ef7b84 folded on the Flop
Seat 4: 382212f4 folded before Flop
Seat 5: dac22847 folded before Flop
Seat 6: Hero folded before Flop
Seat 7: 27cf8aca folded before Flop
Seat 8: 69753536 (button) won (3,080)


Poker Hand #TM5667449320: Tournament #267775822, Bounty Hunters Special $8.88 Hold'em No Limit - Level9(200/400(60)) - 2026/03/05 22:41:44
Table '101' 8-max Seat #7 is the button
Seat 1: 821a3db (17,541 in chips)
Seat 2: 499d8d7d (12,157 in chips)
Seat 3: f1ef7b84 (31,456 in chips)
Seat 5: dac22847 (22,958 in chips)
Seat 6: Hero (9,625 in chips)
Seat 7: 27cf8aca (5,425 in chips)
Seat 8: 69753536 (65,163 in chips)
821a3db: posts the ante 60
Hero: posts the ante 60
499d8d7d: posts the ante 60
27cf8aca: posts the ante 60
69753536: posts the ante 60
dac22847: posts the ante 60
f1ef7b84: posts the ante 60
69753536: posts small blind 200
821a3db: posts big blind 400
*** HOLE CARDS ***
Dealt to 821a3db 
Dealt to 499d8d7d 
Dealt to f1ef7b84 
Dealt to dac22847 
Dealt to Hero [Qs 6s]
Dealt to 27cf8aca 
Dealt to 69753536 
499d8d7d: folds
f1ef7b84: raises 400 to 800
dac22847: calls 800
Hero: folds
27cf8aca: folds
69753536: folds
821a3db: calls 400
*** FLOP *** [2s 9d 2d]
821a3db: checks
f1ef7b84: checks
dac22847: bets 997
821a3db: calls 997
f1ef7b84: folds
*** TURN *** [2s 9d 2d] [2h]
821a3db: checks
dac22847: checks
*** RIVER *** [2s 9d 2d 2h] [Jd]
821a3db: checks
dac22847: bets 1,655
821a3db: folds
Uncalled bet (1,655) returned to dac22847
*** SHOWDOWN ***
dac22847 collected 5,014 from pot
*** SUMMARY ***
Total pot 5,014 | Rake 0 | Jackpot 0 | Bingo 0 | Fortune 0 | Tax 0
Board [2s 9d 2d 2h Jd]
Seat 1: 821a3db (big blind) folded on the River
Seat 2: 499d8d7d folded before Flop
Seat 3: f1ef7b84 folded on the Flop
Seat 5: dac22847 won (5,014)
Seat 6: Hero folded before Flop
Seat 7: 27cf8aca (button) folded before Flop
Seat 8: 69753536 (small blind) folded before Flop


Poker Hand #TM5667449304: Tournament #267775822, Bounty Hunters Special $8.88 Hold'em No Limit - Level8(175/350(50)) - 2026/03/05 22:40:50
Table '101' 8-max Seat #6 is the button
Seat 1: 821a3db (17,591 in chips)
Seat 2: 499d8d7d (14,552 in chips)
Seat 3: f1ef7b84 (31,506 in chips)
Seat 5: dac22847 (19,788 in chips)
Seat 6: Hero (9,675 in chips)
Seat 7: 27cf8aca (5,650 in chips)
Seat 8: 69753536 (65,563 in chips)
821a3db: posts the ante 50
Hero: posts the ante 50
499d8d7d: posts the ante 50
27cf8aca: posts the ante 50
69753536: posts the ante 50
dac22847: posts the ante 50
f1ef7b84: posts the ante 50
27cf8aca: posts small blind 175
69753536: posts big blind 350
*** HOLE CARDS ***
Dealt to 821a3db 
Dealt to 499d8d7d 
Dealt to f1ef7b84 
Dealt to dac22847 
Dealt to Hero [Kc 7s]
Dealt to 27cf8aca 
Dealt to 69753536 
821a3db: folds
499d8d7d: raises 420 to 770
f1ef7b84: folds
dac22847: raises 1,575 to 2,345
Hero: folds
27cf8aca: folds
69753536: folds
499d8d7d: calls 1,575
*** FLOP *** [2c 2s Td]
499d8d7d: checks
dac22847: bets 1,505
499d8d7d: folds
Uncalled bet (1,505) returned to dac22847
*** SHOWDOWN ***
dac22847 collected 5,565 from pot
*** SUMMARY ***
Total pot 5,565 | Rake 0 | Jackpot 0 | Bingo 0 | Fortune 0 | Tax 0
Board [2c 2s Td]
Seat 1: 821a3db folded before Flop
Seat 2: 499d8d7d folded on the Flop
Seat 3: f1ef7b84 folded before Flop
Seat 5: dac22847 won (5,565)
Seat 6: Hero (button) folded before Flop
Seat 7: 27cf8aca (small blind) folded before Flop
Seat 8: 69753536 (big blind) folded before Flop


Poker Hand #TM5667449283: Tournament #267775822, Bounty Hunters Special $8.88 Hold'em No Limit - Level8(175/350(50)) - 2026/03/05 22:39:59
Table '101' 8-max Seat #5 is the button
Seat 1: 821a3db (8,408 in chips)
Seat 2: 499d8d7d (22,960 in chips)
Seat 3: f1ef7b84 (31,556 in chips)
Seat 5: dac22847 (19,838 in chips)
Seat 6: Hero (9,900 in chips)
Seat 7: 27cf8aca (6,050 in chips)
Seat 8: 69753536 (65,613 in chips)
821a3db: posts the ante 50
Hero: posts the ante 50
499d8d7d: posts the ante 50
27cf8aca: posts the ante 50
69753536: posts the ante 50
dac22847: posts the ante 50
f1ef7b84: posts the ante 50
Hero: posts small blind 175
27cf8aca: posts big blind 350
*** HOLE CARDS ***
Dealt to 821a3db 
Dealt to 499d8d7d 
Dealt to f1ef7b84 
Dealt to dac22847 
Dealt to Hero [Jd 6h]
Dealt to 27cf8aca 
Dealt to 69753536 
69753536: folds
821a3db: raises 8,008 to 8,358 and is all-in
499d8d7d: calls 8,358
f1ef7b84: folds
dac22847: folds
Hero: folds
27cf8aca: folds
821a3db: shows [Th Tc]
499d8d7d: shows [As Qh]
*** FLOP *** [3c 6d Kd]
*** TURN *** [3c 6d Kd] [5d]
*** RIVER *** [3c 6d Kd 5d] [5h]
*** SHOWDOWN ***
821a3db collected 17,591 from pot
*** SUMMARY ***
Total pot 17,591 | Rake 0 | Jackpot 0 | Bingo 0 | Fortune 0 | Tax 0
Board [3c 6d Kd 5d 5h]
Seat 1: 821a3db showed [Th Tc] and won (17,591) with two pair, Tens and Fives
Seat 2: 499d8d7d showed [As Qh] and lost with a pair of Fives
Seat 3: f1ef7b84 folded before Flop
Seat 5: dac22847 (button) folded before Flop
Seat 6: Hero (small blind) folded before Flop
Seat 7: 27cf8aca (big blind) folded before Flop
Seat 8: 69753536 folded before Flop


Poker Hand #TM5667449256: Tournament #267775822, Bounty Hunters Special $8.88 Hold'em No Limit - Level8(175/350(50)) - 2026/03/05 22:38:39
Table '101' 8-max Seat #3 is the button
Seat 1: 821a3db (9,298 in chips)
Seat 2: 499d8d7d (23,010 in chips)
Seat 3: f1ef7b84 (31,606 in chips)
Seat 4: 9c71e62b (6,239 in chips)
Seat 5: dac22847 (20,238 in chips)
Seat 6: Hero (9,950 in chips)
Seat 7: 13cae1d1 (13,711 in chips)
Seat 8: 69753536 (44,223 in chips)
821a3db: posts the ante 50
Hero: posts the ante 50
499d8d7d: posts the ante 50
69753536: posts the ante 50
dac22847: posts the ante 50
f1ef7b84: posts the ante 50
9c71e62b: posts the ante 50
13cae1d1: posts the ante 50
9c71e62b: posts small blind 175
dac22847: posts big blind 350
*** HOLE CARDS ***
Dealt to 821a3db 
Dealt to 499d8d7d 
Dealt to f1ef7b84 
Dealt to 9c71e62b 
Dealt to dac22847 
Dealt to Hero [7h 6c]
Dealt to 13cae1d1 
Dealt to 69753536 
Hero: folds
13cae1d1: raises 490 to 840
69753536: calls 840
821a3db: calls 840
499d8d7d: folds
f1ef7b84: folds
9c71e62b: raises 5,349 to 6,189 and is all-in
dac22847: folds
13cae1d1: raises 7,472 to 13,661 and is all-in
69753536: calls 12,821
821a3db: folds
13cae1d1: shows [Ts Th]
69753536: shows [Kc Jd]
9c71e62b: shows [4c 4d]
*** FLOP *** [7c 3s Jh]
*** TURN *** [7c 3s Jh] [Js]
*** RIVER *** [7c 3s Jh Js] [2d]
821a3db: shows [Jc Ad] (three of a kind, Jacks)
*** SHOWDOWN ***
69753536 collected 20,157 from pot
69753536 collected 14,944 from pot
*** SUMMARY ***
Total pot 35,101 | Rake 0 | Jackpot 0 | Bingo 0 | Fortune 0 | Tax 0
Board [7c 3s Jh Js 2d]
Seat 1: 821a3db folded before Flop
Seat 2: 499d8d7d folded before Flop
Seat 3: f1ef7b84 (button) folded before Flop
Seat 4: 9c71e62b (small blind) showed [4c 4d] and lost with two pair, Jacks and Fours
Seat 5: dac22847 (big blind) folded before Flop
Seat 6: Hero folded before Flop
Seat 7: 13cae1d1 showed [Ts Th] and lost with two pair, Jacks and Tens
Seat 8: 69753536 showed [Kc Jd] and won (35,101) with three of a kind, Jacks


Poker Hand #TM5667449240: Tournament #267775822, Bounty Hunters Special $8.88 Hold'em No Limit - Level8(175/350(50)) - 2026/03/05 22:37:45
Table '101' 8-max Seat #2 is the button
Seat 1: 821a3db (9,348 in chips)
Seat 2: 499d8d7d (23,060 in chips)
Seat 3: f1ef7b84 (32,356 in chips)
Seat 4: 9c71e62b (6,989 in chips)
Seat 5: dac22847 (20,288 in chips)
Seat 6: Hero (10,000 in chips)
Seat 7: 13cae1d1 (13,761 in chips)
Seat 8: 69753536 (42,473 in chips)
821a3db: posts the ante 50
Hero: posts the ante 50
499d8d7d: posts the ante 50
69753536: posts the ante 50
dac22847: posts the ante 50
f1ef7b84: posts the ante 50
9c71e62b: posts the ante 50
13cae1d1: posts the ante 50
f1ef7b84: posts small blind 175
9c71e62b: posts big blind 350
*** HOLE CARDS ***
Dealt to 821a3db 
Dealt to 499d8d7d 
Dealt to f1ef7b84 
Dealt to 9c71e62b 
Dealt to dac22847 
Dealt to Hero [2c 5d]
Dealt to 13cae1d1 
Dealt to 69753536 
dac22847: folds
Hero: folds
13cae1d1: folds
69753536: raises 350 to 700
821a3db: folds
499d8d7d: folds
f1ef7b84: calls 525
9c71e62b: calls 350
*** FLOP *** [Qs 3s Kh]
f1ef7b84: checks
9c71e62b: checks
69753536: bets 825
f1ef7b84: folds
9c71e62b: folds
Uncalled bet (825) returned to 69753536
*** SHOWDOWN ***
69753536 collected 2,500 from pot
*** SUMMARY ***
Total pot 2,500 | Rake 0 | Jackpot 0 | Bingo 0 | Fortune 0 | Tax 0
Board [Qs 3s Kh]
Seat 1: 821a3db folded before Flop
Seat 2: 499d8d7d (button) folded before Flop
Seat 3: f1ef7b84 (small blind) folded on the Flop
Seat 4: 9c71e62b (big blind) folded on the Flop
Seat 5: dac22847 folded before Flop
Seat 6: Hero folded before Flop
Seat 7: 13cae1d1 folded before Flop
Seat 8: 69753536 won (2,500)


