Poker Hand #TM5654030651: Tournament #267057231, Bounty Hunters Special $8.88 Hold'em No Limit - Level3(80/160(24)) - 2026/03/02 17:03:27
Table '23' 8-max Seat #8 is the button
Seat 1: 544d8214 (17,202 in chips)
Seat 2: f014642b (12,975 in chips)
Seat 3: 2023cc21 (34,849 in chips)
Seat 4: Hero (4,284 in chips)
Seat 5: a0d7dab (9,994 in chips)
Seat 6: 81efef22 (3,014 in chips)
Seat 7: 2bfc5ff4 (12,994 in chips)
Seat 8: a42e4da7 (9,712 in chips)
544d8214: posts the ante 24
81efef22: posts the ante 24
Hero: posts the ante 24
a42e4da7: posts the ante 24
2023cc21: posts the ante 24
f014642b: posts the ante 24
a0d7dab: posts the ante 24
2bfc5ff4: posts the ante 24
544d8214: posts small blind 80
f014642b: posts big blind 160
*** HOLE CARDS ***
Dealt to 544d8214 
Dealt to f014642b 
Dealt to 2023cc21 
Dealt to Hero [Jc Kd]
Dealt to a0d7dab 
Dealt to 81efef22 
Dealt to 2bfc5ff4 
Dealt to a42e4da7 
2023cc21: folds
Hero: raises 160 to 320
a0d7dab: folds
81efef22: folds
2bfc5ff4: folds
a42e4da7: folds
544d8214: folds
f014642b: raises 12,631 to 12,951 and is all-in
Hero: calls 3,940 and is all-in
Uncalled bet (8,691) returned to f014642b
f014642b: shows [Ac 9d]
Hero: shows [Jc Kd]
*** FLOP *** [7c Qc 9h]
*** TURN *** [7c Qc 9h] [5d]
*** RIVER *** [7c Qc 9h 5d] [7h]
*** SHOWDOWN ***
f014642b collected 8,792 from pot
*** SUMMARY ***
Total pot 8,792 | Rake 0 | Jackpot 0 | Bingo 0 | Fortune 0 | Tax 0
Board [7c Qc 9h 5d 7h]
Seat 1: 544d8214 (small blind) folded before Flop
Seat 2: f014642b (big blind) showed [Ac 9d] and won (8,792) with two pair, Nines and Sevens
Seat 3: 2023cc21 folded before Flop
Seat 4: Hero showed [Jc Kd] and lost with a pair of Sevens
Seat 5: a0d7dab folded before Flop
Seat 6: 81efef22 folded before Flop
Seat 7: 2bfc5ff4 folded before Flop
Seat 8: a42e4da7 (button) folded before Flop


Poker Hand #TM5654030647: Tournament #267057231, Bounty Hunters Special $8.88 Hold'em No Limit - Level3(80/160(24)) - 2026/03/02 17:02:27
Table '23' 8-max Seat #7 is the button
Seat 1: 544d8214 (8,329 in chips)
Seat 2: f014642b (12,999 in chips)
Seat 3: 2023cc21 (34,873 in chips)
Seat 4: Hero (4,308 in chips)
Seat 5: a0d7dab (10,338 in chips)
Seat 6: 81efef22 (11,343 in chips)
Seat 7: 2bfc5ff4 (13,018 in chips)
Seat 8: a42e4da7 (9,816 in chips)
544d8214: posts the ante 24
81efef22: posts the ante 24
Hero: posts the ante 24
2023cc21: posts the ante 24
a42e4da7: posts the ante 24
f014642b: posts the ante 24
a0d7dab: posts the ante 24
2bfc5ff4: posts the ante 24
a42e4da7: posts small blind 80
544d8214: posts big blind 160
*** HOLE CARDS ***
Dealt to 544d8214 
Dealt to f014642b 
Dealt to 2023cc21 
Dealt to Hero [Qs 8h]
Dealt to a0d7dab 
Dealt to 81efef22 
Dealt to 2bfc5ff4 
Dealt to a42e4da7 
f014642b: folds
2023cc21: folds
Hero: folds
a0d7dab: raises 160 to 320
81efef22: raises 1,072 to 1,392
2bfc5ff4: folds
a42e4da7: folds
544d8214: raises 6,913 to 8,305 and is all-in
a0d7dab: folds
81efef22: calls 6,913
544d8214: shows [Kc Ks]
81efef22: shows [6h Ad]
*** FLOP *** [Jd 8c 9s]
*** TURN *** [Jd 8c 9s] [Tc]
*** RIVER *** [Jd 8c 9s Tc] [3d]
2bfc5ff4: shows [Qc Kh] (a straight, King to Nine)
*** SHOWDOWN ***
544d8214 collected 17,202 from pot
*** SUMMARY ***
Total pot 17,202 | Rake 0 | Jackpot 0 | Bingo 0 | Fortune 0 | Tax 0
Board [Jd 8c 9s Tc 3d]
Seat 1: 544d8214 (big blind) showed [Kc Ks] and won (17,202) with a pair of Kings
Seat 2: f014642b folded before Flop
Seat 3: 2023cc21 folded before Flop
Seat 4: Hero folded before Flop
Seat 5: a0d7dab folded before Flop
Seat 6: 81efef22 showed [6h Ad] and lost with Ace high
Seat 7: 2bfc5ff4 (button) folded before Flop
Seat 8: a42e4da7 (small blind) folded before Flop


Poker Hand #TM5654030643: Tournament #267057231, Bounty Hunters Special $8.88 Hold'em No Limit - Level3(80/160(24)) - 2026/03/02 17:01:36
Table '23' 8-max Seat #6 is the button
Seat 1: 544d8214 (8,353 in chips)
Seat 2: f014642b (13,023 in chips)
Seat 3: 2023cc21 (34,897 in chips)
Seat 4: Hero (4,332 in chips)
Seat 5: a0d7dab (4,977 in chips)
Seat 6: 81efef22 (16,320 in chips)
Seat 7: 2bfc5ff4 (13,122 in chips)
Seat 8: a42e4da7 (10,000 in chips)
544d8214: posts the ante 24
81efef22: posts the ante 24
Hero: posts the ante 24
2023cc21: posts the ante 24
a42e4da7: posts the ante 24
f014642b: posts the ante 24
a0d7dab: posts the ante 24
2bfc5ff4: posts the ante 24
2bfc5ff4: posts small blind 80
a42e4da7: posts big blind 160
*** HOLE CARDS ***
Dealt to 544d8214 
Dealt to f014642b 
Dealt to 2023cc21 
Dealt to Hero [8h 6d]
Dealt to a0d7dab 
Dealt to 81efef22 
Dealt to 2bfc5ff4 
Dealt to a42e4da7 
544d8214: folds
f014642b: folds
2023cc21: folds
Hero: folds
a0d7dab: raises 240 to 400
81efef22: calls 400
2bfc5ff4: folds
a42e4da7: folds
*** FLOP *** [2d As Td]
a0d7dab: bets 407
81efef22: calls 407
*** TURN *** [2d As Td] [4h]
a0d7dab: bets 1,535
81efef22: calls 1,535
*** RIVER *** [2d As Td 4h] [8c]
a0d7dab: bets 2,611 and is all-in
81efef22: calls 2,611
a0d7dab: shows [Ac Qh] (a pair of Aces)
81efef22: shows [Tc 9s] (a pair of Tens)
*** SHOWDOWN ***
a0d7dab collected 10,338 from pot
*** SUMMARY ***
Total pot 10,338 | Rake 0 | Jackpot 0 | Bingo 0 | Fortune 0 | Tax 0
Board [2d As Td 4h 8c]
Seat 1: 544d8214 folded before Flop
Seat 2: f014642b folded before Flop
Seat 3: 2023cc21 folded before Flop
Seat 4: Hero folded before Flop
Seat 5: a0d7dab showed [Ac Qh] and won (10,338) with a pair of Aces
Seat 6: 81efef22 (button) showed [Tc 9s] and lost with a pair of Tens
Seat 7: 2bfc5ff4 (small blind) folded before Flop
Seat 8: a42e4da7 (big blind) folded before Flop


Poker Hand #TM5654030635: Tournament #267057231, Bounty Hunters Special $8.88 Hold'em No Limit - Level3(80/160(24)) - 2026/03/02 16:54:40
Table '23' 8-max Seat #5 is the button
Seat 1: 544d8214 (8,377 in chips)
Seat 2: f014642b (13,047 in chips)
Seat 3: 2023cc21 (30,391 in chips)
Seat 4: Hero (4,356 in chips)
Seat 5: a0d7dab (8,211 in chips)
Seat 6: 81efef22 (16,424 in chips)
Seat 7: 2bfc5ff4 (13,306 in chips)
Seat 8: 5c1586bb (6,033 in chips)
544d8214: posts the ante 24
81efef22: posts the ante 24
5c1586bb: posts the ante 24
f014642b: posts the ante 24
2bfc5ff4: posts the ante 24
Hero: posts the ante 24
2023cc21: posts the ante 24
a0d7dab: posts the ante 24
81efef22: posts small blind 80
2bfc5ff4: posts big blind 160
*** HOLE CARDS ***
Dealt to 544d8214 
Dealt to f014642b 
Dealt to 2023cc21 
Dealt to Hero [5s 4s]
Dealt to a0d7dab 
Dealt to 81efef22 
Dealt to 2bfc5ff4 
Dealt to 5c1586bb 
5c1586bb: raises 240 to 400
544d8214: folds
f014642b: folds
2023cc21: calls 400
Hero: folds
a0d7dab: calls 400
81efef22: folds
2bfc5ff4: folds
*** FLOP *** [4c 2c Qc]
5c1586bb: checks
2023cc21: checks
a0d7dab: checks
*** TURN *** [4c 2c Qc] [7h]
5c1586bb: checks
2023cc21: bets 488
a0d7dab: calls 488
5c1586bb: calls 488
*** RIVER *** [4c 2c Qc 7h] [2h]
5c1586bb: checks
2023cc21: checks
a0d7dab: bets 2,322
5c1586bb: folds
2023cc21: calls 2,322
a0d7dab: shows [8s 7s] (two pair, Sevens and Twos)
2023cc21: shows [Ad 7d] (two pair, Sevens and Twos)
*** SHOWDOWN ***
2023cc21 collected 7,740 from pot
*** SUMMARY ***
Total pot 7,740 | Rake 0 | Jackpot 0 | Bingo 0 | Fortune 0 | Tax 0
Board [4c 2c Qc 7h 2h]
Seat 1: 544d8214 folded before Flop
Seat 2: f014642b folded before Flop
Seat 3: 2023cc21 showed [Ad 7d] and won (7,740) with two pair, Sevens and Twos
Seat 4: Hero folded before Flop
Seat 5: a0d7dab (button) showed [8s 7s] and lost with two pair, Sevens and Twos
Seat 6: 81efef22 (small blind) folded before Flop
Seat 7: 2bfc5ff4 (big blind) folded before Flop
Seat 8: 5c1586bb folded on the River


Poker Hand #TM5654030631: Tournament #267057231, Bounty Hunters Special $8.88 Hold'em No Limit - Level3(80/160(24)) - 2026/03/02 16:53:11
Table '23' 8-max Seat #4 is the button
Seat 1: 544d8214 (8,401 in chips)
Seat 2: f014642b (13,071 in chips)
Seat 3: 2023cc21 (25,887 in chips)
Seat 4: Hero (5,228 in chips)
Seat 5: a0d7dab (8,555 in chips)
Seat 6: 81efef22 (16,768 in chips)
Seat 7: 2bfc5ff4 (13,330 in chips)
Seat 8: 5c1586bb (8,905 in chips)
544d8214: posts the ante 24
81efef22: posts the ante 24
Hero: posts the ante 24
5c1586bb: posts the ante 24
2023cc21: posts the ante 24
f014642b: posts the ante 24
a0d7dab: posts the ante 24
2bfc5ff4: posts the ante 24
a0d7dab: posts small blind 80
81efef22: posts big blind 160
*** HOLE CARDS ***
Dealt to 544d8214 
Dealt to f014642b 
Dealt to 2023cc21 
Dealt to Hero [Qc 5c]
Dealt to a0d7dab 
Dealt to 81efef22 
Dealt to 2bfc5ff4 
Dealt to 5c1586bb 
2bfc5ff4: folds
5c1586bb: raises 160 to 320
544d8214: folds
f014642b: folds
2023cc21: calls 320
Hero: calls 320
a0d7dab: calls 240
81efef22: calls 160
*** FLOP *** [3d 4s 7h]
a0d7dab: checks
81efef22: checks
5c1586bb: checks
2023cc21: bets 528
Hero: calls 528
a0d7dab: folds
81efef22: folds
5c1586bb: calls 528
*** TURN *** [3d 4s 7h] [7c]
5c1586bb: checks
2023cc21: checks
Hero: checks
*** RIVER *** [3d 4s 7h 7c] [5s]
5c1586bb: checks
2023cc21: bets 2,000
Hero: folds
5c1586bb: calls 2,000
2023cc21: shows [6h 4h] (a straight, Seven to Three)
5c1586bb: shows [3h Ah] (two pair, Sevens and Threes)
*** SHOWDOWN ***
2023cc21 collected 7,376 from pot
*** SUMMARY ***
Total pot 7,376 | Rake 0 | Jackpot 0 | Bingo 0 | Fortune 0 | Tax 0
Board [3d 4s 7h 7c 5s]
Seat 1: 544d8214 folded before Flop
Seat 2: f014642b folded before Flop
Seat 3: 2023cc21 showed [6h 4h] and won (7,376) with a straight, Seven to Three
Seat 4: Hero (button) folded on the River
Seat 5: a0d7dab (small blind) folded on the Flop
Seat 6: 81efef22 (big blind) folded on the Flop
Seat 7: 2bfc5ff4 folded before Flop
Seat 8: 5c1586bb showed [3h Ah] and lost with two pair, Sevens and Threes


Poker Hand #TM5654030626: Tournament #267057231, Bounty Hunters Special $8.88 Hold'em No Limit - Level3(80/160(24)) - 2026/03/02 16:52:05
Table '23' 8-max Seat #3 is the button
Seat 1: 544d8214 (8,425 in chips)
Seat 2: f014642b (13,431 in chips)
Seat 3: 2023cc21 (24,967 in chips)
Seat 4: Hero (5,332 in chips)
Seat 5: a0d7dab (8,915 in chips)
Seat 6: 81efef22 (16,792 in chips)
Seat 7: 2bfc5ff4 (13,354 in chips)
Seat 8: 5c1586bb (8,929 in chips)
544d8214: posts the ante 24
81efef22: posts the ante 24
Hero: posts the ante 24
5c1586bb: posts the ante 24
2023cc21: posts the ante 24
f014642b: posts the ante 24
a0d7dab: posts the ante 24
2bfc5ff4: posts the ante 24
Hero: posts small blind 80
a0d7dab: posts big blind 160
*** HOLE CARDS ***
Dealt to 544d8214 
Dealt to f014642b 
Dealt to 2023cc21 
Dealt to Hero [8h 9c]
Dealt to a0d7dab 
Dealt to 81efef22 
Dealt to 2bfc5ff4 
Dealt to 5c1586bb 
81efef22: folds
2bfc5ff4: folds
5c1586bb: folds
544d8214: folds
f014642b: raises 176 to 336
2023cc21: calls 336
Hero: folds
a0d7dab: calls 176
*** FLOP *** [8d 3c 3d]
a0d7dab: checks
f014642b: checks
2023cc21: bets 480
a0d7dab: folds
f014642b: folds
Uncalled bet (480) returned to 2023cc21
*** SHOWDOWN ***
2023cc21 collected 1,280 from pot
*** SUMMARY ***
Total pot 1,280 | Rake 0 | Jackpot 0 | Bingo 0 | Fortune 0 | Tax 0
Board [8d 3c 3d]
Seat 1: 544d8214 folded before Flop
Seat 2: f014642b folded on the Flop
Seat 3: 2023cc21 (button) won (1,280)
Seat 4: Hero (small blind) folded before Flop
Seat 5: a0d7dab (big blind) folded on the Flop
Seat 6: 81efef22 folded before Flop
Seat 7: 2bfc5ff4 folded before Flop
Seat 8: 5c1586bb folded before Flop


Poker Hand #TM5654030621: Tournament #267057231, Bounty Hunters Special $8.88 Hold'em No Limit - Level3(80/160(24)) - 2026/03/02 16:51:16
Table '23' 8-max Seat #2 is the button
Seat 1: 544d8214 (8,449 in chips)
Seat 2: f014642b (11,743 in chips)
Seat 3: 2023cc21 (25,071 in chips)
Seat 4: Hero (5,516 in chips)
Seat 5: a0d7dab (8,939 in chips)
Seat 6: 81efef22 (16,816 in chips)
Seat 7: 2bfc5ff4 (13,378 in chips)
Seat 8: 5c1586bb (10,233 in chips)
544d8214: posts the ante 24
81efef22: posts the ante 24
Hero: posts the ante 24
5c1586bb: posts the ante 24
2023cc21: posts the ante 24
f014642b: posts the ante 24
a0d7dab: posts the ante 24
2bfc5ff4: posts the ante 24
2023cc21: posts small blind 80
Hero: posts big blind 160
*** HOLE CARDS ***
Dealt to 544d8214 
Dealt to f014642b 
Dealt to 2023cc21 
Dealt to Hero [7c Ad]
Dealt to a0d7dab 
Dealt to 81efef22 
Dealt to 2bfc5ff4 
Dealt to 5c1586bb 
a0d7dab: folds
81efef22: folds
2bfc5ff4: folds
5c1586bb: raises 160 to 320
544d8214: folds
f014642b: raises 960 to 1,280
2023cc21: folds
Hero: folds
5c1586bb: calls 960
*** FLOP *** [Qh Ac 8c]
5c1586bb: checks
f014642b: bets 560
5c1586bb: folds
Uncalled bet (560) returned to f014642b
*** SHOWDOWN ***
f014642b collected 2,992 from pot
*** SUMMARY ***
Total pot 2,992 | Rake 0 | Jackpot 0 | Bingo 0 | Fortune 0 | Tax 0
Board [Qh Ac 8c]
Seat 1: 544d8214 folded before Flop
Seat 2: f014642b (button) won (2,992)
Seat 3: 2023cc21 (small blind) folded before Flop
Seat 4: Hero (big blind) folded before Flop
Seat 5: a0d7dab folded before Flop
Seat 6: 81efef22 folded before Flop
Seat 7: 2bfc5ff4 folded before Flop
Seat 8: 5c1586bb folded on the Flop


Poker Hand #TM5654030615: Tournament #267057231, Bounty Hunters Special $8.88 Hold'em No Limit - Level3(80/160(24)) - 2026/03/02 16:50:10
Table '23' 8-max Seat #1 is the button
Seat 1: 544d8214 (8,473 in chips)
Seat 2: f014642b (11,927 in chips)
Seat 3: 2023cc21 (24,743 in chips)
Seat 4: Hero (5,540 in chips)
Seat 5: a0d7dab (8,963 in chips)
Seat 6: 81efef22 (16,840 in chips)
Seat 7: 2bfc5ff4 (13,402 in chips)
Seat 8: 5c1586bb (10,257 in chips)
544d8214: posts the ante 24
81efef22: posts the ante 24
Hero: posts the ante 24
5c1586bb: posts the ante 24
2023cc21: posts the ante 24
f014642b: posts the ante 24
a0d7dab: posts the ante 24
2bfc5ff4: posts the ante 24
f014642b: posts small blind 80
2023cc21: posts big blind 160
*** HOLE CARDS ***
Dealt to 544d8214 
Dealt to f014642b 
Dealt to 2023cc21 
Dealt to Hero [9c 6s]
Dealt to a0d7dab 
Dealt to 81efef22 
Dealt to 2bfc5ff4 
Dealt to 5c1586bb 
Hero: folds
a0d7dab: folds
81efef22: folds
2bfc5ff4: folds
5c1586bb: folds
544d8214: folds
f014642b: calls 80
2023cc21: checks
*** FLOP *** [Jc 2h 5d]
f014642b: checks
2023cc21: checks
*** TURN *** [Jc 2h 5d] [Td]
f014642b: checks
2023cc21: checks
*** RIVER *** [Jc 2h 5d Td] [9h]
f014642b: checks
2023cc21: checks
f014642b: shows [7s 4s] (Jack high)
2023cc21: shows [2s Ac] (a pair of Twos)
*** SHOWDOWN ***
2023cc21 collected 512 from pot
*** SUMMARY ***
Total pot 512 | Rake 0 | Jackpot 0 | Bingo 0 | Fortune 0 | Tax 0
Board [Jc 2h 5d Td 9h]
Seat 1: 544d8214 (button) folded before Flop
Seat 2: f014642b (small blind) showed [7s 4s] and lost with Jack high
Seat 3: 2023cc21 (big blind) showed [2s Ac] and won (512) with a pair of Twos
Seat 4: Hero folded before Flop
Seat 5: a0d7dab folded before Flop
Seat 6: 81efef22 folded before Flop
Seat 7: 2bfc5ff4 folded before Flop
Seat 8: 5c1586bb folded before Flop


Poker Hand #TM5654030608: Tournament #267057231, Bounty Hunters Special $8.88 Hold'em No Limit - Level2(60/120(18)) - 2026/03/02 16:48:48
Table '23' 8-max Seat #8 is the button
Seat 1: 544d8214 (9,649 in chips)
Seat 2: f014642b (10,643 in chips)
Seat 3: 2023cc21 (24,761 in chips)
Seat 4: Hero (5,558 in chips)
Seat 5: a0d7dab (8,981 in chips)
Seat 6: 81efef22 (16,858 in chips)
Seat 7: 2bfc5ff4 (13,420 in chips)
Seat 8: 5c1586bb (10,275 in chips)
544d8214: posts the ante 18
81efef22: posts the ante 18
Hero: posts the ante 18
5c1586bb: posts the ante 18
2023cc21: posts the ante 18
f014642b: posts the ante 18
a0d7dab: posts the ante 18
2bfc5ff4: posts the ante 18
544d8214: posts small blind 60
f014642b: posts big blind 120
*** HOLE CARDS ***
Dealt to 544d8214 
Dealt to f014642b 
Dealt to 2023cc21 
Dealt to Hero [Td 6d]
Dealt to a0d7dab 
Dealt to 81efef22 
Dealt to 2bfc5ff4 
Dealt to 5c1586bb 
2023cc21: folds
Hero: folds
a0d7dab: folds
81efef22: folds
2bfc5ff4: folds
5c1586bb: folds
544d8214: raises 300 to 420
f014642b: calls 300
*** FLOP *** [9c 8h 5d]
544d8214: bets 738
f014642b: calls 738
*** TURN *** [9c 8h 5d] [8c]
544d8214: checks
f014642b: checks
*** RIVER *** [9c 8h 5d 8c] [6h]
544d8214: checks
f014642b: checks
544d8214: shows [Qs Jd] (a pair of Eights)
f014642b: shows [Qc 9s] (two pair, Nines and Eights)
*** SHOWDOWN ***
f014642b collected 2,460 from pot
*** SUMMARY ***
Total pot 2,460 | Rake 0 | Jackpot 0 | Bingo 0 | Fortune 0 | Tax 0
Board [9c 8h 5d 8c 6h]
Seat 1: 544d8214 (small blind) showed [Qs Jd] and lost with a pair of Eights
Seat 2: f014642b (big blind) showed [Qc 9s] and won (2,460) with two pair, Nines and Eights
Seat 3: 2023cc21 folded before Flop
Seat 4: Hero folded before Flop
Seat 5: a0d7dab folded before Flop
Seat 6: 81efef22 folded before Flop
Seat 7: 2bfc5ff4 folded before Flop
Seat 8: 5c1586bb (button) folded before Flop


Poker Hand #TM5654030604: Tournament #267057231, Bounty Hunters Special $8.88 Hold'em No Limit - Level2(60/120(18)) - 2026/03/02 16:48:01
Table '23' 8-max Seat #7 is the button
Seat 1: 544d8214 (10,142 in chips)
Seat 2: f014642b (9,982 in chips)
Seat 3: 2023cc21 (24,779 in chips)
Seat 4: Hero (5,576 in chips)
Seat 5: a0d7dab (8,999 in chips)
Seat 6: 81efef22 (16,876 in chips)
Seat 7: 2bfc5ff4 (13,438 in chips)
Seat 8: 5c1586bb (10,353 in chips)
544d8214: posts the ante 18
81efef22: posts the ante 18
Hero: posts the ante 18
5c1586bb: posts the ante 18
2023cc21: posts the ante 18
f014642b: posts the ante 18
a0d7dab: posts the ante 18
2bfc5ff4: posts the ante 18
5c1586bb: posts small blind 60
544d8214: posts big blind 120
*** HOLE CARDS ***
Dealt to 544d8214 
Dealt to f014642b 
Dealt to 2023cc21 
Dealt to Hero [Qh 5c]
Dealt to a0d7dab 
Dealt to 81efef22 
Dealt to 2bfc5ff4 
Dealt to 5c1586bb 
f014642b: raises 132 to 252
2023cc21: folds
Hero: folds
a0d7dab: folds
81efef22: folds
2bfc5ff4: folds
5c1586bb: folds
544d8214: calls 132
*** FLOP *** [3h 7s Ac]
544d8214: checks
f014642b: bets 223
544d8214: calls 223
*** TURN *** [3h 7s Ac] [8h]
544d8214: checks
f014642b: bets 741
544d8214: folds
Uncalled bet (741) returned to f014642b
*** SHOWDOWN ***
f014642b collected 1,154 from pot
*** SUMMARY ***
Total pot 1,154 | Rake 0 | Jackpot 0 | Bingo 0 | Fortune 0 | Tax 0
Board [3h 7s Ac 8h]
Seat 1: 544d8214 (big blind) folded on the Turn
Seat 2: f014642b won (1,154)
Seat 3: 2023cc21 folded before Flop
Seat 4: Hero folded before Flop
Seat 5: a0d7dab folded before Flop
Seat 6: 81efef22 folded before Flop
Seat 7: 2bfc5ff4 (button) folded before Flop
Seat 8: 5c1586bb (small blind) folded before Flop


Poker Hand #TM5654030600: Tournament #267057231, Bounty Hunters Special $8.88 Hold'em No Limit - Level2(60/120(18)) - 2026/03/02 16:47:32
Table '23' 8-max Seat #6 is the button
Seat 1: 544d8214 (10,424 in chips)
Seat 2: f014642b (10,000 in chips)
Seat 3: 2023cc21 (24,797 in chips)
Seat 4: Hero (5,594 in chips)
Seat 5: a0d7dab (9,017 in chips)
Seat 6: 81efef22 (16,306 in chips)
Seat 7: 2bfc5ff4 (13,516 in chips)
Seat 8: 5c1586bb (10,491 in chips)
544d8214: posts the ante 18
81efef22: posts the ante 18
Hero: posts the ante 18
5c1586bb: posts the ante 18
2023cc21: posts the ante 18
f014642b: posts the ante 18
a0d7dab: posts the ante 18
2bfc5ff4: posts the ante 18
2bfc5ff4: posts small blind 60
5c1586bb: posts big blind 120
*** HOLE CARDS ***
Dealt to 544d8214 
Dealt to f014642b 
Dealt to 2023cc21 
Dealt to Hero [Th 2c]
Dealt to a0d7dab 
Dealt to 81efef22 
Dealt to 2bfc5ff4 
Dealt to 5c1586bb 
544d8214: raises 144 to 264
f014642b: folds
2023cc21: folds
Hero: folds
a0d7dab: folds
81efef22: raises 852 to 1,116
2bfc5ff4: folds
5c1586bb: folds
544d8214: folds
Uncalled bet (852) returned to 81efef22
*** SHOWDOWN ***
81efef22 collected 852 from pot
*** SUMMARY ***
Total pot 852 | Rake 0 | Jackpot 0 | Bingo 0 | Fortune 0 | Tax 0
Seat 1: 544d8214 folded before Flop
Seat 2: f014642b folded before Flop
Seat 3: 2023cc21 folded before Flop
Seat 4: Hero folded before Flop
Seat 5: a0d7dab folded before Flop
Seat 6: 81efef22 (button) collected (852)
Seat 7: 2bfc5ff4 (small blind) folded before Flop
Seat 8: 5c1586bb (big blind) folded before Flop


Poker Hand #TM5654030593: Tournament #267057231, Bounty Hunters Special $8.88 Hold'em No Limit - Level2(60/120(18)) - 2026/03/02 16:46:24
Table '23' 8-max Seat #5 is the button
Seat 1: 544d8214 (10,442 in chips)
Seat 2: 6d53a1d3 (8,397 in chips)
Seat 3: 2023cc21 (16,112 in chips)
Seat 4: Hero (5,612 in chips)
Seat 5: a0d7dab (9,035 in chips)
Seat 6: 81efef22 (16,384 in chips)
Seat 7: 2bfc5ff4 (13,654 in chips)
Seat 8: 5c1586bb (10,509 in chips)
544d8214: posts the ante 18
81efef22: posts the ante 18
Hero: posts the ante 18
5c1586bb: posts the ante 18
2023cc21: posts the ante 18
6d53a1d3: posts the ante 18
a0d7dab: posts the ante 18
2bfc5ff4: posts the ante 18
81efef22: posts small blind 60
2bfc5ff4: posts big blind 120
*** HOLE CARDS ***
Dealt to 544d8214 
Dealt to 6d53a1d3 
Dealt to 2023cc21 
Dealt to Hero [2h 9c]
Dealt to a0d7dab 
Dealt to 81efef22 
Dealt to 2bfc5ff4 
Dealt to 5c1586bb 
5c1586bb: folds
544d8214: folds
6d53a1d3: raises 132 to 252
2023cc21: raises 648 to 900
Hero: folds
a0d7dab: folds
81efef22: folds
2bfc5ff4: folds
6d53a1d3: raises 3,060 to 3,960
2023cc21: raises 12,134 to 16,094 and is all-in
6d53a1d3: calls 4,419 and is all-in
Uncalled bet (7,715) returned to 2023cc21
2023cc21: shows [Kd Ks]
6d53a1d3: shows [Ac Qd]
*** FLOP *** [Jh 6s 5d]
*** TURN *** [Jh 6s 5d] [3d]
*** RIVER *** [Jh 6s 5d 3d] [2d]
*** SHOWDOWN ***
2023cc21 collected 17,082 from pot
*** SUMMARY ***
Total pot 17,082 | Rake 0 | Jackpot 0 | Bingo 0 | Fortune 0 | Tax 0
Board [Jh 6s 5d 3d 2d]
Seat 1: 544d8214 folded before Flop
Seat 2: 6d53a1d3 showed [Ac Qd] and lost with Ace high
Seat 3: 2023cc21 showed [Kd Ks] and won (17,082) with a pair of Kings
Seat 4: Hero folded before Flop
Seat 5: a0d7dab (button) folded before Flop
Seat 6: 81efef22 (small blind) folded before Flop
Seat 7: 2bfc5ff4 (big blind) folded before Flop
Seat 8: 5c1586bb folded before Flop


Poker Hand #TM5654030590: Tournament #267057231, Bounty Hunters Special $8.88 Hold'em No Limit - Level2(60/120(18)) - 2026/03/02 16:45:38
Table '23' 8-max Seat #4 is the button
Seat 1: 544d8214 (10,460 in chips)
Seat 2: 6d53a1d3 (8,415 in chips)
Seat 3: 2023cc21 (16,130 in chips)
Seat 4: Hero (5,870 in chips)
Seat 5: a0d7dab (9,113 in chips)
Seat 6: 81efef22 (15,958 in chips)
Seat 7: 2bfc5ff4 (13,672 in chips)
Seat 8: 5c1586bb (10,527 in chips)
544d8214: posts the ante 18
81efef22: posts the ante 18
Hero: posts the ante 18
5c1586bb: posts the ante 18
2023cc21: posts the ante 18
6d53a1d3: posts the ante 18
a0d7dab: posts the ante 18
2bfc5ff4: posts the ante 18
a0d7dab: posts small blind 60
81efef22: posts big blind 120
*** HOLE CARDS ***
Dealt to 544d8214 
Dealt to 6d53a1d3 
Dealt to 2023cc21 
Dealt to Hero [7h Ah]
Dealt to a0d7dab 
Dealt to 81efef22 
Dealt to 2bfc5ff4 
Dealt to 5c1586bb 
2bfc5ff4: folds
5c1586bb: folds
544d8214: folds
6d53a1d3: folds
2023cc21: folds
Hero: raises 120 to 240
a0d7dab: folds
81efef22: calls 120
*** FLOP *** [Qc 8h Jc]
81efef22: bets 513
Hero: folds
Uncalled bet (513) returned to 81efef22
*** SHOWDOWN ***
81efef22 collected 684 from pot
*** SUMMARY ***
Total pot 684 | Rake 0 | Jackpot 0 | Bingo 0 | Fortune 0 | Tax 0
Board [Qc 8h Jc]
Seat 1: 544d8214 folded before Flop
Seat 2: 6d53a1d3 folded before Flop
Seat 3: 2023cc21 folded before Flop
Seat 4: Hero (button) folded on the Flop
Seat 5: a0d7dab (small blind) folded before Flop
Seat 6: 81efef22 (big blind) won (684)
Seat 7: 2bfc5ff4 folded before Flop
Seat 8: 5c1586bb folded before Flop


Poker Hand #TM5654030580: Tournament #267057231, Bounty Hunters Special $8.88 Hold'em No Limit - Level2(60/120(18)) - 2026/03/02 16:43:43
Table '23' 8-max Seat #3 is the button
Seat 1: 544d8214 (11,228 in chips)
Seat 2: 6d53a1d3 (9,183 in chips)
Seat 3: 2023cc21 (16,148 in chips)
Seat 4: Hero (5,948 in chips)
Seat 5: a0d7dab (9,251 in chips)
Seat 6: 81efef22 (15,976 in chips)
Seat 7: 2bfc5ff4 (11,866 in chips)
Seat 8: 5c1586bb (10,545 in chips)
544d8214: posts the ante 18
81efef22: posts the ante 18
Hero: posts the ante 18
5c1586bb: posts the ante 18
2023cc21: posts the ante 18
6d53a1d3: posts the ante 18
a0d7dab: posts the ante 18
2bfc5ff4: posts the ante 18
Hero: posts small blind 60
a0d7dab: posts big blind 120
*** HOLE CARDS ***
Dealt to 544d8214 
Dealt to 6d53a1d3 
Dealt to 2023cc21 
Dealt to Hero [Js Kc]
Dealt to a0d7dab 
Dealt to 81efef22 
Dealt to 2bfc5ff4 
Dealt to 5c1586bb 
81efef22: folds
2bfc5ff4: raises 144 to 264
5c1586bb: folds
544d8214: raises 486 to 750
6d53a1d3: calls 750
2023cc21: folds
Hero: folds
a0d7dab: folds
2bfc5ff4: calls 486
*** FLOP *** [8s Qh 8h]
2bfc5ff4: checks
544d8214: checks
6d53a1d3: checks
*** TURN *** [8s Qh 8h] [Kd]
2bfc5ff4: checks
544d8214: checks
6d53a1d3: checks
*** RIVER *** [8s Qh 8h Kd] [Qs]
2bfc5ff4: bets 2,574
544d8214: folds
6d53a1d3: folds
Uncalled bet (2,574) returned to 2bfc5ff4
*** SHOWDOWN ***
2bfc5ff4 collected 2,574 from pot
*** SUMMARY ***
Total pot 2,574 | Rake 0 | Jackpot 0 | Bingo 0 | Fortune 0 | Tax 0
Board [8s Qh 8h Kd Qs]
Seat 1: 544d8214 folded on the River
Seat 2: 6d53a1d3 folded on the River
Seat 3: 2023cc21 (button) folded before Flop
Seat 4: Hero (small blind) folded before Flop
Seat 5: a0d7dab (big blind) folded before Flop
Seat 6: 81efef22 folded before Flop
Seat 7: 2bfc5ff4 won (2,574)
Seat 8: 5c1586bb folded before Flop


Poker Hand #TM5654030576: Tournament #267057231, Bounty Hunters Special $8.88 Hold'em No Limit - Level2(60/120(18)) - 2026/03/02 16:42:52
Table '23' 8-max Seat #2 is the button
Seat 1: 544d8214 (11,246 in chips)
Seat 2: 6d53a1d3 (9,201 in chips)
Seat 3: 2023cc21 (16,226 in chips)
Seat 4: Hero (6,530 in chips)
Seat 5: a0d7dab (9,269 in chips)
Seat 6: 81efef22 (16,558 in chips)
Seat 7: 2bfc5ff4 (10,552 in chips)
Seat 8: 5c1586bb (10,563 in chips)
544d8214: posts the ante 18
81efef22: posts the ante 18
Hero: posts the ante 18
5c1586bb: posts the ante 18
2023cc21: posts the ante 18
6d53a1d3: posts the ante 18
a0d7dab: posts the ante 18
2bfc5ff4: posts the ante 18
2023cc21: posts small blind 60
Hero: posts big blind 120
*** HOLE CARDS ***
Dealt to 544d8214 
Dealt to 6d53a1d3 
Dealt to 2023cc21 
Dealt to Hero [4c 8c]
Dealt to a0d7dab 
Dealt to 81efef22 
Dealt to 2bfc5ff4 
Dealt to 5c1586bb 
a0d7dab: folds
81efef22: raises 444 to 564
2bfc5ff4: calls 564
5c1586bb: folds
544d8214: folds
6d53a1d3: folds
2023cc21: folds
Hero: calls 444
*** FLOP *** [4s 3d 2d]
Hero: checks
81efef22: checks
2bfc5ff4: bets 1,422
Hero: folds
81efef22: folds
Uncalled bet (1,422) returned to 2bfc5ff4
*** SHOWDOWN ***
2bfc5ff4 collected 1,896 from pot
*** SUMMARY ***
Total pot 1,896 | Rake 0 | Jackpot 0 | Bingo 0 | Fortune 0 | Tax 0
Board [4s 3d 2d]
Seat 1: 544d8214 folded before Flop
Seat 2: 6d53a1d3 (button) folded before Flop
Seat 3: 2023cc21 (small blind) folded before Flop
Seat 4: Hero (big blind) folded on the Flop
Seat 5: a0d7dab folded before Flop
Seat 6: 81efef22 folded on the Flop
Seat 7: 2bfc5ff4 won (1,896)
Seat 8: 5c1586bb folded before Flop


Poker Hand #TM5654030572: Tournament #267057231, Bounty Hunters Special $8.88 Hold'em No Limit - Level2(60/120(18)) - 2026/03/02 16:42:02
Table '23' 8-max Seat #1 is the button
Seat 1: 544d8214 (11,528 in chips)
Seat 2: 6d53a1d3 (9,279 in chips)
Seat 3: 2023cc21 (16,364 in chips)
Seat 4: Hero (6,548 in chips)
Seat 5: a0d7dab (9,287 in chips)
Seat 6: 81efef22 (16,576 in chips)
Seat 7: 2bfc5ff4 (9,982 in chips)
Seat 8: 5c1586bb (10,581 in chips)
544d8214: posts the ante 18
81efef22: posts the ante 18
Hero: posts the ante 18
5c1586bb: posts the ante 18
2023cc21: posts the ante 18
6d53a1d3: posts the ante 18
a0d7dab: posts the ante 18
2bfc5ff4: posts the ante 18
6d53a1d3: posts small blind 60
2023cc21: posts big blind 120
*** HOLE CARDS ***
Dealt to 544d8214 
Dealt to 6d53a1d3 
Dealt to 2023cc21 
Dealt to Hero [5d 2h]
Dealt to a0d7dab 
Dealt to 81efef22 
Dealt to 2bfc5ff4 
Dealt to 5c1586bb 
Hero: folds
a0d7dab: folds
81efef22: folds
2bfc5ff4: raises 144 to 264
5c1586bb: folds
544d8214: calls 264
6d53a1d3: folds
2023cc21: folds
*** FLOP *** [Kd 8c Ad]
2bfc5ff4: bets 426
544d8214: folds
Uncalled bet (426) returned to 2bfc5ff4
*** SHOWDOWN ***
2bfc5ff4 collected 852 from pot
*** SUMMARY ***
Total pot 852 | Rake 0 | Jackpot 0 | Bingo 0 | Fortune 0 | Tax 0
Board [Kd 8c Ad]
Seat 1: 544d8214 (button) folded on the Flop
Seat 2: 6d53a1d3 (small blind) folded before Flop
Seat 3: 2023cc21 (big blind) folded before Flop
Seat 4: Hero folded before Flop
Seat 5: a0d7dab folded before Flop
Seat 6: 81efef22 folded before Flop
Seat 7: 2bfc5ff4 won (852)
Seat 8: 5c1586bb folded before Flop


Poker Hand #TM5654030570: Tournament #267057231, Bounty Hunters Special $8.88 Hold'em No Limit - Level2(60/120(18)) - 2026/03/02 16:41:15
Table '23' 8-max Seat #8 is the button
Seat 1: 544d8214 (10,108 in chips)
Seat 2: 6d53a1d3 (9,417 in chips)
Seat 3: 2023cc21 (17,556 in chips)
Seat 4: Hero (6,566 in chips)
Seat 5: a0d7dab (9,305 in chips)
Seat 6: 81efef22 (16,594 in chips)
Seat 7: 2bfc5ff4 (10,000 in chips)
Seat 8: 5c1586bb (10,599 in chips)
544d8214: posts the ante 18
81efef22: posts the ante 18
Hero: posts the ante 18
5c1586bb: posts the ante 18
2023cc21: posts the ante 18
6d53a1d3: posts the ante 18
a0d7dab: posts the ante 18
2bfc5ff4: posts the ante 18
544d8214: posts small blind 60
6d53a1d3: posts big blind 120
*** HOLE CARDS ***
Dealt to 544d8214 
Dealt to 6d53a1d3 
Dealt to 2023cc21 
Dealt to Hero [9d Jc]
Dealt to a0d7dab 
Dealt to 81efef22 
Dealt to 2bfc5ff4 
Dealt to 5c1586bb 
2023cc21: raises 132 to 252
Hero: folds
a0d7dab: folds
81efef22: folds
2bfc5ff4: folds
5c1586bb: folds
544d8214: raises 922 to 1,174
6d53a1d3: folds
2023cc21: calls 922
*** FLOP *** [3d Kc 5c]
544d8214: bets 1,306
2023cc21: folds
Uncalled bet (1,306) returned to 544d8214
*** SHOWDOWN ***
544d8214 collected 2,612 from pot
*** SUMMARY ***
Total pot 2,612 | Rake 0 | Jackpot 0 | Bingo 0 | Fortune 0 | Tax 0
Board [3d Kc 5c]
Seat 1: 544d8214 (small blind) won (2,612)
Seat 2: 6d53a1d3 (big blind) folded before Flop
Seat 3: 2023cc21 folded on the Flop
Seat 4: Hero folded before Flop
Seat 5: a0d7dab folded before Flop
Seat 6: 81efef22 folded before Flop
Seat 7: 2bfc5ff4 folded before Flop
Seat 8: 5c1586bb (button) folded before Flop


Poker Hand #TM5654030566: Tournament #267057231, Bounty Hunters Special $8.88 Hold'em No Limit - Level2(60/120(18)) - 2026/03/02 16:40:42
Table '23' 8-max Seat #6 is the button
Seat 1: 544d8214 (9,940 in chips)
Seat 2: 6d53a1d3 (9,435 in chips)
Seat 3: 2023cc21 (17,574 in chips)
Seat 4: Hero (6,584 in chips)
Seat 5: a0d7dab (9,323 in chips)
Seat 6: 81efef22 (16,612 in chips)
Seat 8: 5c1586bb (10,677 in chips)
544d8214: posts the ante 18
81efef22: posts the ante 18
Hero: posts the ante 18
5c1586bb: posts the ante 18
2023cc21: posts the ante 18
6d53a1d3: posts the ante 18
a0d7dab: posts the ante 18
5c1586bb: posts small blind 60
544d8214: posts big blind 120
*** HOLE CARDS ***
Dealt to 544d8214 
Dealt to 6d53a1d3 
Dealt to 2023cc21 
Dealt to Hero [8c Td]
Dealt to a0d7dab 
Dealt to 81efef22 
Dealt to 5c1586bb 
6d53a1d3: folds
2023cc21: folds
Hero: folds
a0d7dab: folds
81efef22: folds
5c1586bb: folds
Uncalled bet (60) returned to 544d8214
*** SHOWDOWN ***
544d8214 collected 246 from pot
*** SUMMARY ***
Total pot 246 | Rake 0 | Jackpot 0 | Bingo 0 | Fortune 0 | Tax 0
Seat 1: 544d8214 (big blind) collected (246)
Seat 2: 6d53a1d3 folded before Flop
Seat 3: 2023cc21 folded before Flop
Seat 4: Hero folded before Flop
Seat 5: a0d7dab folded before Flop
Seat 6: 81efef22 (button) folded before Flop
Seat 8: 5c1586bb (small blind) folded before Flop


Poker Hand #TM5654030557: Tournament #267057231, Bounty Hunters Special $8.88 Hold'em No Limit - Level1(50/100(15)) - 2026/03/02 16:39:26
Table '23' 8-max Seat #5 is the button
Seat 1: 544d8214 (9,955 in chips)
Seat 2: 6d53a1d3 (9,450 in chips)
Seat 3: 2023cc21 (9,380 in chips)
Seat 4: Hero (6,599 in chips)
Seat 5: a0d7dab (9,338 in chips)
Seat 6: 81efef22 (16,847 in chips)
Seat 7: c8e66fe6 (7,884 in chips)
Seat 8: 5c1586bb (10,692 in chips)
544d8214: posts the ante 15
81efef22: posts the ante 15
c8e66fe6: posts the ante 15
Hero: posts the ante 15
5c1586bb: posts the ante 15
2023cc21: posts the ante 15
6d53a1d3: posts the ante 15
a0d7dab: posts the ante 15
81efef22: posts small blind 50
c8e66fe6: posts big blind 100
*** HOLE CARDS ***
Dealt to 544d8214 
Dealt to 6d53a1d3 
Dealt to 2023cc21 
Dealt to Hero [7s 6h]
Dealt to a0d7dab 
Dealt to 81efef22 
Dealt to c8e66fe6 
Dealt to 5c1586bb 
5c1586bb: folds
544d8214: folds
6d53a1d3: folds
2023cc21: raises 120 to 220
Hero: folds
a0d7dab: folds
81efef22: calls 170
c8e66fe6: calls 120
*** FLOP *** [8h 9s 6d]
81efef22: checks
c8e66fe6: checks
2023cc21: checks
*** TURN *** [8h 9s 6d] [Th]
81efef22: checks
c8e66fe6: bets 780
2023cc21: calls 780
81efef22: folds
*** RIVER *** [8h 9s 6d Th] [Qc]
c8e66fe6: bets 2,340
2023cc21: raises 6,025 to 8,365 and is all-in
c8e66fe6: calls 4,529 and is all-in
Uncalled bet (1,496) returned to 2023cc21
2023cc21: shows [Jd Ks] (a straight, King to Nine)
c8e66fe6: shows [7c 9d] (a straight, Ten to Six)
*** SHOWDOWN ***
2023cc21 collected 16,078 from pot
*** SUMMARY ***
Total pot 16,078 | Rake 0 | Jackpot 0 | Bingo 0 | Fortune 0 | Tax 0
Board [8h 9s 6d Th Qc]
Seat 1: 544d8214 folded before Flop
Seat 2: 6d53a1d3 folded before Flop
Seat 3: 2023cc21 showed [Jd Ks] and won (16,078) with a straight, King to Nine
Seat 4: Hero folded before Flop
Seat 5: a0d7dab (button) folded before Flop
Seat 6: 81efef22 (small blind) folded on the Turn
Seat 7: c8e66fe6 (big blind) showed [7c 9d] and lost with a straight, Ten to Six
Seat 8: 5c1586bb folded before Flop


Poker Hand #TM5654030548: Tournament #267057231, Bounty Hunters Special $8.88 Hold'em No Limit - Level1(50/100(15)) - 2026/03/02 16:37:40
Table '23' 8-max Seat #4 is the button
Seat 1: 544d8214 (9,970 in chips)
Seat 2: 6d53a1d3 (9,465 in chips)
Seat 3: 2023cc21 (9,395 in chips)
Seat 4: Hero (6,614 in chips)
Seat 5: a0d7dab (10,256 in chips)
Seat 6: 81efef22 (14,936 in chips)
Seat 7: c8e66fe6 (7,899 in chips)
Seat 8: 5c1586bb (11,610 in chips)
544d8214: posts the ante 15
81efef22: posts the ante 15
c8e66fe6: posts the ante 15
Hero: posts the ante 15
5c1586bb: posts the ante 15
2023cc21: posts the ante 15
6d53a1d3: posts the ante 15
a0d7dab: posts the ante 15
a0d7dab: posts small blind 50
81efef22: posts big blind 100
*** HOLE CARDS ***
Dealt to 544d8214 
Dealt to 6d53a1d3 
Dealt to 2023cc21 
Dealt to Hero [6s 2c]
Dealt to a0d7dab 
Dealt to 81efef22 
Dealt to c8e66fe6 
Dealt to 5c1586bb 
c8e66fe6: folds
5c1586bb: raises 150 to 250
544d8214: folds
6d53a1d3: folds
2023cc21: folds
Hero: folds
a0d7dab: calls 200
81efef22: calls 150
*** FLOP *** [4s Qh Kc]
a0d7dab: checks
81efef22: checks
5c1586bb: bets 653
a0d7dab: calls 653
81efef22: raises 2,122 to 2,775
5c1586bb: folds
a0d7dab: folds
Uncalled bet (2,122) returned to 81efef22
*** SHOWDOWN ***
81efef22 collected 2,829 from pot
*** SUMMARY ***
Total pot 2,829 | Rake 0 | Jackpot 0 | Bingo 0 | Fortune 0 | Tax 0
Board [4s Qh Kc]
Seat 1: 544d8214 folded before Flop
Seat 2: 6d53a1d3 folded before Flop
Seat 3: 2023cc21 folded before Flop
Seat 4: Hero (button) folded before Flop
Seat 5: a0d7dab (small blind) folded on the Flop
Seat 6: 81efef22 (big blind) won (2,829)
Seat 7: c8e66fe6 folded before Flop
Seat 8: 5c1586bb folded on the Flop


Poker Hand #TM5654030541: Tournament #267057231, Bounty Hunters Special $8.88 Hold'em No Limit - Level1(50/100(15)) - 2026/03/02 16:36:51
Table '23' 8-max Seat #3 is the button
Seat 1: 544d8214 (9,985 in chips)
Seat 2: 6d53a1d3 (9,480 in chips)
Seat 3: 2023cc21 (9,410 in chips)
Seat 4: Hero (6,679 in chips)
Seat 5: a0d7dab (10,371 in chips)
Seat 6: 81efef22 (13,211 in chips)
Seat 7: c8e66fe6 (9,384 in chips)
Seat 8: 5c1586bb (11,625 in chips)
544d8214: posts the ante 15
81efef22: posts the ante 15
c8e66fe6: posts the ante 15
Hero: posts the ante 15
5c1586bb: posts the ante 15
2023cc21: posts the ante 15
6d53a1d3: posts the ante 15
a0d7dab: posts the ante 15
Hero: posts small blind 50
a0d7dab: posts big blind 100
*** HOLE CARDS ***
Dealt to 544d8214 
Dealt to 6d53a1d3 
Dealt to 2023cc21 
Dealt to Hero [6d 3d]
Dealt to a0d7dab 
Dealt to 81efef22 
Dealt to c8e66fe6 
Dealt to 5c1586bb 
81efef22: raises 300 to 400
c8e66fe6: calls 400
5c1586bb: folds
544d8214: folds
6d53a1d3: folds
2023cc21: folds
Hero: folds
a0d7dab: folds
*** FLOP *** [Tc 9c Ah]
81efef22: checks
c8e66fe6: checks
*** TURN *** [Tc 9c Ah] [Kd]
81efef22: bets 1,070
c8e66fe6: calls 1,070
*** RIVER *** [Tc 9c Ah Kd] [5c]
81efef22: bets 11,726 and is all-in
c8e66fe6: folds
Uncalled bet (11,726) returned to 81efef22
*** SHOWDOWN ***
81efef22 collected 3,210 from pot
*** SUMMARY ***
Total pot 3,210 | Rake 0 | Jackpot 0 | Bingo 0 | Fortune 0 | Tax 0
Board [Tc 9c Ah Kd 5c]
Seat 1: 544d8214 folded before Flop
Seat 2: 6d53a1d3 folded before Flop
Seat 3: 2023cc21 (button) folded before Flop
Seat 4: Hero (small blind) folded before Flop
Seat 5: a0d7dab (big blind) folded before Flop
Seat 6: 81efef22 won (3,210)
Seat 7: c8e66fe6 folded on the River
Seat 8: 5c1586bb folded before Flop


Poker Hand #TM5654030534: Tournament #267057231, Bounty Hunters Special $8.88 Hold'em No Limit - Level1(50/100(15)) - 2026/03/02 16:35:18
Table '23' 8-max Seat #2 is the button
Seat 1: 544d8214 (10,000 in chips)
Seat 2: 6d53a1d3 (9,595 in chips)
Seat 3: 2023cc21 (9,525 in chips)
Seat 4: Hero (7,414 in chips)
Seat 5: a0d7dab (10,386 in chips)
Seat 6: 81efef22 (13,226 in chips)
Seat 7: c8e66fe6 (9,499 in chips)
Seat 8: 5c1586bb (10,500 in chips)
544d8214: posts the ante 15
81efef22: posts the ante 15
c8e66fe6: posts the ante 15
Hero: posts the ante 15
5c1586bb: posts the ante 15
2023cc21: posts the ante 15
6d53a1d3: posts the ante 15
a0d7dab: posts the ante 15
2023cc21: posts small blind 50
Hero: posts big blind 100
*** HOLE CARDS ***
Dealt to 544d8214 
Dealt to 6d53a1d3 
Dealt to 2023cc21 
Dealt to Hero [6d Qd]
Dealt to a0d7dab 
Dealt to 81efef22 
Dealt to c8e66fe6 
Dealt to 5c1586bb 
a0d7dab: folds
81efef22: folds
c8e66fe6: calls 100
5c1586bb: calls 100
544d8214: folds
6d53a1d3: calls 100
2023cc21: calls 50
Hero: checks
*** FLOP *** [3d 5h 4h]
2023cc21: checks
Hero: checks
c8e66fe6: checks
5c1586bb: bets 620
6d53a1d3: folds
2023cc21: folds
Hero: calls 620
c8e66fe6: folds
*** TURN *** [3d 5h 4h] [6h]
Hero: checks
5c1586bb: checks
*** RIVER *** [3d 5h 4h 6h] [3c]
Hero: checks
5c1586bb: checks
Hero: shows [6d Qd] (two pair, Sixes and Threes)
5c1586bb: shows [2s As] (a straight, Six to Two)
*** SHOWDOWN ***
5c1586bb collected 1,860 from pot
*** SUMMARY ***
Total pot 1,860 | Rake 0 | Jackpot 0 | Bingo 0 | Fortune 0 | Tax 0
Board [3d 5h 4h 6h 3c]
Seat 1: 544d8214 folded before Flop
Seat 2: 6d53a1d3 (button) folded on the Flop
Seat 3: 2023cc21 (small blind) folded on the Flop
Seat 4: Hero (big blind) showed [6d Qd] and lost with two pair, Sixes and Threes
Seat 5: a0d7dab folded before Flop
Seat 6: 81efef22 folded before Flop
Seat 7: c8e66fe6 folded on the Flop
Seat 8: 5c1586bb showed [2s As] and won (1,860) with a straight, Six to Two


Poker Hand #TM5654030528: Tournament #267057231, Bounty Hunters Special $8.88 Hold'em No Limit - Level1(50/100(15)) - 2026/03/02 16:34:22
Table '23' 8-max Seat #1 is the button
Seat 1: 544d8214 (10,015 in chips)
Seat 2: 6d53a1d3 (9,810 in chips)
Seat 3: 2023cc21 (9,640 in chips)
Seat 4: Hero (7,429 in chips)
Seat 5: a0d7dab (9,510 in chips)
Seat 6: 81efef22 (13,241 in chips)
Seat 7: c8e66fe6 (9,985 in chips)
Seat 8: 5c1586bb (10,515 in chips)
544d8214: posts the ante 15
81efef22: posts the ante 15
c8e66fe6: posts the ante 15
Hero: posts the ante 15
5c1586bb: posts the ante 15
2023cc21: posts the ante 15
6d53a1d3: posts the ante 15
a0d7dab: posts the ante 15
6d53a1d3: posts small blind 50
2023cc21: posts big blind 100
*** HOLE CARDS ***
Dealt to 544d8214 
Dealt to 6d53a1d3 
Dealt to 2023cc21 
Dealt to Hero [7d 9c]
Dealt to a0d7dab 
Dealt to 81efef22 
Dealt to c8e66fe6 
Dealt to 5c1586bb 
Hero: folds
a0d7dab: raises 100 to 200
81efef22: folds
c8e66fe6: calls 200
5c1586bb: folds
544d8214: folds
6d53a1d3: calls 150
2023cc21: folds
*** FLOP *** [4d Qd Kc]
6d53a1d3: checks
a0d7dab: bets 271
c8e66fe6: calls 271
6d53a1d3: folds
*** TURN *** [4d Qd Kc] [Ts]
a0d7dab: bets 681
c8e66fe6: folds
Uncalled bet (681) returned to a0d7dab
*** SHOWDOWN ***
a0d7dab collected 1,362 from pot
*** SUMMARY ***
Total pot 1,362 | Rake 0 | Jackpot 0 | Bingo 0 | Fortune 0 | Tax 0
Board [4d Qd Kc Ts]
Seat 1: 544d8214 (button) folded before Flop
Seat 2: 6d53a1d3 (small blind) folded on the Flop
Seat 3: 2023cc21 (big blind) folded before Flop
Seat 4: Hero folded before Flop
Seat 5: a0d7dab won (1,362)
Seat 6: 81efef22 folded before Flop
Seat 7: c8e66fe6 folded on the Turn
Seat 8: 5c1586bb folded before Flop


Poker Hand #TM5654030524: Tournament #267057231, Bounty Hunters Special $8.88 Hold'em No Limit - Level1(50/100(15)) - 2026/03/02 16:33:42
Table '23' 8-max Seat #8 is the button
Seat 1: 544d8214 (10,080 in chips)
Seat 2: 6d53a1d3 (9,925 in chips)
Seat 3: 2023cc21 (9,655 in chips)
Seat 4: Hero (7,444 in chips)
Seat 5: a0d7dab (9,525 in chips)
Seat 6: 81efef22 (13,256 in chips)
Seat 7: c8e66fe6 (10,000 in chips)
Seat 8: 5c1586bb (10,260 in chips)
544d8214: posts the ante 15
81efef22: posts the ante 15
c8e66fe6: posts the ante 15
Hero: posts the ante 15
5c1586bb: posts the ante 15
2023cc21: posts the ante 15
6d53a1d3: posts the ante 15
a0d7dab: posts the ante 15
544d8214: posts small blind 50
6d53a1d3: posts big blind 100
*** HOLE CARDS ***
Dealt to 544d8214 
Dealt to 6d53a1d3 
Dealt to 2023cc21 
Dealt to Hero [7d 4s]
Dealt to a0d7dab 
Dealt to 81efef22 
Dealt to c8e66fe6 
Dealt to 5c1586bb 
2023cc21: folds
Hero: folds
a0d7dab: folds
81efef22: folds
c8e66fe6: folds
5c1586bb: raises 100 to 200
544d8214: folds
6d53a1d3: folds
Uncalled bet (100) returned to 5c1586bb
*** SHOWDOWN ***
5c1586bb collected 370 from pot
*** SUMMARY ***
Total pot 370 | Rake 0 | Jackpot 0 | Bingo 0 | Fortune 0 | Tax 0
Seat 1: 544d8214 (small blind) folded before Flop
Seat 2: 6d53a1d3 (big blind) folded before Flop
Seat 3: 2023cc21 folded before Flop
Seat 4: Hero folded before Flop
Seat 5: a0d7dab folded before Flop
Seat 6: 81efef22 folded before Flop
Seat 7: c8e66fe6 folded before Flop
Seat 8: 5c1586bb (button) collected (370)


Poker Hand #TM5654030520: Tournament #267057231, Bounty Hunters Special $8.88 Hold'em No Limit - Level1(50/100(15)) - 2026/03/02 16:33:04
Table '23' 8-max Seat #6 is the button
Seat 1: 544d8214 (10,195 in chips)
Seat 2: 6d53a1d3 (9,940 in chips)
Seat 3: 2023cc21 (9,670 in chips)
Seat 4: Hero (7,459 in chips)
Seat 5: a0d7dab (9,740 in chips)
Seat 6: 81efef22 (13,271 in chips)
Seat 8: 5c1586bb (9,870 in chips)
544d8214: posts the ante 15
81efef22: posts the ante 15
Hero: posts the ante 15
5c1586bb: posts the ante 15
2023cc21: posts the ante 15
6d53a1d3: posts the ante 15
a0d7dab: posts the ante 15
5c1586bb: posts small blind 50
544d8214: posts big blind 100
*** HOLE CARDS ***
Dealt to 544d8214 
Dealt to 6d53a1d3 
Dealt to 2023cc21 
Dealt to Hero [Jc 8h]
Dealt to a0d7dab 
Dealt to 81efef22 
Dealt to 5c1586bb 
6d53a1d3: folds
2023cc21: folds
Hero: folds
a0d7dab: raises 100 to 200
81efef22: folds
5c1586bb: raises 800 to 1,000
544d8214: folds
a0d7dab: folds
Uncalled bet (800) returned to 5c1586bb
*** SHOWDOWN ***
5c1586bb collected 605 from pot
*** SUMMARY ***
Total pot 605 | Rake 0 | Jackpot 0 | Bingo 0 | Fortune 0 | Tax 0
Seat 1: 544d8214 (big blind) folded before Flop
Seat 2: 6d53a1d3 folded before Flop
Seat 3: 2023cc21 folded before Flop
Seat 4: Hero folded before Flop
Seat 5: a0d7dab folded before Flop
Seat 6: 81efef22 (button) folded before Flop
Seat 8: 5c1586bb (small blind) collected (605)


Poker Hand #TM5654030513: Tournament #267057231, Bounty Hunters Special $8.88 Hold'em No Limit - Level1(50/100(15)) - 2026/03/02 16:32:07
Table '23' 8-max Seat #5 is the button
Seat 1: 544d8214 (10,210 in chips)
Seat 2: 6d53a1d3 (9,955 in chips)
Seat 3: 2023cc21 (9,905 in chips)
Seat 4: Hero (8,142 in chips)
Seat 5: a0d7dab (9,755 in chips)
Seat 6: 81efef22 (12,193 in chips)
Seat 8: 5c1586bb (9,985 in chips)
544d8214: posts the ante 15
81efef22: posts the ante 15
Hero: posts the ante 15
5c1586bb: posts the ante 15
2023cc21: posts the ante 15
6d53a1d3: posts the ante 15
a0d7dab: posts the ante 15
81efef22: posts small blind 50
5c1586bb: posts big blind 100
*** HOLE CARDS ***
Dealt to 544d8214 
Dealt to 6d53a1d3 
Dealt to 2023cc21 
Dealt to Hero [Kh Qs]
Dealt to a0d7dab 
Dealt to 81efef22 
Dealt to 5c1586bb 
544d8214: folds
6d53a1d3: folds
2023cc21: raises 120 to 220
Hero: raises 448 to 668
a0d7dab: folds
81efef22: calls 618
5c1586bb: folds
2023cc21: folds
*** FLOP *** [3h 2d 2s]
81efef22: checks
Hero: checks
*** TURN *** [3h 2d 2s] [Jd]
81efef22: bets 881
Hero: folds
Uncalled bet (881) returned to 81efef22
*** SHOWDOWN ***
81efef22 collected 1,761 from pot
*** SUMMARY ***
Total pot 1,761 | Rake 0 | Jackpot 0 | Bingo 0 | Fortune 0 | Tax 0
Board [3h 2d 2s Jd]
Seat 1: 544d8214 folded before Flop
Seat 2: 6d53a1d3 folded before Flop
Seat 3: 2023cc21 folded before Flop
Seat 4: Hero folded on the Turn
Seat 5: a0d7dab (button) folded before Flop
Seat 6: 81efef22 (small blind) won (1,761)
Seat 8: 5c1586bb (big blind) folded before Flop


Poker Hand #TM5654030511: Tournament #267057231, Bounty Hunters Special $8.88 Hold'em No Limit - Level1(50/100(15)) - 2026/03/02 16:31:36
Table '23' 8-max Seat #4 is the button
Seat 1: 544d8214 (10,225 in chips)
Seat 2: 6d53a1d3 (9,970 in chips)
Seat 3: 2023cc21 (9,920 in chips)
Seat 4: Hero (8,157 in chips)
Seat 5: a0d7dab (9,870 in chips)
Seat 6: 81efef22 (11,888 in chips)
Seat 7: 470a5535 (9,970 in chips)
Seat 8: 5c1586bb (10,000 in chips)
544d8214: posts the ante 15
81efef22: posts the ante 15
Hero: posts the ante 15
470a5535: posts the ante 15
5c1586bb: posts the ante 15
2023cc21: posts the ante 15
6d53a1d3: posts the ante 15
a0d7dab: posts the ante 15
a0d7dab: posts small blind 50
81efef22: posts big blind 100
*** HOLE CARDS ***
Dealt to 544d8214 
Dealt to 6d53a1d3 
Dealt to 2023cc21 
Dealt to Hero [Ks 5c]
Dealt to a0d7dab 
Dealt to 81efef22 
Dealt to 470a5535 
Dealt to 5c1586bb 
470a5535: calls 100
5c1586bb: folds
544d8214: folds
6d53a1d3: folds
2023cc21: folds
Hero: folds
a0d7dab: calls 50
81efef22: checks
*** FLOP *** [6c Jd 8h]
a0d7dab: checks
81efef22: bets 420
470a5535: folds
a0d7dab: folds
Uncalled bet (420) returned to 81efef22
*** SHOWDOWN ***
81efef22 collected 420 from pot
*** SUMMARY ***
Total pot 420 | Rake 0 | Jackpot 0 | Bingo 0 | Fortune 0 | Tax 0
Board [6c Jd 8h]
Seat 1: 544d8214 folded before Flop
Seat 2: 6d53a1d3 folded before Flop
Seat 3: 2023cc21 folded before Flop
Seat 4: Hero (button) folded before Flop
Seat 5: a0d7dab (small blind) folded on the Flop
Seat 6: 81efef22 (big blind) won (420)
Seat 7: 470a5535 folded on the Flop
Seat 8: 5c1586bb folded before Flop


Poker Hand #TM5654030504: Tournament #267057231, Bounty Hunters Special $8.88 Hold'em No Limit - Level1(50/100(15)) - 2026/03/02 16:30:38
Table '23' 8-max Seat #3 is the button
Seat 1: 544d8214 (10,240 in chips)
Seat 2: 6d53a1d3 (9,985 in chips)
Seat 3: 2023cc21 (9,935 in chips)
Seat 4: Hero (9,885 in chips)
Seat 5: a0d7dab (9,985 in chips)
Seat 6: 81efef22 (9,985 in chips)
Seat 7: 470a5535 (9,985 in chips)
544d8214: posts the ante 15
81efef22: posts the ante 15
470a5535: posts the ante 15
Hero: posts the ante 15
2023cc21: posts the ante 15
6d53a1d3: posts the ante 15
a0d7dab: posts the ante 15
Hero: posts small blind 50
a0d7dab: posts big blind 100
*** HOLE CARDS ***
Dealt to 544d8214 
Dealt to 6d53a1d3 
Dealt to 2023cc21 
Dealt to Hero [Kc Tc]
Dealt to a0d7dab 
Dealt to 81efef22 
Dealt to 470a5535 
81efef22: raises 100 to 200
470a5535: folds
544d8214: folds
6d53a1d3: folds
2023cc21: folds
Hero: raises 605 to 805
a0d7dab: folds
81efef22: calls 605
*** FLOP *** [8d Kd 3d]
Hero: bets 908
81efef22: raises 1,816 to 2,724
Hero: folds
Uncalled bet (1,816) returned to 81efef22
Hero: shows [Kc]
81efef22: shows [5h 9h] (King high)
*** SHOWDOWN ***
81efef22 collected 3,631 from pot
*** SUMMARY ***
Total pot 3,631 | Rake 0 | Jackpot 0 | Bingo 0 | Fortune 0 | Tax 0
Board [8d Kd 3d]
Seat 1: 544d8214 folded before Flop
Seat 2: 6d53a1d3 folded before Flop
Seat 3: 2023cc21 (button) folded before Flop
Seat 4: Hero (small blind) folded on the Flop
Seat 5: a0d7dab (big blind) folded before Flop
Seat 6: 81efef22 showed [5h 9h] and won (3,631)
Seat 7: 470a5535 folded before Flop


Poker Hand #TM5654030500: Tournament #267057231, Bounty Hunters Special $8.88 Hold'em No Limit - Level1(50/100(15)) - 2026/03/02 16:30:02
Table '23' 8-max Seat #2 is the button
Seat 1: 544d8214 (10,000 in chips)
Seat 2: 6d53a1d3 (10,000 in chips)
Seat 3: 2023cc21 (10,000 in chips)
Seat 4: Hero (10,000 in chips)
Seat 5: a0d7dab (10,000 in chips)
Seat 6: 81efef22 (10,000 in chips)
Seat 7: 470a5535 (10,000 in chips)
544d8214: posts the ante 15
81efef22: posts the ante 15
470a5535: posts the ante 15
Hero: posts the ante 15
2023cc21: posts the ante 15
6d53a1d3: posts the ante 15
a0d7dab: posts the ante 15
2023cc21: posts small blind 50
Hero: posts big blind 100
*** HOLE CARDS ***
Dealt to 544d8214 
Dealt to 6d53a1d3 
Dealt to 2023cc21 
Dealt to Hero [7c 4s]
Dealt to a0d7dab 
Dealt to 81efef22 
Dealt to 470a5535 
a0d7dab: folds
81efef22: folds
470a5535: folds
544d8214: raises 120 to 220
6d53a1d3: folds
2023cc21: folds
Hero: folds
Uncalled bet (120) returned to 544d8214
*** SHOWDOWN ***
544d8214 collected 355 from pot
*** SUMMARY ***
Total pot 355 | Rake 0 | Jackpot 0 | Bingo 0 | Fortune 0 | Tax 0
Seat 1: 544d8214 collected (355)
Seat 2: 6d53a1d3 (button) folded before Flop
Seat 3: 2023cc21 (small blind) folded before Flop
Seat 4: Hero (big blind) folded before Flop
Seat 5: a0d7dab folded before Flop
Seat 6: 81efef22 folded before Flop
Seat 7: 470a5535 folded before Flop


