Poker Hand #TM5684398233: Tournament #268638104, Bounty Hunters Special $10.80 Hold'em No Limit - Level6(125/250(35)) - 2026/03/09 18:19:56
Table '23' 8-max Seat #3 is the button
Seat 1: 117c48d5 (18,818 in chips)
Seat 2: Hero (12,507 in chips)
Seat 3: 81759856 (8,447 in chips)
Seat 4: 2db1da20 (32,518 in chips)
Seat 5: 173b4734 (12,710 in chips)
Seat 6: 5dcc2f9e (9,895 in chips)
Seat 7: f1673057 (11,835 in chips)
Seat 8: 261f448f (42,813 in chips)
f1673057: posts the ante 35
Hero: posts the ante 35
261f448f: posts the ante 35
81759856: posts the ante 35
2db1da20: posts the ante 35
117c48d5: posts the ante 35
173b4734: posts the ante 35
5dcc2f9e: posts the ante 35
2db1da20: posts small blind 125
173b4734: posts big blind 250
*** HOLE CARDS ***
Dealt to 117c48d5 
Dealt to Hero [Js Jd]
Dealt to 81759856 
Dealt to 2db1da20 
Dealt to 173b4734 
Dealt to 5dcc2f9e 
Dealt to f1673057 
Dealt to 261f448f 
5dcc2f9e: folds
f1673057: folds
261f448f: folds
117c48d5: raises 275 to 525
Hero: raises 1,279 to 1,804
81759856: folds
2db1da20: raises 30,679 to 32,483 and is all-in
173b4734: folds
117c48d5: folds
Hero: calls 10,668 and is all-in
Uncalled bet (20,011) returned to 2db1da20
2db1da20: shows [Ks Ah]
Hero: shows [Js Jd]
*** FLOP *** [Qh 5c 2h]
*** TURN *** [Qh 5c 2h] [Kc]
*** RIVER *** [Qh 5c 2h Kc] [2d]
117c48d5: shows [Kd] (two pair, Kings and Twos)
*** SHOWDOWN ***
2db1da20 collected 25,999 from pot
*** SUMMARY ***
Total pot 25,999 | Rake 0 | Jackpot 0 | Bingo 0 | Fortune 0 | Tax 0
Board [Qh 5c 2h Kc 2d]
Seat 1: 117c48d5 folded before Flop
Seat 2: Hero showed [Js Jd] and lost with two pair, Jacks and Twos
Seat 3: 81759856 (button) folded before Flop
Seat 4: 2db1da20 (small blind) showed [Ks Ah] and won (25,999) with two pair, Kings and Twos
Seat 5: 173b4734 (big blind) folded before Flop
Seat 6: 5dcc2f9e folded before Flop
Seat 7: f1673057 folded before Flop
Seat 8: 261f448f folded before Flop


Poker Hand #TM5684398221: Tournament #268638104, Bounty Hunters Special $10.80 Hold'em No Limit - Level6(125/250(35)) - 2026/03/09 18:19:28
Table '23' 8-max Seat #2 is the button
Seat 1: 117c48d5 (19,428 in chips)
Seat 2: Hero (12,542 in chips)
Seat 3: 81759856 (8,607 in chips)
Seat 4: 2db1da20 (32,803 in chips)
Seat 5: 173b4734 (12,745 in chips)
Seat 6: 5dcc2f9e (9,930 in chips)
Seat 7: f1673057 (10,640 in chips)
Seat 8: 261f448f (42,848 in chips)
f1673057: posts the ante 35
Hero: posts the ante 35
261f448f: posts the ante 35
2db1da20: posts the ante 35
81759856: posts the ante 35
117c48d5: posts the ante 35
173b4734: posts the ante 35
5dcc2f9e: posts the ante 35
81759856: posts small blind 125
2db1da20: posts big blind 250
*** HOLE CARDS ***
Dealt to 117c48d5 
Dealt to Hero [Qs 6h]
Dealt to 81759856 
Dealt to 2db1da20 
Dealt to 173b4734 
Dealt to 5dcc2f9e 
Dealt to f1673057 
Dealt to 261f448f 
173b4734: folds
5dcc2f9e: folds
f1673057: raises 325 to 575
261f448f: folds
117c48d5: calls 575
Hero: folds
81759856: folds
2db1da20: folds
*** FLOP *** [8s 7d 3c]
f1673057: bets 675
117c48d5: folds
Uncalled bet (675) returned to f1673057
*** SHOWDOWN ***
f1673057 collected 1,805 from pot
*** SUMMARY ***
Total pot 1,805 | Rake 0 | Jackpot 0 | Bingo 0 | Fortune 0 | Tax 0
Board [8s 7d 3c]
Seat 1: 117c48d5 folded on the Flop
Seat 2: Hero (button) folded before Flop
Seat 3: 81759856 (small blind) folded before Flop
Seat 4: 2db1da20 (big blind) folded before Flop
Seat 5: 173b4734 folded before Flop
Seat 6: 5dcc2f9e folded before Flop
Seat 7: f1673057 won (1,805)
Seat 8: 261f448f folded before Flop


Poker Hand #TM5684398199: Tournament #268638104, Bounty Hunters Special $10.80 Hold'em No Limit - Level6(125/250(35)) - 2026/03/09 18:18:14
Table '23' 8-max Seat #1 is the button
Seat 1: 117c48d5 (19,463 in chips)
Seat 2: Hero (12,702 in chips)
Seat 3: 81759856 (9,142 in chips)
Seat 4: 2db1da20 (38,758 in chips)
Seat 5: 173b4734 (5,955 in chips)
Seat 6: 5dcc2f9e (9,965 in chips)
Seat 7: f1673057 (10,675 in chips)
Seat 8: 261f448f (42,883 in chips)
f1673057: posts the ante 35
261f448f: posts the ante 35
Hero: posts the ante 35
2db1da20: posts the ante 35
81759856: posts the ante 35
117c48d5: posts the ante 35
173b4734: posts the ante 35
5dcc2f9e: posts the ante 35
Hero: posts small blind 125
81759856: posts big blind 250
*** HOLE CARDS ***
Dealt to 117c48d5 
Dealt to Hero [As 8d]
Dealt to 81759856 
Dealt to 2db1da20 
Dealt to 173b4734 
Dealt to 5dcc2f9e 
Dealt to f1673057 
Dealt to 261f448f 
2db1da20: raises 250 to 500
173b4734: calls 500
5dcc2f9e: folds
f1673057: folds
261f448f: folds
117c48d5: folds
Hero: folds
81759856: calls 250
*** FLOP *** [8s 5s 4h]
81759856: checks
2db1da20: checks
173b4734: bets 953
81759856: folds
2db1da20: raises 1,258 to 2,211
173b4734: raises 3,209 to 5,420 and is all-in
2db1da20: calls 3,209
173b4734: shows [Ac Ah] (a pair of Aces)
2db1da20: shows [Kh Kc] (a pair of Kings)
*** TURN *** [8s 5s 4h] [9c]
*** RIVER *** [8s 5s 4h 9c] [9d]
*** SHOWDOWN ***
173b4734 collected 12,745 from pot
*** SUMMARY ***
Total pot 12,745 | Rake 0 | Jackpot 0 | Bingo 0 | Fortune 0 | Tax 0
Board [8s 5s 4h 9c 9d]
Seat 1: 117c48d5 (button) folded before Flop
Seat 2: Hero (small blind) folded before Flop
Seat 3: 81759856 (big blind) folded on the Flop
Seat 4: 2db1da20 showed [Kh Kc] and lost with two pair, Kings and Nines
Seat 5: 173b4734 showed [Ac Ah] and won (12,745) with two pair, Aces and Nines
Seat 6: 5dcc2f9e folded before Flop
Seat 7: f1673057 folded before Flop
Seat 8: 261f448f folded before Flop


Poker Hand #TM5684398180: Tournament #268638104, Bounty Hunters Special $10.80 Hold'em No Limit - Level6(125/250(35)) - 2026/03/09 18:17:19
Table '23' 8-max Seat #8 is the button
Seat 1: 117c48d5 (18,468 in chips)
Seat 2: Hero (12,987 in chips)
Seat 3: 81759856 (9,677 in chips)
Seat 4: 2db1da20 (38,793 in chips)
Seat 5: 173b4734 (5,990 in chips)
Seat 6: 5dcc2f9e (10,000 in chips)
Seat 7: f1673057 (10,710 in chips)
Seat 8: 261f448f (42,918 in chips)
f1673057: posts the ante 35
261f448f: posts the ante 35
Hero: posts the ante 35
2db1da20: posts the ante 35
81759856: posts the ante 35
173b4734: posts the ante 35
117c48d5: posts the ante 35
5dcc2f9e: posts the ante 35
117c48d5: posts small blind 125
Hero: posts big blind 250
*** HOLE CARDS ***
Dealt to 117c48d5 
Dealt to Hero [8c 7d]
Dealt to 81759856 
Dealt to 2db1da20 
Dealt to 173b4734 
Dealt to 5dcc2f9e 
Dealt to f1673057 
Dealt to 261f448f 
81759856: raises 250 to 500
2db1da20: folds
173b4734: folds
5dcc2f9e: folds
f1673057: folds
261f448f: folds
117c48d5: raises 1,148 to 1,648
Hero: folds
81759856: folds
Uncalled bet (1,148) returned to 117c48d5
*** SHOWDOWN ***
117c48d5 collected 1,530 from pot
*** SUMMARY ***
Total pot 1,530 | Rake 0 | Jackpot 0 | Bingo 0 | Fortune 0 | Tax 0
Seat 1: 117c48d5 (small blind) collected (1,530)
Seat 2: Hero (big blind) folded before Flop
Seat 3: 81759856 folded before Flop
Seat 4: 2db1da20 folded before Flop
Seat 5: 173b4734 folded before Flop
Seat 6: 5dcc2f9e folded before Flop
Seat 7: f1673057 folded before Flop
Seat 8: 261f448f (button) folded before Flop


Poker Hand #TM5684398167: Tournament #268638104, Bounty Hunters Special $10.80 Hold'em No Limit - Level6(125/250(35)) - 2026/03/09 18:16:45
Table '23' 8-max Seat #7 is the button
Seat 1: 117c48d5 (19,003 in chips)
Seat 2: Hero (11,652 in chips)
Seat 3: 81759856 (9,712 in chips)
Seat 4: 2db1da20 (39,328 in chips)
Seat 5: 173b4734 (6,025 in chips)
Seat 7: f1673057 (10,745 in chips)
Seat 8: 261f448f (43,078 in chips)
f1673057: posts the ante 35
Hero: posts the ante 35
261f448f: posts the ante 35
2db1da20: posts the ante 35
81759856: posts the ante 35
173b4734: posts the ante 35
117c48d5: posts the ante 35
261f448f: posts small blind 125
117c48d5: posts big blind 250
*** HOLE CARDS ***
Dealt to 117c48d5 
Dealt to Hero [9d Ad]
Dealt to 81759856 
Dealt to 2db1da20 
Dealt to 173b4734 
Dealt to f1673057 
Dealt to 261f448f 
Hero: raises 250 to 500
81759856: folds
2db1da20: calls 500
173b4734: folds
f1673057: folds
261f448f: folds
117c48d5: calls 250
*** FLOP *** [Ts 2c Qh]
117c48d5: checks
Hero: bets 618
2db1da20: folds
117c48d5: folds
Uncalled bet (618) returned to Hero
*** SHOWDOWN ***
Hero collected 1,870 from pot
*** SUMMARY ***
Total pot 1,870 | Rake 0 | Jackpot 0 | Bingo 0 | Fortune 0 | Tax 0
Board [Ts 2c Qh]
Seat 1: 117c48d5 (big blind) folded on the Flop
Seat 2: Hero won (1,870)
Seat 3: 81759856 folded before Flop
Seat 4: 2db1da20 folded on the Flop
Seat 5: 173b4734 folded before Flop
Seat 7: f1673057 (button) folded before Flop
Seat 8: 261f448f (small blind) folded before Flop


Poker Hand #TM5684398134: Tournament #268638104, Bounty Hunters Special $10.80 Hold'em No Limit - Level5(100/200(30)) - 2026/03/09 18:15:15
Table '23' 8-max Seat #5 is the button
Seat 1: 117c48d5 (19,033 in chips)
Seat 2: Hero (11,682 in chips)
Seat 3: 81759856 (9,742 in chips)
Seat 4: 2db1da20 (31,723 in chips)
Seat 5: 173b4734 (6,055 in chips)
Seat 6: c5f8b4ed (7,225 in chips)
Seat 7: f1673057 (10,975 in chips)
Seat 8: 261f448f (43,108 in chips)
f1673057: posts the ante 30
Hero: posts the ante 30
261f448f: posts the ante 30
2db1da20: posts the ante 30
81759856: posts the ante 30
c5f8b4ed: posts the ante 30
173b4734: posts the ante 30
117c48d5: posts the ante 30
c5f8b4ed: posts small blind 100
f1673057: posts big blind 200
*** HOLE CARDS ***
Dealt to 117c48d5 
Dealt to Hero [7s Kh]
Dealt to 81759856 
Dealt to 2db1da20 
Dealt to 173b4734 
Dealt to c5f8b4ed 
Dealt to f1673057 
Dealt to 261f448f 
261f448f: folds
117c48d5: folds
Hero: folds
81759856: folds
2db1da20: raises 200 to 400
173b4734: folds
c5f8b4ed: raises 930 to 1,330
f1673057: folds
2db1da20: calls 930
*** FLOP *** [As 8c 4s]
c5f8b4ed: bets 1,550
2db1da20: calls 1,550
*** TURN *** [As 8c 4s] [Qs]
c5f8b4ed: checks
2db1da20: bets 28,813 and is all-in
c5f8b4ed: calls 4,315 and is all-in
Uncalled bet (24,498) returned to 2db1da20
2db1da20: shows [8s 8h] (three of a kind, Eights)
c5f8b4ed: shows [Ah 4d] (two pair, Aces and Fours)
*** RIVER *** [As 8c 4s Qs] [3c]
117c48d5: shows [Ac] (a pair of Aces)
*** SHOWDOWN ***
2db1da20 collected 14,830 from pot
*** SUMMARY ***
Total pot 14,830 | Rake 0 | Jackpot 0 | Bingo 0 | Fortune 0 | Tax 0
Board [As 8c 4s Qs 3c]
Seat 1: 117c48d5 folded before Flop
Seat 2: Hero folded before Flop
Seat 3: 81759856 folded before Flop
Seat 4: 2db1da20 showed [8s 8h] and won (14,830) with three of a kind, Eights
Seat 5: 173b4734 (button) folded before Flop
Seat 6: c5f8b4ed (small blind) showed [Ah 4d] and lost with two pair, Aces and Fours
Seat 7: f1673057 (big blind) folded before Flop
Seat 8: 261f448f folded before Flop


Poker Hand #TM5684398117: Tournament #268638104, Bounty Hunters Special $10.80 Hold'em No Limit - Level5(100/200(30)) - 2026/03/09 18:14:16
Table '23' 8-max Seat #4 is the button
Seat 1: 117c48d5 (19,063 in chips)
Seat 2: Hero (11,712 in chips)
Seat 3: 81759856 (9,772 in chips)
Seat 4: 2db1da20 (31,753 in chips)
Seat 5: 173b4734 (6,544 in chips)
Seat 6: c5f8b4ed (9,940 in chips)
Seat 7: f1673057 (7,621 in chips)
Seat 8: 261f448f (43,138 in chips)
f1673057: posts the ante 30
Hero: posts the ante 30
261f448f: posts the ante 30
2db1da20: posts the ante 30
81759856: posts the ante 30
c5f8b4ed: posts the ante 30
117c48d5: posts the ante 30
173b4734: posts the ante 30
173b4734: posts small blind 100
c5f8b4ed: posts big blind 200
*** HOLE CARDS ***
Dealt to 117c48d5 
Dealt to Hero [2c 5c]
Dealt to 81759856 
Dealt to 2db1da20 
Dealt to 173b4734 
Dealt to c5f8b4ed 
Dealt to f1673057 
Dealt to 261f448f 
f1673057: raises 259 to 459
261f448f: folds
117c48d5: folds
Hero: folds
81759856: folds
2db1da20: folds
173b4734: calls 359
c5f8b4ed: calls 259
*** FLOP *** [8c 5h 6s]
173b4734: checks
c5f8b4ed: checks
f1673057: bets 405
173b4734: folds
c5f8b4ed: calls 405
*** TURN *** [8c 5h 6s] [3d]
c5f8b4ed: checks
f1673057: checks
*** RIVER *** [8c 5h 6s 3d] [Td]
c5f8b4ed: bets 1,821
f1673057: calls 1,821
c5f8b4ed: shows [4c Ah] (Ace high)
f1673057: shows [Ts Ac] (a pair of Tens)
*** SHOWDOWN ***
f1673057 collected 6,069 from pot
*** SUMMARY ***
Total pot 6,069 | Rake 0 | Jackpot 0 | Bingo 0 | Fortune 0 | Tax 0
Board [8c 5h 6s 3d Td]
Seat 1: 117c48d5 folded before Flop
Seat 2: Hero folded before Flop
Seat 3: 81759856 folded before Flop
Seat 4: 2db1da20 (button) folded before Flop
Seat 5: 173b4734 (small blind) folded on the Flop
Seat 6: c5f8b4ed (big blind) showed [4c Ah] and lost with Ace high
Seat 7: f1673057 showed [Ts Ac] and won (6,069) with a pair of Tens
Seat 8: 261f448f folded before Flop


Poker Hand #TM5684398094: Tournament #268638104, Bounty Hunters Special $10.80 Hold'em No Limit - Level5(100/200(30)) - 2026/03/09 18:12:53
Table '23' 8-max Seat #3 is the button
Seat 1: 117c48d5 (17,953 in chips)
Seat 2: Hero (11,742 in chips)
Seat 3: 81759856 (9,802 in chips)
Seat 4: 2db1da20 (31,883 in chips)
Seat 5: 173b4734 (6,974 in chips)
Seat 6: c5f8b4ed (9,970 in chips)
Seat 7: f1673057 (7,651 in chips)
Seat 8: 261f448f (43,568 in chips)
f1673057: posts the ante 30
Hero: posts the ante 30
261f448f: posts the ante 30
81759856: posts the ante 30
c5f8b4ed: posts the ante 30
2db1da20: posts the ante 30
117c48d5: posts the ante 30
173b4734: posts the ante 30
2db1da20: posts small blind 100
173b4734: posts big blind 200
*** HOLE CARDS ***
Dealt to 117c48d5 
Dealt to Hero [3c 9s]
Dealt to 81759856 
Dealt to 2db1da20 
Dealt to 173b4734 
Dealt to c5f8b4ed 
Dealt to f1673057 
Dealt to 261f448f 
c5f8b4ed: folds
f1673057: folds
261f448f: raises 200 to 400
117c48d5: calls 400
Hero: folds
81759856: folds
2db1da20: folds
173b4734: calls 200
*** FLOP *** [Js Ks 9c]
173b4734: checks
261f448f: checks
117c48d5: checks
*** TURN *** [Js Ks 9c] [Ts]
173b4734: checks
261f448f: checks
117c48d5: checks
*** RIVER *** [Js Ks 9c Ts] [5c]
173b4734: checks
261f448f: checks
117c48d5: checks
173b4734: shows [5s 3h] (a pair of Fives)
261f448f: shows [7d Ad] (Ace high)
117c48d5: shows [8s 8d] (a pair of Eights)
*** SHOWDOWN ***
117c48d5 collected 1,540 from pot
*** SUMMARY ***
Total pot 1,540 | Rake 0 | Jackpot 0 | Bingo 0 | Fortune 0 | Tax 0
Board [Js Ks 9c Ts 5c]
Seat 1: 117c48d5 showed [8s 8d] and won (1,540) with a pair of Eights
Seat 2: Hero folded before Flop
Seat 3: 81759856 (button) folded before Flop
Seat 4: 2db1da20 (small blind) folded before Flop
Seat 5: 173b4734 (big blind) showed [5s 3h] and lost with a pair of Fives
Seat 6: c5f8b4ed folded before Flop
Seat 7: f1673057 folded before Flop
Seat 8: 261f448f showed [7d Ad] and lost with Ace high


Poker Hand #TM5684398076: Tournament #268638104, Bounty Hunters Special $10.80 Hold'em No Limit - Level5(100/200(30)) - 2026/03/09 18:11:55
Table '23' 8-max Seat #2 is the button
Seat 1: 117c48d5 (17,223 in chips)
Seat 2: Hero (11,772 in chips)
Seat 3: 81759856 (9,932 in chips)
Seat 4: 2db1da20 (32,333 in chips)
Seat 5: 173b4734 (7,004 in chips)
Seat 6: c5f8b4ed (10,000 in chips)
Seat 7: f1673057 (7,681 in chips)
Seat 8: 261f448f (43,598 in chips)
f1673057: posts the ante 30
Hero: posts the ante 30
261f448f: posts the ante 30
c5f8b4ed: posts the ante 30
2db1da20: posts the ante 30
81759856: posts the ante 30
117c48d5: posts the ante 30
173b4734: posts the ante 30
81759856: posts small blind 100
2db1da20: posts big blind 200
*** HOLE CARDS ***
Dealt to 117c48d5 
Dealt to Hero [8d 9c]
Dealt to 81759856 
Dealt to 2db1da20 
Dealt to 173b4734 
Dealt to c5f8b4ed 
Dealt to f1673057 
Dealt to 261f448f 
173b4734: folds
c5f8b4ed: folds
f1673057: folds
261f448f: folds
117c48d5: raises 220 to 420
Hero: folds
81759856: folds
2db1da20: calls 220
*** FLOP *** [3s Jd Ts]
2db1da20: checks
117c48d5: bets 590
2db1da20: folds
Uncalled bet (590) returned to 117c48d5
*** SHOWDOWN ***
117c48d5 collected 1,180 from pot
*** SUMMARY ***
Total pot 1,180 | Rake 0 | Jackpot 0 | Bingo 0 | Fortune 0 | Tax 0
Board [3s Jd Ts]
Seat 1: 117c48d5 won (1,180)
Seat 2: Hero (button) folded before Flop
Seat 3: 81759856 (small blind) folded before Flop
Seat 4: 2db1da20 (big blind) folded on the Flop
Seat 5: 173b4734 folded before Flop
Seat 6: c5f8b4ed folded before Flop
Seat 7: f1673057 folded before Flop
Seat 8: 261f448f folded before Flop


Poker Hand #TM5684398057: Tournament #268638104, Bounty Hunters Special $10.80 Hold'em No Limit - Level5(100/200(30)) - 2026/03/09 18:10:40
Table '23' 8-max Seat #1 is the button
Seat 1: 117c48d5 (17,253 in chips)
Seat 2: Hero (13,441 in chips)
Seat 3: 81759856 (10,362 in chips)
Seat 4: 2db1da20 (30,114 in chips)
Seat 5: 173b4734 (7,034 in chips)
Seat 7: f1673057 (7,711 in chips)
Seat 8: 261f448f (43,628 in chips)
f1673057: posts the ante 30
261f448f: posts the ante 30
Hero: posts the ante 30
2db1da20: posts the ante 30
81759856: posts the ante 30
117c48d5: posts the ante 30
173b4734: posts the ante 30
Hero: posts small blind 100
81759856: posts big blind 200
*** HOLE CARDS ***
Dealt to 117c48d5 
Dealt to Hero [5c 7c]
Dealt to 81759856 
Dealt to 2db1da20 
Dealt to 173b4734 
Dealt to f1673057 
Dealt to 261f448f 
2db1da20: raises 200 to 400
173b4734: folds
f1673057: folds
261f448f: folds
117c48d5: folds
Hero: calls 300
81759856: calls 200
*** FLOP *** [3h Kc 7h]
Hero: checks
81759856: checks
2db1da20: bets 466
Hero: calls 466
81759856: folds
*** TURN *** [3h Kc 7h] [3d]
Hero: checks
2db1da20: checks
*** RIVER *** [3h Kc 7h 3d] [Ts]
Hero: checks
2db1da20: bets 773
Hero: calls 773
2db1da20: shows [Tc 8h] (two pair, Tens and Threes)
Hero: shows [5c 7c] (two pair, Sevens and Threes)
*** SHOWDOWN ***
2db1da20 collected 3,888 from pot
*** SUMMARY ***
Total pot 3,888 | Rake 0 | Jackpot 0 | Bingo 0 | Fortune 0 | Tax 0
Board [3h Kc 7h 3d Ts]
Seat 1: 117c48d5 (button) folded before Flop
Seat 2: Hero (small blind) showed [5c 7c] and lost with two pair, Sevens and Threes
Seat 3: 81759856 (big blind) folded on the Flop
Seat 4: 2db1da20 showed [Tc 8h] and won (3,888) with two pair, Tens and Threes
Seat 5: 173b4734 folded before Flop
Seat 7: f1673057 folded before Flop
Seat 8: 261f448f folded before Flop


Poker Hand #TM5684398033: Tournament #268638104, Bounty Hunters Special $10.80 Hold'em No Limit - Level5(100/200(30)) - 2026/03/09 18:09:03
Table '23' 8-max Seat #8 is the button
Seat 1: 117c48d5 (10,110 in chips)
Seat 2: Hero (13,871 in chips)
Seat 3: 81759856 (10,392 in chips)
Seat 4: 2db1da20 (30,144 in chips)
Seat 5: 173b4734 (7,064 in chips)
Seat 6: e3d29fb9 (6,563 in chips)
Seat 7: f1673057 (7,741 in chips)
Seat 8: 261f448f (43,658 in chips)
f1673057: posts the ante 30
e3d29fb9: posts the ante 30
261f448f: posts the ante 30
Hero: posts the ante 30
2db1da20: posts the ante 30
81759856: posts the ante 30
173b4734: posts the ante 30
117c48d5: posts the ante 30
117c48d5: posts small blind 100
Hero: posts big blind 200
*** HOLE CARDS ***
Dealt to 117c48d5 
Dealt to Hero [9s 8s]
Dealt to 81759856 
Dealt to 2db1da20 
Dealt to 173b4734 
Dealt to e3d29fb9 
Dealt to f1673057 
Dealt to 261f448f 
81759856: folds
2db1da20: folds
173b4734: folds
e3d29fb9: raises 200 to 400
f1673057: folds
261f448f: folds
117c48d5: calls 300
Hero: calls 200
*** FLOP *** [3h Kc 4d]
117c48d5: checks
Hero: checks
e3d29fb9: bets 800
117c48d5: calls 800
Hero: folds
*** TURN *** [3h Kc 4d] [Th]
117c48d5: checks
e3d29fb9: checks
*** RIVER *** [3h Kc 4d Th] [2d]
117c48d5: checks
e3d29fb9: bets 1,400
117c48d5: raises 7,480 to 8,880 and is all-in
e3d29fb9: calls 3,933 and is all-in
Uncalled bet (3,547) returned to 117c48d5
117c48d5: shows [Ah 5s] (a straight, Ace to Five)
e3d29fb9: shows [Qd Td] (a pair of Tens)
*** SHOWDOWN ***
117c48d5 collected 13,706 from pot
*** SUMMARY ***
Total pot 13,706 | Rake 0 | Jackpot 0 | Bingo 0 | Fortune 0 | Tax 0
Board [3h Kc 4d Th 2d]
Seat 1: 117c48d5 (small blind) showed [Ah 5s] and won (13,706) with a straight, Ace to Five
Seat 2: Hero (big blind) folded on the Flop
Seat 3: 81759856 folded before Flop
Seat 4: 2db1da20 folded before Flop
Seat 5: 173b4734 folded before Flop
Seat 6: e3d29fb9 showed [Qd Td] and lost with a pair of Tens
Seat 7: f1673057 folded before Flop
Seat 8: 261f448f (button) folded before Flop


Poker Hand #TM5684398027: Tournament #268638104, Bounty Hunters Special $10.80 Hold'em No Limit - Level4(80/160(25)) - 2026/03/09 18:08:41
Table '23' 8-max Seat #7 is the button
Seat 1: 117c48d5 (10,295 in chips)
Seat 2: Hero (13,896 in chips)
Seat 3: 81759856 (10,417 in chips)
Seat 4: 2db1da20 (29,729 in chips)
Seat 5: 173b4734 (7,089 in chips)
Seat 6: e3d29fb9 (6,588 in chips)
Seat 7: f1673057 (7,766 in chips)
Seat 8: 261f448f (43,763 in chips)
f1673057: posts the ante 25
e3d29fb9: posts the ante 25
Hero: posts the ante 25
261f448f: posts the ante 25
2db1da20: posts the ante 25
81759856: posts the ante 25
173b4734: posts the ante 25
117c48d5: posts the ante 25
261f448f: posts small blind 80
117c48d5: posts big blind 160
*** HOLE CARDS ***
Dealt to 117c48d5 
Dealt to Hero [3c 7d]
Dealt to 81759856 
Dealt to 2db1da20 
Dealt to 173b4734 
Dealt to e3d29fb9 
Dealt to f1673057 
Dealt to 261f448f 
Hero: folds
81759856: folds
2db1da20: raises 160 to 320
173b4734: folds
e3d29fb9: folds
f1673057: folds
261f448f: folds
117c48d5: folds
Uncalled bet (160) returned to 2db1da20
*** SHOWDOWN ***
2db1da20 collected 600 from pot
*** SUMMARY ***
Total pot 600 | Rake 0 | Jackpot 0 | Bingo 0 | Fortune 0 | Tax 0
Seat 1: 117c48d5 (big blind) folded before Flop
Seat 2: Hero folded before Flop
Seat 3: 81759856 folded before Flop
Seat 4: 2db1da20 collected (600)
Seat 5: 173b4734 folded before Flop
Seat 6: e3d29fb9 folded before Flop
Seat 7: f1673057 (button) folded before Flop
Seat 8: 261f448f (small blind) folded before Flop


Poker Hand #TM5684398023: Tournament #268638104, Bounty Hunters Special $10.80 Hold'em No Limit - Level4(80/160(25)) - 2026/03/09 18:08:25
Table '23' 8-max Seat #6 is the button
Seat 1: 117c48d5 (10,320 in chips)
Seat 2: Hero (13,921 in chips)
Seat 3: 81759856 (10,442 in chips)
Seat 4: 2db1da20 (29,754 in chips)
Seat 5: 173b4734 (7,114 in chips)
Seat 6: e3d29fb9 (6,613 in chips)
Seat 7: f1673057 (7,871 in chips)
Seat 8: 261f448f (43,508 in chips)
e3d29fb9: posts the ante 25
f1673057: posts the ante 25
Hero: posts the ante 25
261f448f: posts the ante 25
2db1da20: posts the ante 25
81759856: posts the ante 25
173b4734: posts the ante 25
117c48d5: posts the ante 25
f1673057: posts small blind 80
261f448f: posts big blind 160
*** HOLE CARDS ***
Dealt to 117c48d5 
Dealt to Hero [6d 5d]
Dealt to 81759856 
Dealt to 2db1da20 
Dealt to 173b4734 
Dealt to e3d29fb9 
Dealt to f1673057 
Dealt to 261f448f 
117c48d5: folds
Hero: folds
81759856: folds
2db1da20: folds
173b4734: folds
e3d29fb9: folds
f1673057: folds
Uncalled bet (80) returned to 261f448f
*** SHOWDOWN ***
261f448f collected 360 from pot
*** SUMMARY ***
Total pot 360 | Rake 0 | Jackpot 0 | Bingo 0 | Fortune 0 | Tax 0
Seat 1: 117c48d5 folded before Flop
Seat 2: Hero folded before Flop
Seat 3: 81759856 folded before Flop
Seat 4: 2db1da20 folded before Flop
Seat 5: 173b4734 folded before Flop
Seat 6: e3d29fb9 (button) folded before Flop
Seat 7: f1673057 (small blind) folded before Flop
Seat 8: 261f448f (big blind) collected (360)


Poker Hand #TM5684398013: Tournament #268638104, Bounty Hunters Special $10.80 Hold'em No Limit - Level4(80/160(25)) - 2026/03/09 18:07:42
Table '23' 8-max Seat #5 is the button
Seat 1: 117c48d5 (10,345 in chips)
Seat 2: Hero (12,670 in chips)
Seat 3: 81759856 (10,467 in chips)
Seat 4: 2db1da20 (29,779 in chips)
Seat 5: 173b4734 (7,139 in chips)
Seat 6: e3d29fb9 (7,554 in chips)
Seat 7: f1673057 (8,056 in chips)
Seat 8: 261f448f (43,533 in chips)
f1673057: posts the ante 25
e3d29fb9: posts the ante 25
Hero: posts the ante 25
261f448f: posts the ante 25
2db1da20: posts the ante 25
81759856: posts the ante 25
173b4734: posts the ante 25
117c48d5: posts the ante 25
e3d29fb9: posts small blind 80
f1673057: posts big blind 160
*** HOLE CARDS ***
Dealt to 117c48d5 
Dealt to Hero [7c Qc]
Dealt to 81759856 
Dealt to 2db1da20 
Dealt to 173b4734 
Dealt to e3d29fb9 
Dealt to f1673057 
Dealt to 261f448f 
261f448f: folds
117c48d5: folds
Hero: raises 320 to 480
81759856: folds
2db1da20: folds
173b4734: folds
e3d29fb9: calls 400
f1673057: folds
*** FLOP *** [Ac 9d 4c]
e3d29fb9: checks
Hero: bets 436
e3d29fb9: calls 436
*** TURN *** [Ac 9d 4c] [3h]
e3d29fb9: checks
Hero: bets 1,256
e3d29fb9: folds
Uncalled bet (1,256) returned to Hero
*** SHOWDOWN ***
Hero collected 2,192 from pot
*** SUMMARY ***
Total pot 2,192 | Rake 0 | Jackpot 0 | Bingo 0 | Fortune 0 | Tax 0
Board [Ac 9d 4c 3h]
Seat 1: 117c48d5 folded before Flop
Seat 2: Hero won (2,192)
Seat 3: 81759856 folded before Flop
Seat 4: 2db1da20 folded before Flop
Seat 5: 173b4734 (button) folded before Flop
Seat 6: e3d29fb9 (small blind) folded on the Turn
Seat 7: f1673057 (big blind) folded before Flop
Seat 8: 261f448f folded before Flop


Poker Hand #TM5684398007: Tournament #268638104, Bounty Hunters Special $10.80 Hold'em No Limit - Level4(80/160(25)) - 2026/03/09 18:07:27
Table '23' 8-max Seat #4 is the button
Seat 1: 117c48d5 (10,370 in chips)
Seat 2: Hero (12,695 in chips)
Seat 3: 81759856 (10,052 in chips)
Seat 4: 2db1da20 (29,804 in chips)
Seat 5: 173b4734 (7,244 in chips)
Seat 6: e3d29fb9 (7,739 in chips)
Seat 7: f1673057 (8,081 in chips)
Seat 8: 261f448f (43,558 in chips)
f1673057: posts the ante 25
e3d29fb9: posts the ante 25
Hero: posts the ante 25
261f448f: posts the ante 25
2db1da20: posts the ante 25
81759856: posts the ante 25
117c48d5: posts the ante 25
173b4734: posts the ante 25
173b4734: posts small blind 80
e3d29fb9: posts big blind 160
*** HOLE CARDS ***
Dealt to 117c48d5 
Dealt to Hero [3s Jd]
Dealt to 81759856 
Dealt to 2db1da20 
Dealt to 173b4734 
Dealt to e3d29fb9 
Dealt to f1673057 
Dealt to 261f448f 
f1673057: folds
261f448f: folds
117c48d5: folds
Hero: folds
81759856: raises 160 to 320
2db1da20: folds
173b4734: folds
e3d29fb9: folds
Uncalled bet (160) returned to 81759856
*** SHOWDOWN ***
81759856 collected 600 from pot
*** SUMMARY ***
Total pot 600 | Rake 0 | Jackpot 0 | Bingo 0 | Fortune 0 | Tax 0
Seat 1: 117c48d5 folded before Flop
Seat 2: Hero folded before Flop
Seat 3: 81759856 collected (600)
Seat 4: 2db1da20 (button) folded before Flop
Seat 5: 173b4734 (small blind) folded before Flop
Seat 6: e3d29fb9 (big blind) folded before Flop
Seat 7: f1673057 folded before Flop
Seat 8: 261f448f folded before Flop


Poker Hand #TM5684398004: Tournament #268638104, Bounty Hunters Special $10.80 Hold'em No Limit - Level4(80/160(25)) - 2026/03/09 18:07:06
Table '23' 8-max Seat #3 is the button
Seat 1: 117c48d5 (10,395 in chips)
Seat 2: Hero (12,280 in chips)
Seat 3: 81759856 (10,077 in chips)
Seat 4: 2db1da20 (29,909 in chips)
Seat 5: 173b4734 (7,429 in chips)
Seat 6: e3d29fb9 (7,764 in chips)
Seat 7: f1673057 (8,106 in chips)
Seat 8: 261f448f (43,583 in chips)
f1673057: posts the ante 25
e3d29fb9: posts the ante 25
Hero: posts the ante 25
261f448f: posts the ante 25
81759856: posts the ante 25
2db1da20: posts the ante 25
117c48d5: posts the ante 25
173b4734: posts the ante 25
2db1da20: posts small blind 80
173b4734: posts big blind 160
*** HOLE CARDS ***
Dealt to 117c48d5 
Dealt to Hero [Jd As]
Dealt to 81759856 
Dealt to 2db1da20 
Dealt to 173b4734 
Dealt to e3d29fb9 
Dealt to f1673057 
Dealt to 261f448f 
e3d29fb9: folds
f1673057: folds
261f448f: folds
117c48d5: folds
Hero: raises 160 to 320
81759856: folds
2db1da20: folds
173b4734: folds
Uncalled bet (160) returned to Hero
*** SHOWDOWN ***
Hero collected 600 from pot
*** SUMMARY ***
Total pot 600 | Rake 0 | Jackpot 0 | Bingo 0 | Fortune 0 | Tax 0
Seat 1: 117c48d5 folded before Flop
Seat 2: Hero collected (600)
Seat 3: 81759856 (button) folded before Flop
Seat 4: 2db1da20 (small blind) folded before Flop
Seat 5: 173b4734 (big blind) folded before Flop
Seat 6: e3d29fb9 folded before Flop
Seat 7: f1673057 folded before Flop
Seat 8: 261f448f folded before Flop


Poker Hand #TM5684397993: Tournament #268638104, Bounty Hunters Special $10.80 Hold'em No Limit - Level4(80/160(25)) - 2026/03/09 18:06:34
Table '23' 8-max Seat #2 is the button
Seat 1: 117c48d5 (10,420 in chips)
Seat 2: Hero (12,305 in chips)
Seat 3: 81759856 (10,182 in chips)
Seat 4: 2db1da20 (29,654 in chips)
Seat 5: 173b4734 (7,454 in chips)
Seat 6: e3d29fb9 (7,789 in chips)
Seat 7: f1673057 (8,131 in chips)
Seat 8: 261f448f (43,608 in chips)
f1673057: posts the ante 25
e3d29fb9: posts the ante 25
Hero: posts the ante 25
261f448f: posts the ante 25
2db1da20: posts the ante 25
81759856: posts the ante 25
117c48d5: posts the ante 25
173b4734: posts the ante 25
81759856: posts small blind 80
2db1da20: posts big blind 160
*** HOLE CARDS ***
Dealt to 117c48d5 
Dealt to Hero [3h Tc]
Dealt to 81759856 
Dealt to 2db1da20 
Dealt to 173b4734 
Dealt to e3d29fb9 
Dealt to f1673057 
Dealt to 261f448f 
173b4734: folds
e3d29fb9: folds
f1673057: folds
261f448f: folds
117c48d5: folds
Hero: folds
81759856: folds
Uncalled bet (80) returned to 2db1da20
*** SHOWDOWN ***
2db1da20 collected 360 from pot
*** SUMMARY ***
Total pot 360 | Rake 0 | Jackpot 0 | Bingo 0 | Fortune 0 | Tax 0
Seat 1: 117c48d5 folded before Flop
Seat 2: Hero (button) folded before Flop
Seat 3: 81759856 (small blind) folded before Flop
Seat 4: 2db1da20 (big blind) collected (360)
Seat 5: 173b4734 folded before Flop
Seat 6: e3d29fb9 folded before Flop
Seat 7: f1673057 folded before Flop
Seat 8: 261f448f folded before Flop


Poker Hand #TM5684397971: Tournament #268638104, Bounty Hunters Special $10.80 Hold'em No Limit - Level4(80/160(25)) - 2026/03/09 18:05:12
Table '23' 8-max Seat #1 is the button
Seat 1: 117c48d5 (9,685 in chips)
Seat 2: Hero (12,410 in chips)
Seat 3: 81759856 (10,687 in chips)
Seat 4: 2db1da20 (29,679 in chips)
Seat 5: 173b4734 (7,479 in chips)
Seat 6: e3d29fb9 (7,814 in chips)
Seat 7: f1673057 (8,156 in chips)
Seat 8: 261f448f (43,633 in chips)
f1673057: posts the ante 25
e3d29fb9: posts the ante 25
261f448f: posts the ante 25
Hero: posts the ante 25
2db1da20: posts the ante 25
81759856: posts the ante 25
117c48d5: posts the ante 25
173b4734: posts the ante 25
Hero: posts small blind 80
81759856: posts big blind 160
*** HOLE CARDS ***
Dealt to 117c48d5 
Dealt to Hero [5c 3h]
Dealt to 81759856 
Dealt to 2db1da20 
Dealt to 173b4734 
Dealt to e3d29fb9 
Dealt to f1673057 
Dealt to 261f448f 
2db1da20: folds
173b4734: folds
e3d29fb9: folds
f1673057: folds
261f448f: folds
117c48d5: raises 320 to 480
Hero: folds
81759856: calls 320
*** FLOP *** [Ad 6c 9s]
81759856: checks
117c48d5: bets 620
81759856: folds
Uncalled bet (620) returned to 117c48d5
*** SHOWDOWN ***
117c48d5 collected 1,240 from pot
*** SUMMARY ***
Total pot 1,240 | Rake 0 | Jackpot 0 | Bingo 0 | Fortune 0 | Tax 0
Board [Ad 6c 9s]
Seat 1: 117c48d5 (button) won (1,240)
Seat 2: Hero (small blind) folded before Flop
Seat 3: 81759856 (big blind) folded on the Flop
Seat 4: 2db1da20 folded before Flop
Seat 5: 173b4734 folded before Flop
Seat 6: e3d29fb9 folded before Flop
Seat 7: f1673057 folded before Flop
Seat 8: 261f448f folded before Flop


Poker Hand #TM5684397948: Tournament #268638104, Bounty Hunters Special $10.80 Hold'em No Limit - Level4(80/160(25)) - 2026/03/09 18:03:30
Table '23' 8-max Seat #8 is the button
Seat 1: 117c48d5 (9,790 in chips)
Seat 2: Hero (12,755 in chips)
Seat 3: 81759856 (11,442 in chips)
Seat 4: 2db1da20 (28,374 in chips)
Seat 5: 173b4734 (7,504 in chips)
Seat 6: e3d29fb9 (7,839 in chips)
Seat 7: f1673057 (8,181 in chips)
Seat 8: 261f448f (43,658 in chips)
f1673057: posts the ante 25
e3d29fb9: posts the ante 25
261f448f: posts the ante 25
Hero: posts the ante 25
2db1da20: posts the ante 25
81759856: posts the ante 25
173b4734: posts the ante 25
117c48d5: posts the ante 25
117c48d5: posts small blind 80
Hero: posts big blind 160
*** HOLE CARDS ***
Dealt to 117c48d5 
Dealt to Hero [9s Qc]
Dealt to 81759856 
Dealt to 2db1da20 
Dealt to 173b4734 
Dealt to e3d29fb9 
Dealt to f1673057 
Dealt to 261f448f 
81759856: raises 160 to 320
2db1da20: calls 320
173b4734: folds
e3d29fb9: folds
f1673057: folds
261f448f: folds
117c48d5: folds
Hero: calls 160
*** FLOP *** [6h 7s 3c]
Hero: checks
81759856: checks
2db1da20: bets 410
Hero: folds
81759856: calls 410
*** TURN *** [6h 7s 3c] [8d]
81759856: checks
2db1da20: bets 1,545
81759856: folds
Uncalled bet (1,545) returned to 2db1da20
*** SHOWDOWN ***
2db1da20 collected 2,060 from pot
*** SUMMARY ***
Total pot 2,060 | Rake 0 | Jackpot 0 | Bingo 0 | Fortune 0 | Tax 0
Board [6h 7s 3c 8d]
Seat 1: 117c48d5 (small blind) folded before Flop
Seat 2: Hero (big blind) folded on the Flop
Seat 3: 81759856 folded on the Turn
Seat 4: 2db1da20 won (2,060)
Seat 5: 173b4734 folded before Flop
Seat 6: e3d29fb9 folded before Flop
Seat 7: f1673057 folded before Flop
Seat 8: 261f448f (button) folded before Flop


Poker Hand #TM5684397939: Tournament #268638104, Bounty Hunters Special $10.80 Hold'em No Limit - Level4(80/160(25)) - 2026/03/09 18:02:48
Table '23' 8-max Seat #7 is the button
Seat 1: 117c48d5 (9,975 in chips)
Seat 2: Hero (12,780 in chips)
Seat 3: 81759856 (10,787 in chips)
Seat 4: 2db1da20 (28,399 in chips)
Seat 5: 173b4734 (7,529 in chips)
Seat 6: e3d29fb9 (7,864 in chips)
Seat 7: f1673057 (8,206 in chips)
Seat 8: 261f448f (44,003 in chips)
f1673057: posts the ante 25
e3d29fb9: posts the ante 25
Hero: posts the ante 25
261f448f: posts the ante 25
2db1da20: posts the ante 25
81759856: posts the ante 25
173b4734: posts the ante 25
117c48d5: posts the ante 25
261f448f: posts small blind 80
117c48d5: posts big blind 160
*** HOLE CARDS ***
Dealt to 117c48d5 
Dealt to Hero [Jc 3c]
Dealt to 81759856 
Dealt to 2db1da20 
Dealt to 173b4734 
Dealt to e3d29fb9 
Dealt to f1673057 
Dealt to 261f448f 
Hero: folds
81759856: raises 160 to 320
2db1da20: folds
173b4734: folds
e3d29fb9: folds
f1673057: folds
261f448f: calls 240
117c48d5: folds
*** FLOP *** [Th Tc Ts]
261f448f: checks
81759856: bets 330
261f448f: folds
Uncalled bet (330) returned to 81759856
*** SHOWDOWN ***
81759856 collected 1,000 from pot
*** SUMMARY ***
Total pot 1,000 | Rake 0 | Jackpot 0 | Bingo 0 | Fortune 0 | Tax 0
Board [Th Tc Ts]
Seat 1: 117c48d5 (big blind) folded before Flop
Seat 2: Hero folded before Flop
Seat 3: 81759856 won (1,000)
Seat 4: 2db1da20 folded before Flop
Seat 5: 173b4734 folded before Flop
Seat 6: e3d29fb9 folded before Flop
Seat 7: f1673057 (button) folded before Flop
Seat 8: 261f448f (small blind) folded on the Flop


Poker Hand #TM5684397920: Tournament #268638104, Bounty Hunters Special $10.80 Hold'em No Limit - Level4(80/160(25)) - 2026/03/09 18:01:47
Table '23' 8-max Seat #6 is the button
Seat 1: 117c48d5 (10,000 in chips)
Seat 2: Hero (12,805 in chips)
Seat 3: 81759856 (10,052 in chips)
Seat 4: 2db1da20 (28,424 in chips)
Seat 5: 173b4734 (7,874 in chips)
Seat 6: e3d29fb9 (7,889 in chips)
Seat 7: f1673057 (8,311 in chips)
Seat 8: 261f448f (44,188 in chips)
e3d29fb9: posts the ante 25
f1673057: posts the ante 25
Hero: posts the ante 25
261f448f: posts the ante 25
2db1da20: posts the ante 25
81759856: posts the ante 25
173b4734: posts the ante 25
117c48d5: posts the ante 25
f1673057: posts small blind 80
261f448f: posts big blind 160
*** HOLE CARDS ***
Dealt to 117c48d5 
Dealt to Hero [9s Kc]
Dealt to 81759856 
Dealt to 2db1da20 
Dealt to 173b4734 
Dealt to e3d29fb9 
Dealt to f1673057 
Dealt to 261f448f 
117c48d5: folds
Hero: folds
81759856: raises 160 to 320
2db1da20: folds
173b4734: calls 320
e3d29fb9: folds
f1673057: folds
261f448f: folds
*** FLOP *** [6s Tc 2c]
81759856: checks
173b4734: checks
*** TURN *** [6s Tc 2c] [4c]
81759856: bets 800
173b4734: folds
Uncalled bet (800) returned to 81759856
*** SHOWDOWN ***
81759856 collected 1,080 from pot
*** SUMMARY ***
Total pot 1,080 | Rake 0 | Jackpot 0 | Bingo 0 | Fortune 0 | Tax 0
Board [6s Tc 2c 4c]
Seat 1: 117c48d5 folded before Flop
Seat 2: Hero folded before Flop
Seat 3: 81759856 won (1,080)
Seat 4: 2db1da20 folded before Flop
Seat 5: 173b4734 folded on the Turn
Seat 6: e3d29fb9 (button) folded before Flop
Seat 7: f1673057 (small blind) folded before Flop
Seat 8: 261f448f (big blind) folded before Flop


Poker Hand #TM5684397898: Tournament #268638104, Bounty Hunters Special $10.80 Hold'em No Limit - Level4(80/160(25)) - 2026/03/09 17:54:09
Table '23' 8-max Seat #4 is the button
Seat 1: 6a4cb371 (12,166 in chips)
Seat 2: Hero (12,830 in chips)
Seat 3: 81759856 (10,077 in chips)
Seat 4: 2db1da20 (13,551 in chips)
Seat 5: 2709c779 (2,422 in chips)
Seat 6: e3d29fb9 (8,074 in chips)
Seat 7: f1673057 (8,336 in chips)
Seat 8: 261f448f (44,213 in chips)
f1673057: posts the ante 25
e3d29fb9: posts the ante 25
Hero: posts the ante 25
261f448f: posts the ante 25
2709c779: posts the ante 25
6a4cb371: posts the ante 25
2db1da20: posts the ante 25
81759856: posts the ante 25
2709c779: posts small blind 80
e3d29fb9: posts big blind 160
*** HOLE CARDS ***
Dealt to 6a4cb371 
Dealt to Hero [5d Tc]
Dealt to 81759856 
Dealt to 2db1da20 
Dealt to 2709c779 
Dealt to e3d29fb9 
Dealt to f1673057 
Dealt to 261f448f 
f1673057: folds
261f448f: folds
6a4cb371: raises 160 to 320
Hero: folds
81759856: folds
2db1da20: raises 560 to 880
2709c779: raises 1,517 to 2,397 and is all-in
e3d29fb9: folds
6a4cb371: calls 2,077
2db1da20: raises 11,129 to 13,526 and is all-in
6a4cb371: calls 9,744 and is all-in
Uncalled bet (1,385) returned to 2db1da20
2db1da20: shows [Jh Jd]
2709c779: shows [6d 3d]
6a4cb371: shows [Qs Kc]
*** FLOP *** [4c Ts Jc]
*** TURN *** [4c Ts Jc] [7h]
*** RIVER *** [4c Ts Jc 7h] [Qc]
*** SHOWDOWN ***
2db1da20 collected 7,551 from pot
2db1da20 collected 19,488 from pot
*** SUMMARY ***
Total pot 27,039 | Rake 0 | Jackpot 0 | Bingo 0 | Fortune 0 | Tax 0
Board [4c Ts Jc 7h Qc]
Seat 1: 6a4cb371 showed [Qs Kc] and lost with a pair of Queens
Seat 2: Hero folded before Flop
Seat 3: 81759856 folded before Flop
Seat 4: 2db1da20 (button) showed [Jh Jd] and won (27,039) with three of a kind, Jacks
Seat 5: 2709c779 (small blind) showed [6d 3d] and lost with Queen high
Seat 6: e3d29fb9 (big blind) folded before Flop
Seat 7: f1673057 folded before Flop
Seat 8: 261f448f folded before Flop


Poker Hand #TM5684397892: Tournament #268638104, Bounty Hunters Special $10.80 Hold'em No Limit - Level3(70/140(20)) - 2026/03/09 17:53:44
Table '23' 8-max Seat #3 is the button
Seat 1: 6a4cb371 (12,186 in chips)
Seat 2: Hero (12,850 in chips)
Seat 3: 81759856 (10,377 in chips)
Seat 4: 2db1da20 (12,991 in chips)
Seat 5: 2709c779 (2,582 in chips)
Seat 6: e3d29fb9 (8,094 in chips)
Seat 7: f1673057 (8,356 in chips)
Seat 8: 261f448f (44,233 in chips)
f1673057: posts the ante 20
e3d29fb9: posts the ante 20
Hero: posts the ante 20
261f448f: posts the ante 20
2709c779: posts the ante 20
6a4cb371: posts the ante 20
81759856: posts the ante 20
2db1da20: posts the ante 20
2db1da20: posts small blind 70
2709c779: posts big blind 140
*** HOLE CARDS ***
Dealt to 6a4cb371 
Dealt to Hero [3h 9c]
Dealt to 81759856 
Dealt to 2db1da20 
Dealt to 2709c779 
Dealt to e3d29fb9 
Dealt to f1673057 
Dealt to 261f448f 
e3d29fb9: folds
f1673057: folds
261f448f: folds
6a4cb371: folds
Hero: folds
81759856: raises 140 to 280
2db1da20: raises 560 to 840
2709c779: folds
81759856: folds
Uncalled bet (560) returned to 2db1da20
*** SHOWDOWN ***
2db1da20 collected 860 from pot
*** SUMMARY ***
Total pot 860 | Rake 0 | Jackpot 0 | Bingo 0 | Fortune 0 | Tax 0
Seat 1: 6a4cb371 folded before Flop
Seat 2: Hero folded before Flop
Seat 3: 81759856 (button) folded before Flop
Seat 4: 2db1da20 (small blind) collected (860)
Seat 5: 2709c779 (big blind) folded before Flop
Seat 6: e3d29fb9 folded before Flop
Seat 7: f1673057 folded before Flop
Seat 8: 261f448f folded before Flop


Poker Hand #TM5684397878: Tournament #268638104, Bounty Hunters Special $10.80 Hold'em No Limit - Level3(70/140(20)) - 2026/03/09 17:52:40
Table '23' 8-max Seat #2 is the button
Seat 1: 6a4cb371 (12,206 in chips)
Seat 2: Hero (15,711 in chips)
Seat 3: 81759856 (10,467 in chips)
Seat 4: 2db1da20 (9,940 in chips)
Seat 5: 2709c779 (2,602 in chips)
Seat 6: e3d29fb9 (8,114 in chips)
Seat 7: f1673057 (8,376 in chips)
Seat 8: 261f448f (44,253 in chips)
f1673057: posts the ante 20
e3d29fb9: posts the ante 20
Hero: posts the ante 20
261f448f: posts the ante 20
2709c779: posts the ante 20
6a4cb371: posts the ante 20
2db1da20: posts the ante 20
81759856: posts the ante 20
81759856: posts small blind 70
2db1da20: posts big blind 140
*** HOLE CARDS ***
Dealt to 6a4cb371 
Dealt to Hero [Th 8h]
Dealt to 81759856 
Dealt to 2db1da20 
Dealt to 2709c779 
Dealt to e3d29fb9 
Dealt to f1673057 
Dealt to 261f448f 
2709c779: folds
e3d29fb9: folds
f1673057: folds
261f448f: folds
6a4cb371: folds
Hero: raises 140 to 280
81759856: folds
2db1da20: raises 593 to 873
Hero: calls 593
*** FLOP *** [Kh 4h Kc]
2db1da20: bets 490
Hero: calls 490
*** TURN *** [Kh 4h Kc] [8s]
2db1da20: checks
Hero: bets 1,478
2db1da20: calls 1,478
*** RIVER *** [Kh 4h Kc 8s] [Td]
2db1da20: checks
Hero: checks
2db1da20: shows [Qs Qd] (two pair, Kings and Queens)
Hero: shows [Th 8h] (two pair, Kings and Tens)
*** SHOWDOWN ***
2db1da20 collected 5,912 from pot
*** SUMMARY ***
Total pot 5,912 | Rake 0 | Jackpot 0 | Bingo 0 | Fortune 0 | Tax 0
Board [Kh 4h Kc 8s Td]
Seat 1: 6a4cb371 folded before Flop
Seat 2: Hero (button) showed [Th 8h] and lost with two pair, Kings and Tens
Seat 3: 81759856 (small blind) folded before Flop
Seat 4: 2db1da20 (big blind) showed [Qs Qd] and won (5,912) with two pair, Kings and Queens
Seat 5: 2709c779 folded before Flop
Seat 6: e3d29fb9 folded before Flop
Seat 7: f1673057 folded before Flop
Seat 8: 261f448f folded before Flop


Poker Hand #TM5684397864: Tournament #268638104, Bounty Hunters Special $10.80 Hold'em No Limit - Level3(70/140(20)) - 2026/03/09 17:51:33
Table '23' 8-max Seat #1 is the button
Seat 1: 6a4cb371 (12,226 in chips)
Seat 2: Hero (15,801 in chips)
Seat 3: 81759856 (9,417 in chips)
Seat 4: 2db1da20 (9,960 in chips)
Seat 5: 2709c779 (2,622 in chips)
Seat 6: e3d29fb9 (8,974 in chips)
Seat 7: f1673057 (8,396 in chips)
Seat 8: 261f448f (44,273 in chips)
f1673057: posts the ante 20
e3d29fb9: posts the ante 20
261f448f: posts the ante 20
Hero: posts the ante 20
2709c779: posts the ante 20
6a4cb371: posts the ante 20
2db1da20: posts the ante 20
81759856: posts the ante 20
Hero: posts small blind 70
81759856: posts big blind 140
*** HOLE CARDS ***
Dealt to 6a4cb371 
Dealt to Hero [4s 2d]
Dealt to 81759856 
Dealt to 2db1da20 
Dealt to 2709c779 
Dealt to e3d29fb9 
Dealt to f1673057 
Dealt to 261f448f 
2db1da20: folds
2709c779: folds
e3d29fb9: raises 140 to 280
f1673057: folds
261f448f: folds
6a4cb371: folds
Hero: folds
81759856: calls 140
*** FLOP *** [6d Js 8h]
81759856: checks
e3d29fb9: checks
*** TURN *** [6d Js 8h] [4d]
81759856: bets 560
e3d29fb9: calls 560
*** RIVER *** [6d Js 8h 4d] [9s]
81759856: bets 1,120
e3d29fb9: folds
Uncalled bet (1,120) returned to 81759856
*** SHOWDOWN ***
81759856 collected 1,910 from pot
*** SUMMARY ***
Total pot 1,910 | Rake 0 | Jackpot 0 | Bingo 0 | Fortune 0 | Tax 0
Board [6d Js 8h 4d 9s]
Seat 1: 6a4cb371 (button) folded before Flop
Seat 2: Hero (small blind) folded before Flop
Seat 3: 81759856 (big blind) won (1,910)
Seat 4: 2db1da20 folded before Flop
Seat 5: 2709c779 folded before Flop
Seat 6: e3d29fb9 folded on the River
Seat 7: f1673057 folded before Flop
Seat 8: 261f448f folded before Flop


Poker Hand #TM5684397851: Tournament #268638104, Bounty Hunters Special $10.80 Hold'em No Limit - Level3(70/140(20)) - 2026/03/09 17:50:30
Table '23' 8-max Seat #8 is the button
Seat 1: 6a4cb371 (12,316 in chips)
Seat 2: Hero (15,311 in chips)
Seat 3: 81759856 (9,437 in chips)
Seat 4: 2db1da20 (9,980 in chips)
Seat 5: 2709c779 (2,922 in chips)
Seat 6: e3d29fb9 (8,994 in chips)
Seat 7: f1673057 (8,416 in chips)
Seat 8: 261f448f (44,293 in chips)
f1673057: posts the ante 20
e3d29fb9: posts the ante 20
261f448f: posts the ante 20
Hero: posts the ante 20
2709c779: posts the ante 20
6a4cb371: posts the ante 20
2db1da20: posts the ante 20
81759856: posts the ante 20
6a4cb371: posts small blind 70
Hero: posts big blind 140
*** HOLE CARDS ***
Dealt to 6a4cb371 
Dealt to Hero [Jh 7d]
Dealt to 81759856 
Dealt to 2db1da20 
Dealt to 2709c779 
Dealt to e3d29fb9 
Dealt to f1673057 
Dealt to 261f448f 
81759856: folds
2db1da20: folds
2709c779: raises 140 to 280
e3d29fb9: folds
f1673057: folds
261f448f: folds
6a4cb371: folds
Hero: calls 140
*** FLOP *** [2c 9h 5c]
Hero: checks
2709c779: checks
*** TURN *** [2c 9h 5c] [3h]
Hero: bets 535
2709c779: folds
Uncalled bet (535) returned to Hero
*** SHOWDOWN ***
Hero collected 790 from pot
*** SUMMARY ***
Total pot 790 | Rake 0 | Jackpot 0 | Bingo 0 | Fortune 0 | Tax 0
Board [2c 9h 5c 3h]
Seat 1: 6a4cb371 (small blind) folded before Flop
Seat 2: Hero (big blind) won (790)
Seat 3: 81759856 folded before Flop
Seat 4: 2db1da20 folded before Flop
Seat 5: 2709c779 folded on the Turn
Seat 6: e3d29fb9 folded before Flop
Seat 7: f1673057 folded before Flop
Seat 8: 261f448f (button) folded before Flop


Poker Hand #TM5684397844: Tournament #268638104, Bounty Hunters Special $10.80 Hold'em No Limit - Level3(70/140(20)) - 2026/03/09 17:49:55
Table '23' 8-max Seat #7 is the button
Seat 1: 6a4cb371 (12,476 in chips)
Seat 2: Hero (15,331 in chips)
Seat 3: 81759856 (9,457 in chips)
Seat 4: 2db1da20 (10,000 in chips)
Seat 5: 2709c779 (2,942 in chips)
Seat 6: e3d29fb9 (9,014 in chips)
Seat 7: f1673057 (8,758 in chips)
Seat 8: 261f448f (43,691 in chips)
f1673057: posts the ante 20
e3d29fb9: posts the ante 20
Hero: posts the ante 20
261f448f: posts the ante 20
2709c779: posts the ante 20
6a4cb371: posts the ante 20
2db1da20: posts the ante 20
81759856: posts the ante 20
261f448f: posts small blind 70
6a4cb371: posts big blind 140
*** HOLE CARDS ***
Dealt to 6a4cb371 
Dealt to Hero [Kd 6s]
Dealt to 81759856 
Dealt to 2db1da20 
Dealt to 2709c779 
Dealt to e3d29fb9 
Dealt to f1673057 
Dealt to 261f448f 
Hero: folds
81759856: folds
2db1da20: folds
2709c779: folds
e3d29fb9: folds
f1673057: raises 182 to 322
261f448f: calls 252
6a4cb371: folds
*** FLOP *** [5s 6h 2s]
261f448f: checks
f1673057: checks
*** TURN *** [5s 6h 2s] [4d]
261f448f: checks
f1673057: checks
*** RIVER *** [5s 6h 2s 4d] [4h]
261f448f: checks
f1673057: checks
261f448f: shows [8d Ad] (a pair of Fours)
f1673057: shows [Tc Kh] (a pair of Fours)
*** SHOWDOWN ***
261f448f collected 944 from pot
*** SUMMARY ***
Total pot 944 | Rake 0 | Jackpot 0 | Bingo 0 | Fortune 0 | Tax 0
Board [5s 6h 2s 4d 4h]
Seat 1: 6a4cb371 (big blind) folded before Flop
Seat 2: Hero folded before Flop
Seat 3: 81759856 folded before Flop
Seat 4: 2db1da20 folded before Flop
Seat 5: 2709c779 folded before Flop
Seat 6: e3d29fb9 folded before Flop
Seat 7: f1673057 (button) showed [Tc Kh] and lost with a pair of Fours
Seat 8: 261f448f (small blind) showed [8d Ad] and won (944) with a pair of Fours


Poker Hand #TM5684397836: Tournament #268638104, Bounty Hunters Special $10.80 Hold'em No Limit - Level3(70/140(20)) - 2026/03/09 17:49:12
Table '23' 8-max Seat #6 is the button
Seat 1: 6a4cb371 (10,956 in chips)
Seat 2: Hero (15,351 in chips)
Seat 3: 81759856 (9,477 in chips)
Seat 5: 2709c779 (2,962 in chips)
Seat 6: e3d29fb9 (9,034 in chips)
Seat 7: f1673057 (9,478 in chips)
Seat 8: 261f448f (44,411 in chips)
e3d29fb9: posts the ante 20
f1673057: posts the ante 20
Hero: posts the ante 20
261f448f: posts the ante 20
2709c779: posts the ante 20
6a4cb371: posts the ante 20
81759856: posts the ante 20
f1673057: posts small blind 70
261f448f: posts big blind 140
*** HOLE CARDS ***
Dealt to 6a4cb371 
Dealt to Hero [Tc Jd]
Dealt to 81759856 
Dealt to 2709c779 
Dealt to e3d29fb9 
Dealt to f1673057 
Dealt to 261f448f 
6a4cb371: calls 140
Hero: folds
81759856: folds
2709c779: folds
e3d29fb9: folds
f1673057: calls 70
261f448f: raises 560 to 700
6a4cb371: calls 560
f1673057: calls 560
*** FLOP *** [Jh 6s 3c]
f1673057: checks
261f448f: checks
6a4cb371: checks
*** TURN *** [Jh 6s 3c] [6d]
f1673057: checks
261f448f: checks
6a4cb371: bets 770
f1673057: folds
261f448f: folds
Uncalled bet (770) returned to 6a4cb371
*** SHOWDOWN ***
6a4cb371 collected 2,240 from pot
*** SUMMARY ***
Total pot 2,240 | Rake 0 | Jackpot 0 | Bingo 0 | Fortune 0 | Tax 0
Board [Jh 6s 3c 6d]
Seat 1: 6a4cb371 won (2,240)
Seat 2: Hero folded before Flop
Seat 3: 81759856 folded before Flop
Seat 5: 2709c779 folded before Flop
Seat 6: e3d29fb9 (button) folded before Flop
Seat 7: f1673057 (small blind) folded on the Turn
Seat 8: 261f448f (big blind) folded on the Turn


Poker Hand #TM5684397819: Tournament #268638104, Bounty Hunters Special $10.80 Hold'em No Limit - Level3(70/140(20)) - 2026/03/09 17:47:46
Table '23' 8-max Seat #5 is the button
Seat 1: 6a4cb371 (10,976 in chips)
Seat 2: Hero (15,371 in chips)
Seat 3: 81759856 (9,497 in chips)
Seat 4: 7333eef5 (18,355 in chips)
Seat 5: 2709c779 (2,982 in chips)
Seat 6: e3d29fb9 (9,124 in chips)
Seat 7: f1673057 (9,638 in chips)
Seat 8: 261f448f (25,726 in chips)
f1673057: posts the ante 20
e3d29fb9: posts the ante 20
Hero: posts the ante 20
261f448f: posts the ante 20
2709c779: posts the ante 20
6a4cb371: posts the ante 20
7333eef5: posts the ante 20
81759856: posts the ante 20
e3d29fb9: posts small blind 70
f1673057: posts big blind 140
*** HOLE CARDS ***
Dealt to 6a4cb371 
Dealt to Hero [7h 5d]
Dealt to 81759856 
Dealt to 7333eef5 
Dealt to 2709c779 
Dealt to e3d29fb9 
Dealt to f1673057 
Dealt to 261f448f 
261f448f: raises 210 to 350
6a4cb371: folds
Hero: folds
81759856: folds
7333eef5: raises 1,070 to 1,420
2709c779: folds
e3d29fb9: folds
f1673057: folds
261f448f: calls 1,070
*** FLOP *** [9s Tc 5h]
261f448f: checks
7333eef5: bets 3,210
261f448f: calls 3,210
*** TURN *** [9s Tc 5h] [4h]
261f448f: checks
7333eef5: bets 9,630
261f448f: raises 9,630 to 19,260
7333eef5: calls 4,075 and is all-in
Uncalled bet (5,555) returned to 261f448f
261f448f: shows [Qd Qc] (a pair of Queens)
7333eef5: shows [Td Qh] (a pair of Tens)
*** RIVER *** [9s Tc 5h 4h] [3s]
*** SHOWDOWN ***
261f448f collected 37,040 from pot
*** SUMMARY ***
Total pot 37,040 | Rake 0 | Jackpot 0 | Bingo 0 | Fortune 0 | Tax 0
Board [9s Tc 5h 4h 3s]
Seat 1: 6a4cb371 folded before Flop
Seat 2: Hero folded before Flop
Seat 3: 81759856 folded before Flop
Seat 4: 7333eef5 showed [Td Qh] and lost with a pair of Tens
Seat 5: 2709c779 (button) folded before Flop
Seat 6: e3d29fb9 (small blind) folded before Flop
Seat 7: f1673057 (big blind) folded before Flop
Seat 8: 261f448f showed [Qd Qc] and won (37,040) with a pair of Queens


Poker Hand #TM5684397811: Tournament #268638104, Bounty Hunters Special $10.80 Hold'em No Limit - Level3(70/140(20)) - 2026/03/09 17:47:19
Table '23' 8-max Seat #4 is the button
Seat 1: 6a4cb371 (10,996 in chips)
Seat 2: Hero (15,391 in chips)
Seat 3: 81759856 (9,517 in chips)
Seat 4: 7333eef5 (18,375 in chips)
Seat 5: 2709c779 (3,072 in chips)
Seat 6: e3d29fb9 (9,284 in chips)
Seat 7: f1673057 (9,980 in chips)
Seat 8: 261f448f (25,054 in chips)
f1673057: posts the ante 20
e3d29fb9: posts the ante 20
Hero: posts the ante 20
261f448f: posts the ante 20
2709c779: posts the ante 20
6a4cb371: posts the ante 20
7333eef5: posts the ante 20
81759856: posts the ante 20
2709c779: posts small blind 70
e3d29fb9: posts big blind 140
*** HOLE CARDS ***
Dealt to 6a4cb371 
Dealt to Hero [4c Jc]
Dealt to 81759856 
Dealt to 7333eef5 
Dealt to 2709c779 
Dealt to e3d29fb9 
Dealt to f1673057 
Dealt to 261f448f 
f1673057: raises 182 to 322
261f448f: raises 1,014 to 1,336
6a4cb371: folds
Hero: folds
81759856: folds
7333eef5: folds
2709c779: folds
e3d29fb9: folds
f1673057: folds
Uncalled bet (1,014) returned to 261f448f
*** SHOWDOWN ***
261f448f collected 1,014 from pot
*** SUMMARY ***
Total pot 1,014 | Rake 0 | Jackpot 0 | Bingo 0 | Fortune 0 | Tax 0
Seat 1: 6a4cb371 folded before Flop
Seat 2: Hero folded before Flop
Seat 3: 81759856 folded before Flop
Seat 4: 7333eef5 (button) folded before Flop
Seat 5: 2709c779 (small blind) folded before Flop
Seat 6: e3d29fb9 (big blind) folded before Flop
Seat 7: f1673057 folded before Flop
Seat 8: 261f448f collected (1,014)


Poker Hand #TM5684397799: Tournament #268638104, Bounty Hunters Special $10.80 Hold'em No Limit - Level3(70/140(20)) - 2026/03/09 17:46:28
Table '23' 8-max Seat #3 is the button
Seat 1: 6a4cb371 (11,016 in chips)
Seat 2: Hero (8,941 in chips)
Seat 3: 81759856 (9,537 in chips)
Seat 4: 7333eef5 (24,425 in chips)
Seat 5: 2709c779 (3,372 in chips)
Seat 6: e3d29fb9 (9,304 in chips)
Seat 7: f1673057 (10,000 in chips)
Seat 8: 261f448f (25,074 in chips)
f1673057: posts the ante 20
e3d29fb9: posts the ante 20
Hero: posts the ante 20
261f448f: posts the ante 20
2709c779: posts the ante 20
6a4cb371: posts the ante 20
81759856: posts the ante 20
7333eef5: posts the ante 20
7333eef5: posts small blind 70
2709c779: posts big blind 140
*** HOLE CARDS ***
Dealt to 6a4cb371 
Dealt to Hero [Kd Kc]
Dealt to 81759856 
Dealt to 7333eef5 
Dealt to 2709c779 
Dealt to e3d29fb9 
Dealt to f1673057 
Dealt to 261f448f 
e3d29fb9: folds
f1673057: folds
261f448f: folds
6a4cb371: folds
Hero: raises 140 to 280
81759856: folds
7333eef5: calls 210
2709c779: calls 140
*** FLOP *** [9h 7d 9s]
7333eef5: bets 500
2709c779: folds
Hero: calls 500
*** TURN *** [9h 7d 9s] [Ts]
7333eef5: bets 1,500
Hero: calls 1,500
*** RIVER *** [9h 7d 9s Ts] [8h]
7333eef5: bets 3,750
Hero: calls 3,750
7333eef5: shows [7h 4d] (two pair, Nines and Sevens)
Hero: shows [Kd Kc] (two pair, Kings and Nines)
*** SHOWDOWN ***
Hero collected 12,500 from pot
*** SUMMARY ***
Total pot 12,500 | Rake 0 | Jackpot 0 | Bingo 0 | Fortune 0 | Tax 0
Board [9h 7d 9s Ts 8h]
Seat 1: 6a4cb371 folded before Flop
Seat 2: Hero showed [Kd Kc] and won (12,500) with two pair, Kings and Nines
Seat 3: 81759856 (button) folded before Flop
Seat 4: 7333eef5 (small blind) showed [7h 4d] and lost with two pair, Nines and Sevens
Seat 5: 2709c779 (big blind) folded on the Flop
Seat 6: e3d29fb9 folded before Flop
Seat 7: f1673057 folded before Flop
Seat 8: 261f448f folded before Flop


Poker Hand #TM5684397785: Tournament #268638104, Bounty Hunters Special $10.80 Hold'em No Limit - Level2(60/120(18)) - 2026/03/09 17:45:16
Table '23' 8-max Seat #2 is the button
Seat 1: 6a4cb371 (11,034 in chips)
Seat 2: Hero (8,959 in chips)
Seat 3: 81759856 (9,675 in chips)
Seat 4: 7333eef5 (15,115 in chips)
Seat 5: 2709c779 (3,390 in chips)
Seat 6: e3d29fb9 (9,322 in chips)
Seat 7: fbe52d16 (9,082 in chips)
Seat 8: 261f448f (25,092 in chips)
e3d29fb9: posts the ante 18
Hero: posts the ante 18
261f448f: posts the ante 18
2709c779: posts the ante 18
6a4cb371: posts the ante 18
fbe52d16: posts the ante 18
7333eef5: posts the ante 18
81759856: posts the ante 18
81759856: posts small blind 60
7333eef5: posts big blind 120
*** HOLE CARDS ***
Dealt to 6a4cb371 
Dealt to Hero [9c 4d]
Dealt to 81759856 
Dealt to 7333eef5 
Dealt to 2709c779 
Dealt to e3d29fb9 
Dealt to fbe52d16 
Dealt to 261f448f 
2709c779: folds
e3d29fb9: folds
fbe52d16: calls 120
261f448f: folds
6a4cb371: folds
Hero: folds
81759856: calls 60
7333eef5: checks
*** FLOP *** [8s Ts Qd]
81759856: checks
7333eef5: bets 252
fbe52d16: raises 1,008 to 1,260
81759856: folds
7333eef5: raises 3,024 to 4,284
fbe52d16: calls 3,024
*** TURN *** [8s Ts Qd] [Jd]
7333eef5: bets 9,072
fbe52d16: calls 4,660 and is all-in
Uncalled bet (4,412) returned to 7333eef5
7333eef5: shows [5h Qc] (a pair of Queens)
fbe52d16: shows [Ad Tc] (a pair of Tens)
*** RIVER *** [8s Ts Qd Jd] [3d]
*** SHOWDOWN ***
7333eef5 collected 18,392 from pot
*** SUMMARY ***
Total pot 18,392 | Rake 0 | Jackpot 0 | Bingo 0 | Fortune 0 | Tax 0
Board [8s Ts Qd Jd 3d]
Seat 1: 6a4cb371 folded before Flop
Seat 2: Hero (button) folded before Flop
Seat 3: 81759856 (small blind) folded on the Flop
Seat 4: 7333eef5 (big blind) showed [5h Qc] and won (18,392) with a pair of Queens
Seat 5: 2709c779 folded before Flop
Seat 6: e3d29fb9 folded before Flop
Seat 7: fbe52d16 showed [Ad Tc] and lost with a pair of Tens
Seat 8: 261f448f folded before Flop


Poker Hand #TM5684397777: Tournament #268638104, Bounty Hunters Special $10.80 Hold'em No Limit - Level2(60/120(18)) - 2026/03/09 17:44:43
Table '23' 8-max Seat #1 is the button
Seat 1: 6a4cb371 (11,292 in chips)
Seat 2: Hero (8,473 in chips)
Seat 3: 81759856 (9,813 in chips)
Seat 4: 7333eef5 (15,133 in chips)
Seat 5: 2709c779 (3,408 in chips)
Seat 6: e3d29fb9 (9,340 in chips)
Seat 7: fbe52d16 (9,100 in chips)
Seat 8: 261f448f (25,110 in chips)
e3d29fb9: posts the ante 18
261f448f: posts the ante 18
Hero: posts the ante 18
2709c779: posts the ante 18
6a4cb371: posts the ante 18
fbe52d16: posts the ante 18
7333eef5: posts the ante 18
81759856: posts the ante 18
Hero: posts small blind 60
81759856: posts big blind 120
*** HOLE CARDS ***
Dealt to 6a4cb371 
Dealt to Hero [Qh Kc]
Dealt to 81759856 
Dealt to 7333eef5 
Dealt to 2709c779 
Dealt to e3d29fb9 
Dealt to fbe52d16 
Dealt to 261f448f 
7333eef5: folds
2709c779: folds
e3d29fb9: folds
fbe52d16: folds
261f448f: folds
6a4cb371: raises 120 to 240
Hero: raises 864 to 1,104
81759856: folds
6a4cb371: folds
Uncalled bet (864) returned to Hero
*** SHOWDOWN ***
Hero collected 744 from pot
*** SUMMARY ***
Total pot 744 | Rake 0 | Jackpot 0 | Bingo 0 | Fortune 0 | Tax 0
Seat 1: 6a4cb371 (button) folded before Flop
Seat 2: Hero (small blind) collected (744)
Seat 3: 81759856 (big blind) folded before Flop
Seat 4: 7333eef5 folded before Flop
Seat 5: 2709c779 folded before Flop
Seat 6: e3d29fb9 folded before Flop
Seat 7: fbe52d16 folded before Flop
Seat 8: 261f448f folded before Flop


Poker Hand #TM5684397771: Tournament #268638104, Bounty Hunters Special $10.80 Hold'em No Limit - Level2(60/120(18)) - 2026/03/09 17:43:57
Table '23' 8-max Seat #8 is the button
Seat 1: 6a4cb371 (11,370 in chips)
Seat 2: Hero (9,803 in chips)
Seat 3: 81759856 (9,831 in chips)
Seat 4: 7333eef5 (13,395 in chips)
Seat 5: 2709c779 (3,666 in chips)
Seat 6: e3d29fb9 (9,358 in chips)
Seat 7: fbe52d16 (9,118 in chips)
Seat 8: 261f448f (25,128 in chips)
e3d29fb9: posts the ante 18
261f448f: posts the ante 18
Hero: posts the ante 18
2709c779: posts the ante 18
fbe52d16: posts the ante 18
6a4cb371: posts the ante 18
7333eef5: posts the ante 18
81759856: posts the ante 18
6a4cb371: posts small blind 60
Hero: posts big blind 120
*** HOLE CARDS ***
Dealt to 6a4cb371 
Dealt to Hero [8d 6s]
Dealt to 81759856 
Dealt to 7333eef5 
Dealt to 2709c779 
Dealt to e3d29fb9 
Dealt to fbe52d16 
Dealt to 261f448f 
81759856: folds
7333eef5: raises 120 to 240
2709c779: calls 240
e3d29fb9: folds
fbe52d16: folds
261f448f: folds
6a4cb371: folds
Hero: calls 120
*** FLOP *** [7h 4d 9h]
Hero: checks
7333eef5: bets 305
2709c779: folds
Hero: calls 305
*** TURN *** [7h 4d 9h] [3s]
Hero: checks
7333eef5: bets 767
Hero: calls 767
*** RIVER *** [7h 4d 9h 3s] [Qc]
Hero: checks
7333eef5: checks
Hero: shows [8d 6s] (Queen high)
7333eef5: shows [5s 4c] (a pair of Fours)
*** SHOWDOWN ***
7333eef5 collected 3,068 from pot
*** SUMMARY ***
Total pot 3,068 | Rake 0 | Jackpot 0 | Bingo 0 | Fortune 0 | Tax 0
Board [7h 4d 9h 3s Qc]
Seat 1: 6a4cb371 (small blind) folded before Flop
Seat 2: Hero (big blind) showed [8d 6s] and lost with Queen high
Seat 3: 81759856 folded before Flop
Seat 4: 7333eef5 showed [5s 4c] and won (3,068) with a pair of Fours
Seat 5: 2709c779 folded on the Flop
Seat 6: e3d29fb9 folded before Flop
Seat 7: fbe52d16 folded before Flop
Seat 8: 261f448f (button) folded before Flop


Poker Hand #TM5684397761: Tournament #268638104, Bounty Hunters Special $10.80 Hold'em No Limit - Level2(60/120(18)) - 2026/03/09 17:43:01
Table '23' 8-max Seat #7 is the button
Seat 1: 6a4cb371 (11,748 in chips)
Seat 2: Hero (9,821 in chips)
Seat 3: 81759856 (9,849 in chips)
Seat 4: 7333eef5 (9,021 in chips)
Seat 5: 2709c779 (7,212 in chips)
Seat 6: e3d29fb9 (9,376 in chips)
Seat 7: fbe52d16 (9,136 in chips)
Seat 8: 261f448f (25,506 in chips)
e3d29fb9: posts the ante 18
Hero: posts the ante 18
261f448f: posts the ante 18
2709c779: posts the ante 18
fbe52d16: posts the ante 18
6a4cb371: posts the ante 18
7333eef5: posts the ante 18
81759856: posts the ante 18
261f448f: posts small blind 60
6a4cb371: posts big blind 120
*** HOLE CARDS ***
Dealt to 6a4cb371 
Dealt to Hero [2c Ad]
Dealt to 81759856 
Dealt to 7333eef5 
Dealt to 2709c779 
Dealt to e3d29fb9 
Dealt to fbe52d16 
Dealt to 261f448f 
Hero: folds
81759856: folds
7333eef5: raises 240 to 360
2709c779: calls 360
e3d29fb9: folds
fbe52d16: folds
261f448f: calls 300
6a4cb371: calls 240
*** FLOP *** [2h 3d 7s]
261f448f: checks
6a4cb371: checks
7333eef5: bets 792
2709c779: calls 792
261f448f: folds
6a4cb371: folds
*** TURN *** [2h 3d 7s] [Ks]
7333eef5: bets 2,376
2709c779: calls 2,376
*** RIVER *** [2h 3d 7s Ks] [As]
7333eef5: bets 3,960
2709c779: folds
Uncalled bet (3,960) returned to 7333eef5
*** SHOWDOWN ***
7333eef5 collected 7,920 from pot
*** SUMMARY ***
Total pot 7,920 | Rake 0 | Jackpot 0 | Bingo 0 | Fortune 0 | Tax 0
Board [2h 3d 7s Ks As]
Seat 1: 6a4cb371 (big blind) folded on the Flop
Seat 2: Hero folded before Flop
Seat 3: 81759856 folded before Flop
Seat 4: 7333eef5 won (7,920)
Seat 5: 2709c779 folded on the River
Seat 6: e3d29fb9 folded before Flop
Seat 7: fbe52d16 (button) folded before Flop
Seat 8: 261f448f (small blind) folded on the Flop


Poker Hand #TM5684397756: Tournament #268638104, Bounty Hunters Special $10.80 Hold'em No Limit - Level2(60/120(18)) - 2026/03/09 17:42:34
Table '23' 8-max Seat #6 is the button
Seat 1: 6a4cb371 (11,442 in chips)
Seat 2: Hero (9,839 in chips)
Seat 3: 81759856 (9,867 in chips)
Seat 4: 7333eef5 (9,039 in chips)
Seat 5: 2709c779 (7,230 in chips)
Seat 6: e3d29fb9 (9,394 in chips)
Seat 7: fbe52d16 (9,214 in chips)
Seat 8: 261f448f (25,644 in chips)
e3d29fb9: posts the ante 18
Hero: posts the ante 18
261f448f: posts the ante 18
2709c779: posts the ante 18
6a4cb371: posts the ante 18
fbe52d16: posts the ante 18
7333eef5: posts the ante 18
81759856: posts the ante 18
fbe52d16: posts small blind 60
261f448f: posts big blind 120
*** HOLE CARDS ***
Dealt to 6a4cb371 
Dealt to Hero [7s 2s]
Dealt to 81759856 
Dealt to 7333eef5 
Dealt to 2709c779 
Dealt to e3d29fb9 
Dealt to fbe52d16 
Dealt to 261f448f 
6a4cb371: raises 180 to 300
Hero: folds
81759856: folds
7333eef5: folds
2709c779: folds
e3d29fb9: folds
fbe52d16: folds
261f448f: folds
Uncalled bet (180) returned to 6a4cb371
*** SHOWDOWN ***
6a4cb371 collected 444 from pot
*** SUMMARY ***
Total pot 444 | Rake 0 | Jackpot 0 | Bingo 0 | Fortune 0 | Tax 0
Seat 1: 6a4cb371 collected (444)
Seat 2: Hero folded before Flop
Seat 3: 81759856 folded before Flop
Seat 4: 7333eef5 folded before Flop
Seat 5: 2709c779 folded before Flop
Seat 6: e3d29fb9 (button) folded before Flop
Seat 7: fbe52d16 (small blind) folded before Flop
Seat 8: 261f448f (big blind) folded before Flop


Poker Hand #TM5684397745: Tournament #268638104, Bounty Hunters Special $10.80 Hold'em No Limit - Level2(60/120(18)) - 2026/03/09 17:41:20
Table '23' 8-max Seat #5 is the button
Seat 1: 6a4cb371 (11,880 in chips)
Seat 2: Hero (9,857 in chips)
Seat 3: 81759856 (8,198 in chips)
Seat 4: 7333eef5 (10,000 in chips)
Seat 5: 2709c779 (7,248 in chips)
Seat 6: e3d29fb9 (9,472 in chips)
Seat 7: fbe52d16 (9,352 in chips)
Seat 8: 261f448f (25,662 in chips)
e3d29fb9: posts the ante 18
Hero: posts the ante 18
261f448f: posts the ante 18
2709c779: posts the ante 18
6a4cb371: posts the ante 18
fbe52d16: posts the ante 18
7333eef5: posts the ante 18
81759856: posts the ante 18
e3d29fb9: posts small blind 60
fbe52d16: posts big blind 120
*** HOLE CARDS ***
Dealt to 6a4cb371 
Dealt to Hero [6c Js]
Dealt to 81759856 
Dealt to 7333eef5 
Dealt to 2709c779 
Dealt to e3d29fb9 
Dealt to fbe52d16 
Dealt to 261f448f 
261f448f: folds
6a4cb371: calls 120
Hero: folds
81759856: raises 300 to 420
7333eef5: calls 420
2709c779: folds
e3d29fb9: folds
fbe52d16: folds
6a4cb371: calls 300
*** FLOP *** [Ac 2d 9s]
6a4cb371: checks
81759856: bets 523
7333eef5: calls 523
6a4cb371: folds
*** TURN *** [Ac 2d 9s] [6d]
81759856: bets 1,789
7333eef5: folds
Uncalled bet (1,789) returned to 81759856
*** SHOWDOWN ***
81759856 collected 2,630 from pot
*** SUMMARY ***
Total pot 2,630 | Rake 0 | Jackpot 0 | Bingo 0 | Fortune 0 | Tax 0
Board [Ac 2d 9s 6d]
Seat 1: 6a4cb371 folded on the Flop
Seat 2: Hero folded before Flop
Seat 3: 81759856 won (2,630)
Seat 4: 7333eef5 folded on the Turn
Seat 5: 2709c779 (button) folded before Flop
Seat 6: e3d29fb9 (small blind) folded before Flop
Seat 7: fbe52d16 (big blind) folded before Flop
Seat 8: 261f448f folded before Flop


Poker Hand #TM5684397735: Tournament #268638104, Bounty Hunters Special $10.80 Hold'em No Limit - Level2(60/120(18)) - 2026/03/09 17:40:06
Table '23' 8-max Seat #3 is the button
Seat 1: 6a4cb371 (11,898 in chips)
Seat 2: Hero (9,875 in chips)
Seat 3: 81759856 (8,216 in chips)
Seat 5: 2709c779 (10,389 in chips)
Seat 6: e3d29fb9 (9,610 in chips)
Seat 7: fbe52d16 (9,370 in chips)
Seat 8: 261f448f (22,311 in chips)
e3d29fb9: posts the ante 18
Hero: posts the ante 18
261f448f: posts the ante 18
2709c779: posts the ante 18
6a4cb371: posts the ante 18
fbe52d16: posts the ante 18
81759856: posts the ante 18
2709c779: posts small blind 60
e3d29fb9: posts big blind 120
*** HOLE CARDS ***
Dealt to 6a4cb371 
Dealt to Hero [8c 4d]
Dealt to 81759856 
Dealt to 2709c779 
Dealt to e3d29fb9 
Dealt to fbe52d16 
Dealt to 261f448f 
fbe52d16: folds
261f448f: raises 120 to 240
6a4cb371: folds
Hero: folds
81759856: folds
2709c779: raises 600 to 840
e3d29fb9: folds
261f448f: calls 600
*** FLOP *** [9h 3c As]
2709c779: bets 660
261f448f: calls 660
*** TURN *** [9h 3c As] [Tc]
2709c779: bets 1,623
261f448f: calls 1,623
*** RIVER *** [9h 3c As Tc] [Qd]
2709c779: checks
261f448f: bets 19,170 and is all-in
2709c779: folds
Uncalled bet (19,170) returned to 261f448f
*** SHOWDOWN ***
261f448f collected 6,492 from pot
*** SUMMARY ***
Total pot 6,492 | Rake 0 | Jackpot 0 | Bingo 0 | Fortune 0 | Tax 0
Board [9h 3c As Tc Qd]
Seat 1: 6a4cb371 folded before Flop
Seat 2: Hero folded before Flop
Seat 3: 81759856 (button) folded before Flop
Seat 5: 2709c779 (small blind) folded on the River
Seat 6: e3d29fb9 (big blind) folded before Flop
Seat 7: fbe52d16 folded before Flop
Seat 8: 261f448f won (6,492)


Poker Hand #TM5684397728: Tournament #268638104, Bounty Hunters Special $10.80 Hold'em No Limit - Level2(60/120(18)) - 2026/03/09 17:39:19
Table '23' 8-max Seat #2 is the button
Seat 1: 6a4cb371 (11,916 in chips)
Seat 2: Hero (9,893 in chips)
Seat 3: 81759856 (8,294 in chips)
Seat 4: 2ce50540 (9,465 in chips)
Seat 5: 2709c779 (10,407 in chips)
Seat 6: e3d29fb9 (10,672 in chips)
Seat 7: fbe52d16 (9,388 in chips)
Seat 8: 261f448f (11,634 in chips)
e3d29fb9: posts the ante 18
2ce50540: posts the ante 18
Hero: posts the ante 18
261f448f: posts the ante 18
2709c779: posts the ante 18
6a4cb371: posts the ante 18
fbe52d16: posts the ante 18
81759856: posts the ante 18
81759856: posts small blind 60
2ce50540: posts big blind 120
*** HOLE CARDS ***
Dealt to 6a4cb371 
Dealt to Hero [Th 4h]
Dealt to 81759856 
Dealt to 2ce50540 
Dealt to 2709c779 
Dealt to e3d29fb9 
Dealt to fbe52d16 
Dealt to 261f448f 
2709c779: folds
e3d29fb9: raises 120 to 240
fbe52d16: folds
261f448f: raises 804 to 1,044
6a4cb371: folds
Hero: folds
81759856: folds
2ce50540: calls 924
e3d29fb9: calls 804
*** FLOP *** [Qd 3d Ks]
2ce50540: bets 8,403 and is all-in
e3d29fb9: folds
261f448f: calls 8,403
2ce50540: shows [4d Jd] (King high)
261f448f: shows [Qc Qs] (three of a kind, Queens)
*** TURN *** [Qd 3d Ks] [Jh]
*** RIVER *** [Qd 3d Ks Jh] [8s]
*** SHOWDOWN ***
261f448f collected 20,142 from pot
*** SUMMARY ***
Total pot 20,142 | Rake 0 | Jackpot 0 | Bingo 0 | Fortune 0 | Tax 0
Board [Qd 3d Ks Jh 8s]
Seat 1: 6a4cb371 folded before Flop
Seat 2: Hero (button) folded before Flop
Seat 3: 81759856 (small blind) folded before Flop
Seat 4: 2ce50540 (big blind) showed [4d Jd] and lost with a pair of Jacks
Seat 5: 2709c779 folded before Flop
Seat 6: e3d29fb9 folded on the Flop
Seat 7: fbe52d16 folded before Flop
Seat 8: 261f448f showed [Qc Qs] and won (20,142) with three of a kind, Queens


Poker Hand #TM5684397721: Tournament #268638104, Bounty Hunters Special $10.80 Hold'em No Limit - Level2(60/120(18)) - 2026/03/09 17:38:33
Table '23' 8-max Seat #1 is the button
Seat 1: 6a4cb371 (11,934 in chips)
Seat 2: Hero (9,215 in chips)
Seat 3: 81759856 (8,864 in chips)
Seat 4: 2ce50540 (9,483 in chips)
Seat 5: 2709c779 (10,425 in chips)
Seat 6: e3d29fb9 (10,690 in chips)
Seat 7: fbe52d16 (9,406 in chips)
Seat 8: 261f448f (11,652 in chips)
e3d29fb9: posts the ante 18
2ce50540: posts the ante 18
261f448f: posts the ante 18
Hero: posts the ante 18
2709c779: posts the ante 18
6a4cb371: posts the ante 18
fbe52d16: posts the ante 18
81759856: posts the ante 18
Hero: posts small blind 60
81759856: posts big blind 120
*** HOLE CARDS ***
Dealt to 6a4cb371 
Dealt to Hero [Qh 9h]
Dealt to 81759856 
Dealt to 2ce50540 
Dealt to 2709c779 
Dealt to e3d29fb9 
Dealt to fbe52d16 
Dealt to 261f448f 
2ce50540: folds
2709c779: folds
e3d29fb9: folds
fbe52d16: folds
261f448f: folds
6a4cb371: folds
Hero: raises 120 to 240
81759856: calls 120
*** FLOP *** [7c Kh 3h]
Hero: bets 312
81759856: calls 312
*** TURN *** [7c Kh 3h] [4h]
Hero: bets 936
81759856: folds
Uncalled bet (936) returned to Hero
*** SHOWDOWN ***
Hero collected 1,248 from pot
*** SUMMARY ***
Total pot 1,248 | Rake 0 | Jackpot 0 | Bingo 0 | Fortune 0 | Tax 0
Board [7c Kh 3h 4h]
Seat 1: 6a4cb371 (button) folded before Flop
Seat 2: Hero (small blind) won (1,248)
Seat 3: 81759856 (big blind) folded on the Turn
Seat 4: 2ce50540 folded before Flop
Seat 5: 2709c779 folded before Flop
Seat 6: e3d29fb9 folded before Flop
Seat 7: fbe52d16 folded before Flop
Seat 8: 261f448f folded before Flop


Poker Hand #TM5684397712: Tournament #268638104, Bounty Hunters Special $10.80 Hold'em No Limit - Level1(50/100(15)) - 2026/03/09 17:37:49
Table '23' 8-max Seat #8 is the button
Seat 1: 6a4cb371 (11,999 in chips)
Seat 2: Hero (9,330 in chips)
Seat 3: 81759856 (8,879 in chips)
Seat 4: 2ce50540 (9,698 in chips)
Seat 5: 2709c779 (9,970 in chips)
Seat 6: e3d29fb9 (10,705 in chips)
Seat 7: fbe52d16 (9,421 in chips)
Seat 8: 261f448f (11,667 in chips)
e3d29fb9: posts the ante 15
2ce50540: posts the ante 15
261f448f: posts the ante 15
Hero: posts the ante 15
2709c779: posts the ante 15
fbe52d16: posts the ante 15
6a4cb371: posts the ante 15
81759856: posts the ante 15
6a4cb371: posts small blind 50
Hero: posts big blind 100
*** HOLE CARDS ***
Dealt to 6a4cb371 
Dealt to Hero [7s 3c]
Dealt to 81759856 
Dealt to 2ce50540 
Dealt to 2709c779 
Dealt to e3d29fb9 
Dealt to fbe52d16 
Dealt to 261f448f 
81759856: folds
2ce50540: calls 100
2709c779: raises 100 to 200
e3d29fb9: folds
fbe52d16: folds
261f448f: folds
6a4cb371: folds
Hero: folds
2ce50540: calls 100
*** FLOP *** [Ah 9s 9h]
2ce50540: checks
2709c779: bets 250
2ce50540: folds
Uncalled bet (250) returned to 2709c779
*** SHOWDOWN ***
2709c779 collected 670 from pot
*** SUMMARY ***
Total pot 670 | Rake 0 | Jackpot 0 | Bingo 0 | Fortune 0 | Tax 0
Board [Ah 9s 9h]
Seat 1: 6a4cb371 (small blind) folded before Flop
Seat 2: Hero (big blind) folded before Flop
Seat 3: 81759856 folded before Flop
Seat 4: 2ce50540 folded on the Flop
Seat 5: 2709c779 won (670)
Seat 6: e3d29fb9 folded before Flop
Seat 7: fbe52d16 folded before Flop
Seat 8: 261f448f (button) folded before Flop


Poker Hand #TM5684397706: Tournament #268638104, Bounty Hunters Special $10.80 Hold'em No Limit - Level1(50/100(15)) - 2026/03/09 17:37:11
Table '23' 8-max Seat #7 is the button
Seat 1: 6a4cb371 (12,114 in chips)
Seat 2: Hero (9,545 in chips)
Seat 3: 81759856 (9,594 in chips)
Seat 4: 2ce50540 (8,543 in chips)
Seat 5: 2709c779 (9,985 in chips)
Seat 6: e3d29fb9 (10,720 in chips)
Seat 7: fbe52d16 (9,436 in chips)
Seat 8: 261f448f (11,732 in chips)
e3d29fb9: posts the ante 15
2ce50540: posts the ante 15
Hero: posts the ante 15
261f448f: posts the ante 15
2709c779: posts the ante 15
fbe52d16: posts the ante 15
6a4cb371: posts the ante 15
81759856: posts the ante 15
261f448f: posts small blind 50
6a4cb371: posts big blind 100
*** HOLE CARDS ***
Dealt to 6a4cb371 
Dealt to Hero [9h Qh]
Dealt to 81759856 
Dealt to 2ce50540 
Dealt to 2709c779 
Dealt to e3d29fb9 
Dealt to fbe52d16 
Dealt to 261f448f 
Hero: raises 100 to 200
81759856: raises 500 to 700
2ce50540: raises 1,870 to 2,570
2709c779: folds
e3d29fb9: folds
fbe52d16: folds
261f448f: folds
6a4cb371: folds
Hero: folds
81759856: folds
Uncalled bet (1,870) returned to 2ce50540
*** SHOWDOWN ***
2ce50540 collected 1,870 from pot
*** SUMMARY ***
Total pot 1,870 | Rake 0 | Jackpot 0 | Bingo 0 | Fortune 0 | Tax 0
Seat 1: 6a4cb371 (big blind) folded before Flop
Seat 2: Hero folded before Flop
Seat 3: 81759856 folded before Flop
Seat 4: 2ce50540 collected (1,870)
Seat 5: 2709c779 folded before Flop
Seat 6: e3d29fb9 folded before Flop
Seat 7: fbe52d16 (button) folded before Flop
Seat 8: 261f448f (small blind) folded before Flop


Poker Hand #TM5684397694: Tournament #268638104, Bounty Hunters Special $10.80 Hold'em No Limit - Level1(50/100(15)) - 2026/03/09 17:36:03
Table '23' 8-max Seat #6 is the button
Seat 1: 6a4cb371 (8,805 in chips)
Seat 2: Hero (9,560 in chips)
Seat 3: 81759856 (9,609 in chips)
Seat 4: 2ce50540 (11,612 in chips)
Seat 5: 2709c779 (10,000 in chips)
Seat 6: e3d29fb9 (10,735 in chips)
Seat 7: fbe52d16 (9,501 in chips)
Seat 8: 261f448f (11,847 in chips)
e3d29fb9: posts the ante 15
2ce50540: posts the ante 15
Hero: posts the ante 15
261f448f: posts the ante 15
2709c779: posts the ante 15
6a4cb371: posts the ante 15
fbe52d16: posts the ante 15
81759856: posts the ante 15
fbe52d16: posts small blind 50
261f448f: posts big blind 100
*** HOLE CARDS ***
Dealt to 6a4cb371 
Dealt to Hero [5d 7s]
Dealt to 81759856 
Dealt to 2ce50540 
Dealt to 2709c779 
Dealt to e3d29fb9 
Dealt to fbe52d16 
Dealt to 261f448f 
6a4cb371: raises 150 to 250
Hero: folds
81759856: folds
2ce50540: raises 255 to 505
2709c779: folds
e3d29fb9: folds
fbe52d16: folds
261f448f: folds
6a4cb371: calls 255
*** FLOP *** [Ah As 3h]
6a4cb371: checks
2ce50540: bets 423
6a4cb371: calls 423
*** TURN *** [Ah As 3h] [8s]
6a4cb371: checks
2ce50540: checks
*** RIVER *** [Ah As 3h 8s] [6d]
6a4cb371: bets 2,126
2ce50540: calls 2,126
6a4cb371: shows [Js Ad] (three of a kind, Aces)
2ce50540: shows [9h 9s] (two pair, Aces and Nines)
*** SHOWDOWN ***
6a4cb371 collected 6,378 from pot
*** SUMMARY ***
Total pot 6,378 | Rake 0 | Jackpot 0 | Bingo 0 | Fortune 0 | Tax 0
Board [Ah As 3h 8s 6d]
Seat 1: 6a4cb371 showed [Js Ad] and won (6,378) with three of a kind, Aces
Seat 2: Hero folded before Flop
Seat 3: 81759856 folded before Flop
Seat 4: 2ce50540 showed [9h 9s] and lost with two pair, Aces and Nines
Seat 5: 2709c779 folded before Flop
Seat 6: e3d29fb9 (button) folded before Flop
Seat 7: fbe52d16 (small blind) folded before Flop
Seat 8: 261f448f (big blind) folded before Flop


Poker Hand #TM5684397682: Tournament #268638104, Bounty Hunters Special $10.80 Hold'em No Limit - Level1(50/100(15)) - 2026/03/09 17:34:57
Table '23' 8-max Seat #4 is the button
Seat 1: 6a4cb371 (8,820 in chips)
Seat 2: Hero (9,575 in chips)
Seat 3: 81759856 (9,624 in chips)
Seat 4: 2ce50540 (11,627 in chips)
Seat 6: e3d29fb9 (10,800 in chips)
Seat 7: fbe52d16 (11,448 in chips)
Seat 8: 261f448f (9,775 in chips)
e3d29fb9: posts the ante 15
2ce50540: posts the ante 15
Hero: posts the ante 15
261f448f: posts the ante 15
6a4cb371: posts the ante 15
fbe52d16: posts the ante 15
81759856: posts the ante 15
e3d29fb9: posts small blind 50
fbe52d16: posts big blind 100
*** HOLE CARDS ***
Dealt to 6a4cb371 
Dealt to Hero [7c As]
Dealt to 81759856 
Dealt to 2ce50540 
Dealt to e3d29fb9 
Dealt to fbe52d16 
Dealt to 261f448f 
261f448f: raises 100 to 200
6a4cb371: folds
Hero: folds
81759856: folds
2ce50540: folds
e3d29fb9: folds
fbe52d16: calls 100
*** FLOP *** [Ks 7s 9h]
fbe52d16: bets 100
261f448f: raises 378 to 478
fbe52d16: calls 378
*** TURN *** [Ks 7s 9h] [5c]
fbe52d16: checks
261f448f: bets 756
fbe52d16: calls 756
*** RIVER *** [Ks 7s 9h 5c] [Tc]
fbe52d16: checks
261f448f: bets 498
fbe52d16: calls 498
261f448f: shows [Kc Qh] (a pair of Kings)
fbe52d16: shows [9c 8d] (a pair of Nines)
*** SHOWDOWN ***
261f448f collected 4,019 from pot
*** SUMMARY ***
Total pot 4,019 | Rake 0 | Jackpot 0 | Bingo 0 | Fortune 0 | Tax 0
Board [Ks 7s 9h 5c Tc]
Seat 1: 6a4cb371 folded before Flop
Seat 2: Hero folded before Flop
Seat 3: 81759856 folded before Flop
Seat 4: 2ce50540 (button) folded before Flop
Seat 6: e3d29fb9 (small blind) folded before Flop
Seat 7: fbe52d16 (big blind) showed [9c 8d] and lost with a pair of Nines
Seat 8: 261f448f showed [Kc Qh] and won (4,019) with a pair of Kings


Poker Hand #TM5684397672: Tournament #268638104, Bounty Hunters Special $10.80 Hold'em No Limit - Level1(50/100(15)) - 2026/03/09 17:34:03
Table '23' 8-max Seat #3 is the button
Seat 1: 6a4cb371 (9,785 in chips)
Seat 2: Hero (9,590 in chips)
Seat 3: 81759856 (9,639 in chips)
Seat 4: 2ce50540 (11,692 in chips)
Seat 6: e3d29fb9 (9,710 in chips)
Seat 7: fbe52d16 (11,463 in chips)
Seat 8: 261f448f (9,790 in chips)
e3d29fb9: posts the ante 15
2ce50540: posts the ante 15
Hero: posts the ante 15
261f448f: posts the ante 15
6a4cb371: posts the ante 15
fbe52d16: posts the ante 15
81759856: posts the ante 15
2ce50540: posts small blind 50
e3d29fb9: posts big blind 100
*** HOLE CARDS ***
Dealt to 6a4cb371 
Dealt to Hero [6c Js]
Dealt to 81759856 
Dealt to 2ce50540 
Dealt to e3d29fb9 
Dealt to fbe52d16 
Dealt to 261f448f 
fbe52d16: folds
261f448f: folds
6a4cb371: raises 150 to 250
Hero: folds
81759856: folds
2ce50540: folds
e3d29fb9: calls 150
*** FLOP *** [Qc 2d 2h]
e3d29fb9: checks
6a4cb371: bets 217
e3d29fb9: raises 483 to 700
6a4cb371: calls 483
*** TURN *** [Qc 2d 2h] [Td]
e3d29fb9: bets 1,000
6a4cb371: folds
Uncalled bet (1,000) returned to e3d29fb9
*** SHOWDOWN ***
e3d29fb9 collected 2,055 from pot
*** SUMMARY ***
Total pot 2,055 | Rake 0 | Jackpot 0 | Bingo 0 | Fortune 0 | Tax 0
Board [Qc 2d 2h Td]
Seat 1: 6a4cb371 folded on the Turn
Seat 2: Hero folded before Flop
Seat 3: 81759856 (button) folded before Flop
Seat 4: 2ce50540 (small blind) folded before Flop
Seat 6: e3d29fb9 (big blind) won (2,055)
Seat 7: fbe52d16 folded before Flop
Seat 8: 261f448f folded before Flop


Poker Hand #TM5684397664: Tournament #268638104, Bounty Hunters Special $10.80 Hold'em No Limit - Level1(50/100(15)) - 2026/03/09 17:33:23
Table '23' 8-max Seat #2 is the button
Seat 1: 6a4cb371 (10,000 in chips)
Seat 2: Hero (9,805 in chips)
Seat 3: 81759856 (9,704 in chips)
Seat 4: 2ce50540 (11,807 in chips)
Seat 5: 4fc2340e (8,561 in chips)
Seat 6: e3d29fb9 (8,855 in chips)
Seat 7: fbe52d16 (11,478 in chips)
Seat 8: 261f448f (9,805 in chips)
e3d29fb9: posts the ante 15
2ce50540: posts the ante 15
Hero: posts the ante 15
261f448f: posts the ante 15
6a4cb371: posts the ante 15
fbe52d16: posts the ante 15
4fc2340e: posts the ante 15
81759856: posts the ante 15
81759856: posts small blind 50
2ce50540: posts big blind 100
*** HOLE CARDS ***
Dealt to 6a4cb371 
Dealt to Hero [9d Jc]
Dealt to 81759856 
Dealt to 2ce50540 
Dealt to 4fc2340e 
Dealt to e3d29fb9 
Dealt to fbe52d16 
Dealt to 261f448f 
4fc2340e: raises 100 to 200
e3d29fb9: calls 200
fbe52d16: folds
261f448f: folds
6a4cb371: calls 200
Hero: calls 200
81759856: folds
2ce50540: folds
*** FLOP *** [Qh 3d 6c]
4fc2340e: checks
e3d29fb9: bets 803
6a4cb371: folds
Hero: folds
4fc2340e: folds
Uncalled bet (803) returned to e3d29fb9
*** SHOWDOWN ***
e3d29fb9 collected 1,070 from pot
*** SUMMARY ***
Total pot 1,070 | Rake 0 | Jackpot 0 | Bingo 0 | Fortune 0 | Tax 0
Board [Qh 3d 6c]
Seat 1: 6a4cb371 folded on the Flop
Seat 2: Hero (button) folded on the Flop
Seat 3: 81759856 (small blind) folded before Flop
Seat 4: 2ce50540 (big blind) folded before Flop
Seat 5: 4fc2340e folded on the Flop
Seat 6: e3d29fb9 won (1,070)
Seat 7: fbe52d16 folded before Flop
Seat 8: 261f448f folded before Flop


Poker Hand #TM5684397650: Tournament #268638104, Bounty Hunters Special $10.80 Hold'em No Limit - Level1(50/100(15)) - 2026/03/09 17:32:13
Table '23' 8-max Seat #8 is the button
Seat 2: Hero (9,870 in chips)
Seat 3: 81759856 (9,970 in chips)
Seat 4: 2ce50540 (11,619 in chips)
Seat 5: 4fc2340e (8,576 in chips)
Seat 6: e3d29fb9 (8,870 in chips)
Seat 7: fbe52d16 (11,290 in chips)
Seat 8: 261f448f (9,820 in chips)
e3d29fb9: posts the ante 15
2ce50540: posts the ante 15
261f448f: posts the ante 15
Hero: posts the ante 15
fbe52d16: posts the ante 15
4fc2340e: posts the ante 15
81759856: posts the ante 15
Hero: posts small blind 50
81759856: posts big blind 100
*** HOLE CARDS ***
Dealt to Hero [8c 5s]
Dealt to 81759856 
Dealt to 2ce50540 
Dealt to 4fc2340e 
Dealt to e3d29fb9 
Dealt to fbe52d16 
Dealt to 261f448f 
2ce50540: calls 100
4fc2340e: folds
e3d29fb9: folds
fbe52d16: calls 100
261f448f: folds
Hero: folds
81759856: checks
*** FLOP *** [Qc Qs Qh]
81759856: checks
2ce50540: bets 151
fbe52d16: calls 151
81759856: calls 151
*** TURN *** [Qc Qs Qh] [3d]
81759856: checks
2ce50540: bets 300
fbe52d16: calls 300
81759856: folds
*** RIVER *** [Qc Qs Qh 3d] [3h]
2ce50540: checks
fbe52d16: checks
2ce50540: shows [2c 2s] (a full house, Queens full of Threes)
fbe52d16: shows [8s As] (a full house, Queens full of Threes)
*** SHOWDOWN ***
fbe52d16 collected 754 from pot
2ce50540 collected 754 from pot
*** SUMMARY ***
Total pot 1,508 | Rake 0 | Jackpot 0 | Bingo 0 | Fortune 0 | Tax 0
Board [Qc Qs Qh 3d 3h]
Seat 2: Hero (small blind) folded before Flop
Seat 3: 81759856 (big blind) folded on the Turn
Seat 4: 2ce50540 showed [2c 2s] and won (754) with a full house, Queens full of Threes
Seat 5: 4fc2340e folded before Flop
Seat 6: e3d29fb9 folded before Flop
Seat 7: fbe52d16 showed [8s As] and won (754) with a full house, Queens full of Threes
Seat 8: 261f448f (button) folded before Flop


Poker Hand #TM5684397636: Tournament #268638104, Bounty Hunters Special $10.80 Hold'em No Limit - Level1(50/100(15)) - 2026/03/09 17:31:00
Table '23' 8-max Seat #7 is the button
Seat 2: Hero (9,985 in chips)
Seat 3: 81759856 (9,985 in chips)
Seat 4: 2ce50540 (9,985 in chips)
Seat 5: 4fc2340e (9,785 in chips)
Seat 6: e3d29fb9 (9,085 in chips)
Seat 7: fbe52d16 (11,305 in chips)
Seat 8: 261f448f (9,885 in chips)
e3d29fb9: posts the ante 15
2ce50540: posts the ante 15
Hero: posts the ante 15
261f448f: posts the ante 15
fbe52d16: posts the ante 15
4fc2340e: posts the ante 15
81759856: posts the ante 15
261f448f: posts small blind 50
Hero: posts big blind 100
*** HOLE CARDS ***
Dealt to Hero [3d Qs]
Dealt to 81759856 
Dealt to 2ce50540 
Dealt to 4fc2340e 
Dealt to e3d29fb9 
Dealt to fbe52d16 
Dealt to 261f448f 
81759856: folds
2ce50540: raises 100 to 200
4fc2340e: calls 200
e3d29fb9: calls 200
fbe52d16: folds
261f448f: folds
Hero: folds
*** FLOP *** [5h Qh 3c]
2ce50540: bets 283
4fc2340e: calls 283
e3d29fb9: folds
*** TURN *** [5h Qh 3c] [2d]
2ce50540: checks
4fc2340e: checks
*** RIVER *** [5h Qh 3c 2d] [Th]
2ce50540: checks
4fc2340e: bets 711
2ce50540: calls 711
4fc2340e: shows [As 5c] (a pair of Fives)
2ce50540: shows [6d 6c] (a pair of Sixes)
*** SHOWDOWN ***
2ce50540 collected 2,843 from pot
*** SUMMARY ***
Total pot 2,843 | Rake 0 | Jackpot 0 | Bingo 0 | Fortune 0 | Tax 0
Board [5h Qh 3c 2d Th]
Seat 2: Hero (big blind) folded before Flop
Seat 3: 81759856 folded before Flop
Seat 4: 2ce50540 showed [6d 6c] and won (2,843) with a pair of Sixes
Seat 5: 4fc2340e showed [As 5c] and lost with a pair of Fives
Seat 6: e3d29fb9 folded on the Flop
Seat 7: fbe52d16 (button) folded before Flop
Seat 8: 261f448f (small blind) folded before Flop


Poker Hand #TM5684397628: Tournament #268638104, Bounty Hunters Special $10.80 Hold'em No Limit - Level1(50/100(15)) - 2026/03/09 17:30:02
Table '23' 8-max Seat #6 is the button
Seat 1: 3446f461 (10,000 in chips)
Seat 2: Hero (10,000 in chips)
Seat 3: 81759856 (10,000 in chips)
Seat 4: 2ce50540 (10,000 in chips)
Seat 5: 4fc2340e (10,000 in chips)
Seat 6: e3d29fb9 (10,000 in chips)
Seat 7: fbe52d16 (10,000 in chips)
Seat 8: 261f448f (10,000 in chips)
e3d29fb9: posts the ante 15
2ce50540: posts the ante 15
Hero: posts the ante 15
261f448f: posts the ante 15
fbe52d16: posts the ante 15
3446f461: posts the ante 15
4fc2340e: posts the ante 15
81759856: posts the ante 15
fbe52d16: posts small blind 50
261f448f: posts big blind 100
*** HOLE CARDS ***
Dealt to 3446f461 
Dealt to Hero [Jc Th]
Dealt to 81759856 
Dealt to 2ce50540 
Dealt to 4fc2340e 
Dealt to e3d29fb9 
Dealt to fbe52d16 
Dealt to 261f448f 
3446f461: folds
Hero: folds
81759856: folds
2ce50540: folds
4fc2340e: raises 100 to 200
e3d29fb9: raises 700 to 900
fbe52d16: calls 850
261f448f: folds
4fc2340e: folds
*** FLOP *** [7c 4h 2s]
fbe52d16: bets 2,220
e3d29fb9: folds
Uncalled bet (2,220) returned to fbe52d16
*** SHOWDOWN ***
fbe52d16 collected 2,220 from pot
*** SUMMARY ***
Total pot 2,220 | Rake 0 | Jackpot 0 | Bingo 0 | Fortune 0 | Tax 0
Board [7c 4h 2s]
Seat 1: 3446f461 folded before Flop
Seat 2: Hero folded before Flop
Seat 3: 81759856 folded before Flop
Seat 4: 2ce50540 folded before Flop
Seat 5: 4fc2340e folded before Flop
Seat 6: e3d29fb9 (button) folded on the Flop
Seat 7: fbe52d16 (small blind) won (2,220)
Seat 8: 261f448f (big blind) folded before Flop


