Poker Hand #TM5675491599: Tournament #268237237, Bounty Hunters Deepstack Turbo $10.80 Hold'em No Limit - Level2(60/120(18)) - 2026/03/07 22:30:20
Table '21' 8-max Seat #5 is the button
Seat 1: 99ddeed (45,506 in chips)
Seat 2: 397e14e5 (19,266 in chips)
Seat 3: e52d626c (18,540 in chips)
Seat 4: 3737b19d (20,000 in chips)
Seat 5: 49546cf7 (18,127 in chips)
Seat 6: 587f6f2a (17,222 in chips)
Seat 7: 95071a7e (18,651 in chips)
Seat 8: Hero (712 in chips)
397e14e5: posts the ante 18
3737b19d: posts the ante 18
Hero: posts the ante 18
587f6f2a: posts the ante 18
e52d626c: posts the ante 18
49546cf7: posts the ante 18
95071a7e: posts the ante 18
99ddeed: posts the ante 18
587f6f2a: posts small blind 60
95071a7e: posts big blind 120
*** HOLE CARDS ***
Dealt to 99ddeed 
Dealt to 397e14e5 
Dealt to e52d626c 
Dealt to 3737b19d 
Dealt to 49546cf7 
Dealt to 587f6f2a 
Dealt to 95071a7e 
Dealt to Hero [5d 6d]
Hero: raises 574 to 694 and is all-in
99ddeed: folds
397e14e5: calls 694
e52d626c: folds
3737b19d: calls 694
49546cf7: calls 694
587f6f2a: calls 634
95071a7e: calls 574
*** FLOP *** [6s 3c Js]
587f6f2a: checks
95071a7e: checks
397e14e5: checks
3737b19d: checks
49546cf7: checks
*** TURN *** [6s 3c Js] [9s]
587f6f2a: checks
95071a7e: checks
397e14e5: checks
3737b19d: checks
49546cf7: checks
*** RIVER *** [6s 3c Js 9s] [Ah]
587f6f2a: checks
95071a7e: checks
397e14e5: bets 1,200
3737b19d: folds
49546cf7: folds
587f6f2a: folds
95071a7e: folds
Uncalled bet (1,200) returned to 397e14e5
397e14e5: shows [Ad 5c] (a pair of Aces)
Hero: shows [5d 6d] (a pair of Sixes)
*** SHOWDOWN ***
397e14e5 collected 4,308 from pot
*** SUMMARY ***
Total pot 4,308 | Rake 0 | Jackpot 0 | Bingo 0 | Fortune 0 | Tax 0
Board [6s 3c Js 9s Ah]
Seat 1: 99ddeed folded before Flop
Seat 2: 397e14e5 showed [Ad 5c] and won (4,308) with a pair of Aces
Seat 3: e52d626c folded before Flop
Seat 4: 3737b19d folded on the River
Seat 5: 49546cf7 (button) folded on the River
Seat 6: 587f6f2a (small blind) folded on the River
Seat 7: 95071a7e (big blind) folded on the River
Seat 8: Hero showed [5d 6d] and lost with a pair of Sixes


Poker Hand #TM5675491557: Tournament #268237237, Bounty Hunters Deepstack Turbo $10.80 Hold'em No Limit - Level2(60/120(18)) - 2026/03/07 22:29:09
Table '21' 8-max Seat #3 is the button
Seat 1: 99ddeed (45,524 in chips)
Seat 2: 397e14e5 (18,858 in chips)
Seat 3: e52d626c (18,558 in chips)
Seat 5: 49546cf7 (18,205 in chips)
Seat 6: 587f6f2a (17,360 in chips)
Seat 7: 95071a7e (18,789 in chips)
Seat 8: Hero (730 in chips)
397e14e5: posts the ante 18
Hero: posts the ante 18
587f6f2a: posts the ante 18
e52d626c: posts the ante 18
49546cf7: posts the ante 18
95071a7e: posts the ante 18
99ddeed: posts the ante 18
49546cf7: posts small blind 60
587f6f2a: posts big blind 120
*** HOLE CARDS ***
Dealt to 99ddeed 
Dealt to 397e14e5 
Dealt to e52d626c 
Dealt to 49546cf7 
Dealt to 587f6f2a 
Dealt to 95071a7e 
Dealt to Hero [Ts 6s]
95071a7e: calls 120
Hero: folds
99ddeed: folds
397e14e5: raises 600 to 720
e52d626c: folds
49546cf7: folds
587f6f2a: folds
95071a7e: folds
Uncalled bet (600) returned to 397e14e5
*** SHOWDOWN ***
397e14e5 collected 546 from pot
*** SUMMARY ***
Total pot 546 | Rake 0 | Jackpot 0 | Bingo 0 | Fortune 0 | Tax 0
Seat 1: 99ddeed folded before Flop
Seat 2: 397e14e5 collected (546)
Seat 3: e52d626c (button) folded before Flop
Seat 5: 49546cf7 (small blind) folded before Flop
Seat 6: 587f6f2a (big blind) folded before Flop
Seat 7: 95071a7e folded before Flop
Seat 8: Hero folded before Flop


Poker Hand #TM5675491501: Tournament #268237237, Bounty Hunters Deepstack Turbo $10.80 Hold'em No Limit - Level2(60/120(18)) - 2026/03/07 22:27:32
Table '21' 8-max Seat #2 is the button
Seat 1: 99ddeed (45,542 in chips)
Seat 2: 397e14e5 (18,876 in chips)
Seat 3: e52d626c (18,309 in chips)
Seat 5: 49546cf7 (18,583 in chips)
Seat 6: 587f6f2a (17,738 in chips)
Seat 7: 95071a7e (18,807 in chips)
Seat 8: Hero (169 in chips)
397e14e5: posts the ante 18
Hero: posts the ante 18
587f6f2a: posts the ante 18
e52d626c: posts the ante 18
49546cf7: posts the ante 18
95071a7e: posts the ante 18
99ddeed: posts the ante 18
e52d626c: posts small blind 60
49546cf7: posts big blind 120
*** HOLE CARDS ***
Dealt to 99ddeed 
Dealt to 397e14e5 
Dealt to e52d626c 
Dealt to 49546cf7 
Dealt to 587f6f2a 
Dealt to 95071a7e 
Dealt to Hero [Tc 7s]
587f6f2a: calls 120
95071a7e: folds
Hero: raises 31 to 151 and is all-in
99ddeed: folds
397e14e5: folds
e52d626c: raises 209 to 360
49546cf7: calls 240
587f6f2a: calls 240
*** FLOP *** [7d Qc 6s]
e52d626c: checks
49546cf7: checks
587f6f2a: checks
*** TURN *** [7d Qc 6s] [8h]
e52d626c: bets 1,440
49546cf7: folds
587f6f2a: folds
Uncalled bet (1,440) returned to e52d626c
e52d626c: shows [Ah 9d] (Ace high)
Hero: shows [Tc 7s] (a pair of Sevens)
*** RIVER *** [7d Qc 6s 8h] [Kh]
*** SHOWDOWN ***
Hero collected 730 from pot
e52d626c collected 627 from pot
*** SUMMARY ***
Total pot 1,357 | Rake 0 | Jackpot 0 | Bingo 0 | Fortune 0 | Tax 0
Board [7d Qc 6s 8h Kh]
Seat 1: 99ddeed folded before Flop
Seat 2: 397e14e5 (button) folded before Flop
Seat 3: e52d626c (small blind) showed [Ah 9d] and won (627) with Ace high
Seat 5: 49546cf7 (big blind) folded on the Turn
Seat 6: 587f6f2a folded on the Turn
Seat 7: 95071a7e folded before Flop
Seat 8: Hero showed [Tc 7s] and won (730) with a pair of Sevens


Poker Hand #TM5675491435: Tournament #268237237, Bounty Hunters Deepstack Turbo $10.80 Hold'em No Limit - Level2(60/120(18)) - 2026/03/07 22:25:37
Table '21' 8-max Seat #1 is the button
Seat 1: 99ddeed (22,537 in chips)
Seat 2: 397e14e5 (19,134 in chips)
Seat 3: e52d626c (18,447 in chips)
Seat 4: b6132ad5 (20,474 in chips)
Seat 5: 49546cf7 (18,601 in chips)
Seat 6: 587f6f2a (17,756 in chips)
Seat 7: 95071a7e (18,825 in chips)
Seat 8: Hero (22,706 in chips)
397e14e5: posts the ante 18
Hero: posts the ante 18
587f6f2a: posts the ante 18
e52d626c: posts the ante 18
49546cf7: posts the ante 18
95071a7e: posts the ante 18
99ddeed: posts the ante 18
b6132ad5: posts the ante 18
397e14e5: posts small blind 60
e52d626c: posts big blind 120
*** HOLE CARDS ***
Dealt to 99ddeed 
Dealt to 397e14e5 
Dealt to e52d626c 
Dealt to b6132ad5 
Dealt to 49546cf7 
Dealt to 587f6f2a 
Dealt to 95071a7e 
Dealt to Hero [7d Kd]
b6132ad5: folds
49546cf7: folds
587f6f2a: folds
95071a7e: folds
Hero: raises 120 to 240
99ddeed: calls 240
397e14e5: calls 180
e52d626c: folds
*** FLOP *** [Jd 6d 5d]
397e14e5: checks
Hero: bets 325
99ddeed: calls 325
397e14e5: folds
*** TURN *** [Jd 6d 5d] [Ah]
Hero: bets 817
99ddeed: raises 3,268 to 4,085
Hero: raises 3,268 to 7,353
99ddeed: raises 3,448 to 10,801
Hero: raises 11,322 to 22,123 and is all-in
99ddeed: calls 11,153 and is all-in
Uncalled bet (169) returned to Hero
Hero: shows [7d Kd] (a flush King high)
99ddeed: shows [5h 5c] (three of a kind, Fives)
*** RIVER *** [Jd 6d 5d Ah] [As]
*** SHOWDOWN ***
99ddeed collected 45,542 from pot
*** SUMMARY ***
Total pot 45,542 | Rake 0 | Jackpot 0 | Bingo 0 | Fortune 0 | Tax 0
Board [Jd 6d 5d Ah As]
Seat 1: 99ddeed (button) showed [5h 5c] and won (45,542) with a full house, Fives full of Aces
Seat 2: 397e14e5 (small blind) folded on the Flop
Seat 3: e52d626c (big blind) folded before Flop
Seat 4: b6132ad5 folded before Flop
Seat 5: 49546cf7 folded before Flop
Seat 6: 587f6f2a folded before Flop
Seat 7: 95071a7e folded before Flop
Seat 8: Hero showed [7d Kd] and lost with a flush King high


Poker Hand #TM5675491412: Tournament #268237237, Bounty Hunters Deepstack Turbo $10.80 Hold'em No Limit - Level2(60/120(18)) - 2026/03/07 22:24:53
Table '21' 8-max Seat #8 is the button
Seat 1: 99ddeed (22,615 in chips)
Seat 2: 397e14e5 (19,272 in chips)
Seat 3: e52d626c (18,705 in chips)
Seat 4: b6132ad5 (20,492 in chips)
Seat 5: 49546cf7 (18,619 in chips)
Seat 6: 587f6f2a (17,774 in chips)
Seat 7: 95071a7e (18,279 in chips)
Seat 8: Hero (22,724 in chips)
397e14e5: posts the ante 18
Hero: posts the ante 18
587f6f2a: posts the ante 18
e52d626c: posts the ante 18
49546cf7: posts the ante 18
95071a7e: posts the ante 18
b6132ad5: posts the ante 18
99ddeed: posts the ante 18
99ddeed: posts small blind 60
397e14e5: posts big blind 120
*** HOLE CARDS ***
Dealt to 99ddeed 
Dealt to 397e14e5 
Dealt to e52d626c 
Dealt to b6132ad5 
Dealt to 49546cf7 
Dealt to 587f6f2a 
Dealt to 95071a7e 
Dealt to Hero [Th 2c]
e52d626c: raises 120 to 240
b6132ad5: folds
49546cf7: folds
587f6f2a: folds
95071a7e: raises 603 to 843
Hero: folds
99ddeed: folds
397e14e5: folds
e52d626c: folds
Uncalled bet (603) returned to 95071a7e
*** SHOWDOWN ***
95071a7e collected 804 from pot
*** SUMMARY ***
Total pot 804 | Rake 0 | Jackpot 0 | Bingo 0 | Fortune 0 | Tax 0
Seat 1: 99ddeed (small blind) folded before Flop
Seat 2: 397e14e5 (big blind) folded before Flop
Seat 3: e52d626c folded before Flop
Seat 4: b6132ad5 folded before Flop
Seat 5: 49546cf7 folded before Flop
Seat 6: 587f6f2a folded before Flop
Seat 7: 95071a7e collected (804)
Seat 8: Hero (button) folded before Flop


Poker Hand #TM5675491360: Tournament #268237237, Bounty Hunters Deepstack Turbo $10.80 Hold'em No Limit - Level2(60/120(18)) - 2026/03/07 22:23:22
Table '21' 8-max Seat #7 is the button
Seat 1: 99ddeed (22,933 in chips)
Seat 2: 397e14e5 (19,590 in chips)
Seat 3: e52d626c (18,723 in chips)
Seat 4: b6132ad5 (20,510 in chips)
Seat 5: 49546cf7 (18,637 in chips)
Seat 6: 587f6f2a (20,000 in chips)
Seat 7: 95071a7e (18,597 in chips)
Seat 8: Hero (19,490 in chips)
397e14e5: posts the ante 18
587f6f2a: posts the ante 18
Hero: posts the ante 18
e52d626c: posts the ante 18
49546cf7: posts the ante 18
95071a7e: posts the ante 18
b6132ad5: posts the ante 18
99ddeed: posts the ante 18
Hero: posts small blind 60
99ddeed: posts big blind 120
*** HOLE CARDS ***
Dealt to 99ddeed 
Dealt to 397e14e5 
Dealt to e52d626c 
Dealt to b6132ad5 
Dealt to 49546cf7 
Dealt to 587f6f2a 
Dealt to 95071a7e 
Dealt to Hero [5h 6h]
397e14e5: raises 180 to 300
e52d626c: folds
b6132ad5: folds
49546cf7: folds
587f6f2a: calls 300
95071a7e: calls 300
Hero: calls 240
99ddeed: calls 180
*** FLOP *** [6s Td 3h]
Hero: checks
99ddeed: checks
397e14e5: checks
587f6f2a: bets 822
95071a7e: folds
Hero: calls 822
99ddeed: folds
397e14e5: folds
*** TURN *** [6s Td 3h] [7h]
Hero: checks
587f6f2a: bets 1,086
Hero: calls 1,086
*** RIVER *** [6s Td 3h 7h] [4d]
Hero: bets 4,095
587f6f2a: folds
Uncalled bet (4,095) returned to Hero
*** SHOWDOWN ***
Hero collected 5,460 from pot
*** SUMMARY ***
Total pot 5,460 | Rake 0 | Jackpot 0 | Bingo 0 | Fortune 0 | Tax 0
Board [6s Td 3h 7h 4d]
Seat 1: 99ddeed (big blind) folded on the Flop
Seat 2: 397e14e5 folded on the Flop
Seat 3: e52d626c folded before Flop
Seat 4: b6132ad5 folded before Flop
Seat 5: 49546cf7 folded before Flop
Seat 6: 587f6f2a folded on the River
Seat 7: 95071a7e (button) folded on the Flop
Seat 8: Hero (small blind) won (5,460)


Poker Hand #TM5675491324: Tournament #268237237, Bounty Hunters Deepstack Turbo $10.80 Hold'em No Limit - Level1(50/100(15)) - 2026/03/07 22:22:27
Table '21' 8-max Seat #5 is the button
Seat 1: 99ddeed (22,593 in chips)
Seat 2: 397e14e5 (19,605 in chips)
Seat 3: e52d626c (18,738 in chips)
Seat 4: b6132ad5 (20,525 in chips)
Seat 5: 49546cf7 (18,652 in chips)
Seat 7: 95071a7e (18,662 in chips)
Seat 8: Hero (19,705 in chips)
397e14e5: posts the ante 15
Hero: posts the ante 15
e52d626c: posts the ante 15
49546cf7: posts the ante 15
95071a7e: posts the ante 15
b6132ad5: posts the ante 15
99ddeed: posts the ante 15
95071a7e: posts small blind 50
Hero: posts big blind 100
*** HOLE CARDS ***
Dealt to 99ddeed 
Dealt to 397e14e5 
Dealt to e52d626c 
Dealt to b6132ad5 
Dealt to 49546cf7 
Dealt to 95071a7e 
Dealt to Hero [8h Kh]
99ddeed: raises 100 to 200
397e14e5: folds
e52d626c: folds
b6132ad5: folds
49546cf7: folds
95071a7e: folds
Hero: calls 100
*** FLOP *** [Ts 9s 3c]
Hero: checks
99ddeed: bets 184
Hero: folds
Uncalled bet (184) returned to 99ddeed
*** SHOWDOWN ***
99ddeed collected 555 from pot
*** SUMMARY ***
Total pot 555 | Rake 0 | Jackpot 0 | Bingo 0 | Fortune 0 | Tax 0
Board [Ts 9s 3c]
Seat 1: 99ddeed won (555)
Seat 2: 397e14e5 folded before Flop
Seat 3: e52d626c folded before Flop
Seat 4: b6132ad5 folded before Flop
Seat 5: 49546cf7 (button) folded before Flop
Seat 7: 95071a7e (small blind) folded before Flop
Seat 8: Hero (big blind) folded on the Flop


Poker Hand #TM5675491279: Tournament #268237237, Bounty Hunters Deepstack Turbo $10.80 Hold'em No Limit - Level1(50/100(15)) - 2026/03/07 22:21:05
Table '21' 8-max Seat #4 is the button
Seat 1: 99ddeed (22,608 in chips)
Seat 2: 397e14e5 (19,620 in chips)
Seat 3: e52d626c (19,670 in chips)
Seat 4: b6132ad5 (20,540 in chips)
Seat 5: 49546cf7 (18,717 in chips)
Seat 7: 95071a7e (17,605 in chips)
Seat 8: Hero (19,720 in chips)
397e14e5: posts the ante 15
Hero: posts the ante 15
e52d626c: posts the ante 15
49546cf7: posts the ante 15
95071a7e: posts the ante 15
b6132ad5: posts the ante 15
99ddeed: posts the ante 15
49546cf7: posts small blind 50
95071a7e: posts big blind 100
*** HOLE CARDS ***
Dealt to 99ddeed 
Dealt to 397e14e5 
Dealt to e52d626c 
Dealt to b6132ad5 
Dealt to 49546cf7 
Dealt to 95071a7e 
Dealt to Hero [8d 6c]
Hero: folds
99ddeed: folds
397e14e5: folds
e52d626c: raises 150 to 250
b6132ad5: folds
49546cf7: folds
95071a7e: calls 150
*** FLOP *** [3d Kc 3s]
95071a7e: checks
e52d626c: bets 217
95071a7e: calls 217
*** TURN *** [3d Kc 3s] [5c]
95071a7e: checks
e52d626c: bets 450
95071a7e: calls 450
*** RIVER *** [3d Kc 3s 5c] [Jd]
95071a7e: checks
e52d626c: checks
95071a7e: shows [Kh 3h] (a full house, Threes full of Kings)
e52d626c: shows [Ts Tc] (two pair, Tens and Threes)
*** SHOWDOWN ***
95071a7e collected 1,989 from pot
*** SUMMARY ***
Total pot 1,989 | Rake 0 | Jackpot 0 | Bingo 0 | Fortune 0 | Tax 0
Board [3d Kc 3s 5c Jd]
Seat 1: 99ddeed folded before Flop
Seat 2: 397e14e5 folded before Flop
Seat 3: e52d626c showed [Ts Tc] and lost with two pair, Tens and Threes
Seat 4: b6132ad5 (button) folded before Flop
Seat 5: 49546cf7 (small blind) folded before Flop
Seat 7: 95071a7e (big blind) showed [Kh 3h] and won (1,989) with a full house, Threes full of Kings
Seat 8: Hero folded before Flop


Poker Hand #TM5675491224: Tournament #268237237, Bounty Hunters Deepstack Turbo $10.80 Hold'em No Limit - Level1(50/100(15)) - 2026/03/07 22:19:30
Table '21' 8-max Seat #3 is the button
Seat 1: 99ddeed (20,775 in chips)
Seat 2: 397e14e5 (19,635 in chips)
Seat 3: e52d626c (19,685 in chips)
Seat 4: b6132ad5 (20,605 in chips)
Seat 5: 49546cf7 (19,955 in chips)
Seat 6: 9b1b5224 (21,535 in chips)
Seat 7: 95071a7e (18,075 in chips)
Seat 8: Hero (19,735 in chips)
397e14e5: posts the ante 15
9b1b5224: posts the ante 15
Hero: posts the ante 15
e52d626c: posts the ante 15
49546cf7: posts the ante 15
95071a7e: posts the ante 15
99ddeed: posts the ante 15
b6132ad5: posts the ante 15
b6132ad5: posts small blind 50
49546cf7: posts big blind 100
*** HOLE CARDS ***
Dealt to 99ddeed 
Dealt to 397e14e5 
Dealt to e52d626c 
Dealt to b6132ad5 
Dealt to 49546cf7 
Dealt to 9b1b5224 
Dealt to 95071a7e 
Dealt to Hero [Td 3s]
9b1b5224: folds
95071a7e: calls 100
Hero: folds
99ddeed: raises 100 to 200
397e14e5: folds
e52d626c: folds
b6132ad5: folds
49546cf7: calls 100
95071a7e: calls 100
*** FLOP *** [5s Th Ad]
49546cf7: checks
95071a7e: checks
99ddeed: bets 255
49546cf7: calls 255
95071a7e: calls 255
*** TURN *** [5s Th Ad] [6d]
49546cf7: bets 768
95071a7e: folds
99ddeed: calls 768
*** RIVER *** [5s Th Ad 6d] [7s]
49546cf7: checks
99ddeed: bets 3,071
49546cf7: folds
Uncalled bet (3,071) returned to 99ddeed
*** SHOWDOWN ***
99ddeed collected 3,071 from pot
*** SUMMARY ***
Total pot 3,071 | Rake 0 | Jackpot 0 | Bingo 0 | Fortune 0 | Tax 0
Board [5s Th Ad 6d 7s]
Seat 1: 99ddeed won (3,071)
Seat 2: 397e14e5 folded before Flop
Seat 3: e52d626c (button) folded before Flop
Seat 4: b6132ad5 (small blind) folded before Flop
Seat 5: 49546cf7 (big blind) folded on the River
Seat 6: 9b1b5224 folded before Flop
Seat 7: 95071a7e folded on the Turn
Seat 8: Hero folded before Flop


Poker Hand #TM5675491140: Tournament #268237237, Bounty Hunters Deepstack Turbo $10.80 Hold'em No Limit - Level1(50/100(15)) - 2026/03/07 22:17:13
Table '21' 8-max Seat #2 is the button
Seat 1: 99ddeed (19,920 in chips)
Seat 2: 397e14e5 (19,650 in chips)
Seat 3: e52d626c (19,750 in chips)
Seat 4: b6132ad5 (20,970 in chips)
Seat 5: 49546cf7 (19,970 in chips)
Seat 6: 9b1b5224 (21,550 in chips)
Seat 7: 95071a7e (18,440 in chips)
Seat 8: Hero (19,750 in chips)
397e14e5: posts the ante 15
9b1b5224: posts the ante 15
Hero: posts the ante 15
e52d626c: posts the ante 15
49546cf7: posts the ante 15
95071a7e: posts the ante 15
99ddeed: posts the ante 15
b6132ad5: posts the ante 15
e52d626c: posts small blind 50
b6132ad5: posts big blind 100
*** HOLE CARDS ***
Dealt to 99ddeed 
Dealt to 397e14e5 
Dealt to e52d626c 
Dealt to b6132ad5 
Dealt to 49546cf7 
Dealt to 9b1b5224 
Dealt to 95071a7e 
Dealt to Hero [9s 4c]
49546cf7: folds
9b1b5224: folds
95071a7e: calls 100
Hero: folds
99ddeed: raises 250 to 350
397e14e5: folds
e52d626c: folds
b6132ad5: calls 250
95071a7e: calls 250
*** FLOP *** [Qs Td 4h]
b6132ad5: checks
95071a7e: checks
99ddeed: bets 403
b6132ad5: folds
95071a7e: folds
Uncalled bet (403) returned to 99ddeed
*** SHOWDOWN ***
99ddeed collected 1,220 from pot
*** SUMMARY ***
Total pot 1,220 | Rake 0 | Jackpot 0 | Bingo 0 | Fortune 0 | Tax 0
Board [Qs Td 4h]
Seat 1: 99ddeed won (1,220)
Seat 2: 397e14e5 (button) folded before Flop
Seat 3: e52d626c (small blind) folded before Flop
Seat 4: b6132ad5 (big blind) folded on the Flop
Seat 5: 49546cf7 folded before Flop
Seat 6: 9b1b5224 folded before Flop
Seat 7: 95071a7e folded on the Flop
Seat 8: Hero folded before Flop


Poker Hand #TM5675491098: Tournament #268237237, Bounty Hunters Deepstack Turbo $10.80 Hold'em No Limit - Level1(50/100(15)) - 2026/03/07 22:16:06
Table '21' 8-max Seat #1 is the button
Seat 1: 99ddeed (19,935 in chips)
Seat 2: 397e14e5 (19,885 in chips)
Seat 3: e52d626c (19,985 in chips)
Seat 4: b6132ad5 (19,985 in chips)
Seat 5: 49546cf7 (19,985 in chips)
Seat 6: 9b1b5224 (21,565 in chips)
Seat 7: 95071a7e (18,675 in chips)
Seat 8: Hero (19,985 in chips)
397e14e5: posts the ante 15
9b1b5224: posts the ante 15
Hero: posts the ante 15
e52d626c: posts the ante 15
49546cf7: posts the ante 15
95071a7e: posts the ante 15
99ddeed: posts the ante 15
b6132ad5: posts the ante 15
397e14e5: posts small blind 50
e52d626c: posts big blind 100
*** HOLE CARDS ***
Dealt to 99ddeed 
Dealt to 397e14e5 
Dealt to e52d626c 
Dealt to b6132ad5 
Dealt to 49546cf7 
Dealt to 9b1b5224 
Dealt to 95071a7e 
Dealt to Hero [3c 5c]
b6132ad5: raises 120 to 220
49546cf7: folds
9b1b5224: folds
95071a7e: calls 220
Hero: calls 220
99ddeed: folds
397e14e5: calls 170
e52d626c: calls 120
*** FLOP *** [As 7d 3d]
397e14e5: checks
e52d626c: checks
b6132ad5: bets 915
95071a7e: folds
Hero: folds
397e14e5: folds
e52d626c: folds
Uncalled bet (915) returned to b6132ad5
*** SHOWDOWN ***
b6132ad5 collected 1,220 from pot
*** SUMMARY ***
Total pot 1,220 | Rake 0 | Jackpot 0 | Bingo 0 | Fortune 0 | Tax 0
Board [As 7d 3d]
Seat 1: 99ddeed (button) folded before Flop
Seat 2: 397e14e5 (small blind) folded on the Flop
Seat 3: e52d626c (big blind) folded on the Flop
Seat 4: b6132ad5 won (1,220)
Seat 5: 49546cf7 folded before Flop
Seat 6: 9b1b5224 folded before Flop
Seat 7: 95071a7e folded on the Flop
Seat 8: Hero folded on the Flop


Poker Hand #TM5675491055: Tournament #268237237, Bounty Hunters Deepstack Turbo $10.80 Hold'em No Limit - Level1(50/100(15)) - 2026/03/07 22:15:02
Table '21' 8-max Seat #8 is the button
Seat 1: 99ddeed (20,000 in chips)
Seat 2: 397e14e5 (20,000 in chips)
Seat 3: e52d626c (20,000 in chips)
Seat 4: b6132ad5 (20,000 in chips)
Seat 5: 49546cf7 (20,000 in chips)
Seat 6: 9b1b5224 (20,000 in chips)
Seat 7: 95071a7e (20,000 in chips)
Seat 8: Hero (20,000 in chips)
397e14e5: posts the ante 15
9b1b5224: posts the ante 15
Hero: posts the ante 15
e52d626c: posts the ante 15
49546cf7: posts the ante 15
95071a7e: posts the ante 15
b6132ad5: posts the ante 15
99ddeed: posts the ante 15
99ddeed: posts small blind 50
397e14e5: posts big blind 100
*** HOLE CARDS ***
Dealt to 99ddeed 
Dealt to 397e14e5 
Dealt to e52d626c 
Dealt to b6132ad5 
Dealt to 49546cf7 
Dealt to 9b1b5224 
Dealt to 95071a7e 
Dealt to Hero [5c 4d]
e52d626c: folds
b6132ad5: folds
49546cf7: folds
9b1b5224: raises 200 to 300
95071a7e: calls 300
Hero: folds
99ddeed: folds
397e14e5: folds
*** FLOP *** [Qc Th 2h]
9b1b5224: checks
95071a7e: bets 435
9b1b5224: calls 435
*** TURN *** [Qc Th 2h] [9h]
9b1b5224: checks
95071a7e: bets 575
9b1b5224: calls 575
*** RIVER *** [Qc Th 2h 9h] [3h]
9b1b5224: bets 2,890
95071a7e: folds
Uncalled bet (2,890) returned to 9b1b5224
95071a7e: shows [Tc] (a pair of Tens)
9b1b5224: shows [Ks Ad] (Ace high)
*** SHOWDOWN ***
9b1b5224 collected 2,890 from pot
*** SUMMARY ***
Total pot 2,890 | Rake 0 | Jackpot 0 | Bingo 0 | Fortune 0 | Tax 0
Board [Qc Th 2h 9h 3h]
Seat 1: 99ddeed (small blind) folded before Flop
Seat 2: 397e14e5 (big blind) folded before Flop
Seat 3: e52d626c folded before Flop
Seat 4: b6132ad5 folded before Flop
Seat 5: 49546cf7 folded before Flop
Seat 6: 9b1b5224 showed [Ks Ad] and won (2,890)
Seat 7: 95071a7e folded on the River
Seat 8: Hero (button) folded before Flop


