Poker Hand #TM5694205214: Tournament #269088109, Bounty Hunters Special $10.80 Hold'em No Limit - Level12(350/700(100)) - 2026/03/11 19:17:26
Table '23' 8-max Seat #5 is the button
Seat 1: a4002e68 (10,935 in chips)
Seat 2: Hero (10,000 in chips)
Seat 3: fafc0e25 (48,552 in chips)
Seat 4: cb240306 (6,363 in chips)
Seat 5: f7995261 (15,386 in chips)
Seat 6: c44cec79 (34,107 in chips)
Seat 7: 9b90f85e (32,531 in chips)
Seat 8: 69e1f789 (34,517 in chips)
f7995261: posts the ante 100
Hero: posts the ante 100
a4002e68: posts the ante 100
9b90f85e: posts the ante 100
fafc0e25: posts the ante 100
c44cec79: posts the ante 100
cb240306: posts the ante 100
69e1f789: posts the ante 100
c44cec79: posts small blind 350
9b90f85e: posts big blind 700
*** HOLE CARDS ***
Dealt to a4002e68 
Dealt to Hero [Qc Tc]
Dealt to fafc0e25 
Dealt to cb240306 
Dealt to f7995261 
Dealt to c44cec79 
Dealt to 9b90f85e 
Dealt to 69e1f789 
69e1f789: folds
a4002e68: folds
Hero: raises 700 to 1,400
fafc0e25: folds
cb240306: raises 4,863 to 6,263 and is all-in
f7995261: folds
c44cec79: raises 27,744 to 34,007 and is all-in
9b90f85e: folds
Hero: calls 8,500 and is all-in
Uncalled bet (24,107) returned to c44cec79
c44cec79: shows [Qs Ad]
Hero: shows [Qc Tc]
cb240306: shows [Jd Ks]
*** FLOP *** [6h 7d Ac]
*** TURN *** [6h 7d Ac] [2s]
*** RIVER *** [6h 7d Ac 2s] [Td]
*** SHOWDOWN ***
c44cec79 collected 20,289 from pot
c44cec79 collected 7,274 from pot
*** SUMMARY ***
Total pot 27,563 | Rake 0 | Jackpot 0 | Bingo 0 | Fortune 0 | Tax 0
Board [6h 7d Ac 2s Td]
Seat 1: a4002e68 folded before Flop
Seat 2: Hero showed [Qc Tc] and lost with a pair of Tens
Seat 3: fafc0e25 folded before Flop
Seat 4: cb240306 showed [Jd Ks] and lost with Ace high
Seat 5: f7995261 (button) folded before Flop
Seat 6: c44cec79 (small blind) showed [Qs Ad] and won (27,563) with a pair of Aces
Seat 7: 9b90f85e (big blind) folded before Flop
Seat 8: 69e1f789 folded before Flop


