Poker Hand #TM5670938820: Tournament #267951021, Bounty Hunters Special $10.80 Hold'em No Limit - Level15(600/1,200(180)) - 2026/03/06 19:37:36
Table '12' 8-max Seat #1 is the button
Seat 1: 206313d0 (42,885 in chips)
Seat 2: 4721ffe3 (96,451 in chips)
Seat 3: Hero (29,730 in chips)
Seat 4: b021ce31 (27,852 in chips)
Seat 5: 7ddc279b (92,835 in chips)
Seat 6: 93b93390 (20,324 in chips)
Seat 7: 921a1ced (16,373 in chips)
Seat 8: c0a6f9 (31,609 in chips)
c0a6f9: posts the ante 180
93b93390: posts the ante 180
4721ffe3: posts the ante 180
921a1ced: posts the ante 180
Hero: posts the ante 180
b021ce31: posts the ante 180
206313d0: posts the ante 180
7ddc279b: posts the ante 180
4721ffe3: posts small blind 600
Hero: posts big blind 1,200
*** HOLE CARDS ***
Dealt to 206313d0 
Dealt to 4721ffe3 
Dealt to Hero [Kc Ad]
Dealt to b021ce31 
Dealt to 7ddc279b 
Dealt to 93b93390 
Dealt to 921a1ced 
Dealt to c0a6f9 
b021ce31: folds
7ddc279b: folds
93b93390: folds
921a1ced: folds
c0a6f9: raises 1,200 to 2,400
206313d0: calls 2,400
4721ffe3: folds
Hero: raises 27,150 to 29,550 and is all-in
c0a6f9: folds
206313d0: calls 27,150
Hero: shows [Kc Ad]
206313d0: shows [6c 6d]
*** FLOP *** [6s 2h Ah]
*** TURN *** [6s 2h Ah] [2d]
*** RIVER *** [6s 2h Ah 2d] [7s]
*** SHOWDOWN ***
206313d0 collected 63,540 from pot
*** SUMMARY ***
Total pot 63,540 | Rake 0 | Jackpot 0 | Bingo 0 | Fortune 0 | Tax 0
Board [6s 2h Ah 2d 7s]
Seat 1: 206313d0 (button) showed [6c 6d] and won (63,540) with a full house, Sixes full of Twos
Seat 2: 4721ffe3 (small blind) folded before Flop
Seat 3: Hero (big blind) showed [Kc Ad] and lost with two pair, Aces and Twos
Seat 4: b021ce31 folded before Flop
Seat 5: 7ddc279b folded before Flop
Seat 6: 93b93390 folded before Flop
Seat 7: 921a1ced folded before Flop
Seat 8: c0a6f9 folded before Flop


Poker Hand #TM5671309777: Tournament #267951021, Bounty Hunters Special $10.80 Hold'em No Limit - Level14(500/1,000(150)) - 2026/03/06 19:36:00
Table '124' 8-max Seat #1 is the button
Seat 1: dd9a9e20 (7,750 in chips)
Seat 2: 6f02fd52 (57,210 in chips)
Seat 3: 35dce90f (5,760 in chips)
Seat 5: b178517e (16,924 in chips)
Seat 6: Hero (29,880 in chips)
Seat 7: c86e699d (48,615 in chips)
Seat 8: b1f08daf (81,862 in chips)
35dce90f: posts the ante 150
b1f08daf: posts the ante 150
Hero: posts the ante 150
dd9a9e20: posts the ante 150
b178517e: posts the ante 150
c86e699d: posts the ante 150
6f02fd52: posts the ante 150
6f02fd52: posts small blind 500
35dce90f: posts big blind 1,000
*** HOLE CARDS ***
Dealt to dd9a9e20 
Dealt to 6f02fd52 
Dealt to 35dce90f 
Dealt to b178517e 
Dealt to Hero [2h Qd]
Dealt to c86e699d 
Dealt to b1f08daf 
b178517e: folds
Hero: folds
c86e699d: folds
b1f08daf: folds
dd9a9e20: folds
6f02fd52: raises 56,060 to 57,060 and is all-in
35dce90f: calls 4,610 and is all-in
Uncalled bet (51,450) returned to 6f02fd52
6f02fd52: shows [8s 6s]
35dce90f: shows [Jh 7c]
*** FLOP *** [2c Qs 6c]
*** TURN *** [2c Qs 6c] [As]
*** RIVER *** [2c Qs 6c As] [2d]
*** SHOWDOWN ***
6f02fd52 collected 12,270 from pot
*** SUMMARY ***
Total pot 12,270 | Rake 0 | Jackpot 0 | Bingo 0 | Fortune 0 | Tax 0
Board [2c Qs 6c As 2d]
Seat 1: dd9a9e20 (button) folded before Flop
Seat 2: 6f02fd52 (small blind) showed [8s 6s] and won (12,270) with two pair, Sixes and Twos
Seat 3: 35dce90f (big blind) showed [Jh 7c] and lost with a pair of Twos
Seat 5: b178517e folded before Flop
Seat 6: Hero folded before Flop
Seat 7: c86e699d folded before Flop
Seat 8: b1f08daf folded before Flop


Poker Hand #TM5671309744: Tournament #267951021, Bounty Hunters Special $10.80 Hold'em No Limit - Level14(500/1,000(150)) - 2026/03/06 19:35:01
Table '124' 8-max Seat #8 is the button
Seat 1: dd9a9e20 (8,400 in chips)
Seat 2: 6f02fd52 (58,360 in chips)
Seat 3: 35dce90f (5,910 in chips)
Seat 4: 22c8b9bd (12,400 in chips)
Seat 5: b178517e (17,074 in chips)
Seat 6: Hero (15,080 in chips)
Seat 7: c86e699d (48,765 in chips)
Seat 8: b1f08daf (82,012 in chips)
35dce90f: posts the ante 150
b1f08daf: posts the ante 150
Hero: posts the ante 150
dd9a9e20: posts the ante 150
b178517e: posts the ante 150
c86e699d: posts the ante 150
6f02fd52: posts the ante 150
22c8b9bd: posts the ante 150
dd9a9e20: posts small blind 500
6f02fd52: posts big blind 1,000
*** HOLE CARDS ***
Dealt to dd9a9e20 
Dealt to 6f02fd52 
Dealt to 35dce90f 
Dealt to 22c8b9bd 
Dealt to b178517e 
Dealt to Hero [7d Ah]
Dealt to c86e699d 
Dealt to b1f08daf 
35dce90f: folds
22c8b9bd: raises 1,000 to 2,000
b178517e: folds
Hero: raises 12,930 to 14,930 and is all-in
c86e699d: folds
b1f08daf: folds
dd9a9e20: folds
6f02fd52: folds
22c8b9bd: calls 10,250 and is all-in
Uncalled bet (2,680) returned to Hero
Hero: shows [7d Ah]
22c8b9bd: shows [Kh Th]
*** FLOP *** [9c 9s Qh]
*** TURN *** [9c 9s Qh] [6c]
*** RIVER *** [9c 9s Qh 6c] [9h]
*** SHOWDOWN ***
Hero collected 27,200 from pot
*** SUMMARY ***
Total pot 27,200 | Rake 0 | Jackpot 0 | Bingo 0 | Fortune 0 | Tax 0
Board [9c 9s Qh 6c 9h]
Seat 1: dd9a9e20 (small blind) folded before Flop
Seat 2: 6f02fd52 (big blind) folded before Flop
Seat 3: 35dce90f folded before Flop
Seat 4: 22c8b9bd showed [Kh Th] and lost with three of a kind, Nines
Seat 5: b178517e folded before Flop
Seat 6: Hero showed [7d Ah] and won (27,200) with three of a kind, Nines
Seat 7: c86e699d folded before Flop
Seat 8: b1f08daf (button) folded before Flop


Poker Hand #TM5671309722: Tournament #267951021, Bounty Hunters Special $10.80 Hold'em No Limit - Level14(500/1,000(150)) - 2026/03/06 19:34:15
Table '124' 8-max Seat #7 is the button
Seat 1: dd9a9e20 (9,550 in chips)
Seat 2: 6f02fd52 (58,510 in chips)
Seat 3: 35dce90f (12,250 in chips)
Seat 4: 22c8b9bd (12,550 in chips)
Seat 5: b178517e (17,224 in chips)
Seat 6: Hero (6,340 in chips)
Seat 7: c86e699d (48,915 in chips)
Seat 8: b1f08daf (82,662 in chips)
35dce90f: posts the ante 150
Hero: posts the ante 150
b1f08daf: posts the ante 150
dd9a9e20: posts the ante 150
b178517e: posts the ante 150
c86e699d: posts the ante 150
6f02fd52: posts the ante 150
22c8b9bd: posts the ante 150
b1f08daf: posts small blind 500
dd9a9e20: posts big blind 1,000
*** HOLE CARDS ***
Dealt to dd9a9e20 
Dealt to 6f02fd52 
Dealt to 35dce90f 
Dealt to 22c8b9bd 
Dealt to b178517e 
Dealt to Hero [As 8d]
Dealt to c86e699d 
Dealt to b1f08daf 
6f02fd52: folds
35dce90f: raises 11,100 to 12,100 and is all-in
22c8b9bd: folds
b178517e: folds
Hero: calls 6,190 and is all-in
c86e699d: folds
b1f08daf: folds
dd9a9e20: folds
Uncalled bet (5,910) returned to 35dce90f
35dce90f: shows [9s Qs]
Hero: shows [As 8d]
*** FLOP *** [4c 3h 3s]
*** TURN *** [4c 3h 3s] [5s]
*** RIVER *** [4c 3h 3s 5s] [4d]
*** SHOWDOWN ***
Hero collected 15,080 from pot
*** SUMMARY ***
Total pot 15,080 | Rake 0 | Jackpot 0 | Bingo 0 | Fortune 0 | Tax 0
Board [4c 3h 3s 5s 4d]
Seat 1: dd9a9e20 (big blind) folded before Flop
Seat 2: 6f02fd52 folded before Flop
Seat 3: 35dce90f showed [9s Qs] and lost with two pair, Fours and Threes
Seat 4: 22c8b9bd folded before Flop
Seat 5: b178517e folded before Flop
Seat 6: Hero showed [As 8d] and won (15,080) with two pair, Fours and Threes
Seat 7: c86e699d (button) folded before Flop
Seat 8: b1f08daf (small blind) folded before Flop


Poker Hand #TM5671309706: Tournament #267951021, Bounty Hunters Special $10.80 Hold'em No Limit - Level14(500/1,000(150)) - 2026/03/06 19:33:40
Table '124' 8-max Seat #6 is the button
Seat 1: dd9a9e20 (9,700 in chips)
Seat 2: 6f02fd52 (58,660 in chips)
Seat 3: 35dce90f (12,400 in chips)
Seat 4: 22c8b9bd (10,000 in chips)
Seat 5: b178517e (17,374 in chips)
Seat 6: Hero (6,490 in chips)
Seat 7: c86e699d (49,565 in chips)
Seat 8: b1f08daf (83,812 in chips)
35dce90f: posts the ante 150
Hero: posts the ante 150
b1f08daf: posts the ante 150
dd9a9e20: posts the ante 150
b178517e: posts the ante 150
6f02fd52: posts the ante 150
c86e699d: posts the ante 150
22c8b9bd: posts the ante 150
c86e699d: posts small blind 500
b1f08daf: posts big blind 1,000
*** HOLE CARDS ***
Dealt to dd9a9e20 
Dealt to 6f02fd52 
Dealt to 35dce90f 
Dealt to 22c8b9bd 
Dealt to b178517e 
Dealt to Hero [8d 5c]
Dealt to c86e699d 
Dealt to b1f08daf 
dd9a9e20: folds
6f02fd52: folds
35dce90f: folds
22c8b9bd: raises 1,000 to 2,000
b178517e: folds
Hero: folds
c86e699d: folds
b1f08daf: folds
Uncalled bet (1,000) returned to 22c8b9bd
*** SHOWDOWN ***
22c8b9bd collected 3,700 from pot
*** SUMMARY ***
Total pot 3,700 | Rake 0 | Jackpot 0 | Bingo 0 | Fortune 0 | Tax 0
Seat 1: dd9a9e20 folded before Flop
Seat 2: 6f02fd52 folded before Flop
Seat 3: 35dce90f folded before Flop
Seat 4: 22c8b9bd collected (3,700)
Seat 5: b178517e folded before Flop
Seat 6: Hero (button) folded before Flop
Seat 7: c86e699d (small blind) folded before Flop
Seat 8: b1f08daf (big blind) folded before Flop


Poker Hand #TM5671309683: Tournament #267951021, Bounty Hunters Special $10.80 Hold'em No Limit - Level14(500/1,000(150)) - 2026/03/06 19:32:53
Table '124' 8-max Seat #5 is the button
Seat 1: dd9a9e20 (9,850 in chips)
Seat 2: 6f02fd52 (58,810 in chips)
Seat 3: 35dce90f (10,000 in chips)
Seat 5: b178517e (17,524 in chips)
Seat 6: Hero (7,140 in chips)
Seat 7: c86e699d (50,715 in chips)
Seat 8: b1f08daf (83,962 in chips)
35dce90f: posts the ante 150
b1f08daf: posts the ante 150
Hero: posts the ante 150
dd9a9e20: posts the ante 150
b178517e: posts the ante 150
6f02fd52: posts the ante 150
c86e699d: posts the ante 150
Hero: posts small blind 500
c86e699d: posts big blind 1,000
*** HOLE CARDS ***
Dealt to dd9a9e20 
Dealt to 6f02fd52 
Dealt to 35dce90f 
Dealt to b178517e 
Dealt to Hero [Kh 3c]
Dealt to c86e699d 
Dealt to b1f08daf 
b1f08daf: folds
dd9a9e20: folds
6f02fd52: folds
35dce90f: raises 8,850 to 9,850 and is all-in
b178517e: folds
Hero: folds
c86e699d: folds
Uncalled bet (8,850) returned to 35dce90f
*** SHOWDOWN ***
35dce90f collected 3,550 from pot
*** SUMMARY ***
Total pot 3,550 | Rake 0 | Jackpot 0 | Bingo 0 | Fortune 0 | Tax 0
Seat 1: dd9a9e20 folded before Flop
Seat 2: 6f02fd52 folded before Flop
Seat 3: 35dce90f collected (3,550)
Seat 5: b178517e (button) folded before Flop
Seat 6: Hero (small blind) folded before Flop
Seat 7: c86e699d (big blind) folded before Flop
Seat 8: b1f08daf folded before Flop


Poker Hand #TM5671309660: Tournament #267951021, Bounty Hunters Special $10.80 Hold'em No Limit - Level14(500/1,000(150)) - 2026/03/06 19:32:03
Table '124' 8-max Seat #2 is the button
Seat 1: dd9a9e20 (10,000 in chips)
Seat 2: 6f02fd52 (51,566 in chips)
Seat 4: ec9b5025 (5,494 in chips)
Seat 5: b178517e (18,674 in chips)
Seat 6: Hero (7,290 in chips)
Seat 7: c86e699d (50,865 in chips)
Seat 8: b1f08daf (84,112 in chips)
b1f08daf: posts the ante 150
Hero: posts the ante 150
dd9a9e20: posts the ante 150
b178517e: posts the ante 150
ec9b5025: posts the ante 150
6f02fd52: posts the ante 150
c86e699d: posts the ante 150
ec9b5025: posts small blind 500
b178517e: posts big blind 1,000
*** HOLE CARDS ***
Dealt to dd9a9e20 
Dealt to 6f02fd52 
Dealt to ec9b5025 
Dealt to b178517e 
Dealt to Hero [Kh 7d]
Dealt to c86e699d 
Dealt to b1f08daf 
Hero: folds
c86e699d: folds
b1f08daf: folds
dd9a9e20: folds
6f02fd52: raises 1,200 to 2,200
ec9b5025: raises 3,144 to 5,344 and is all-in
b178517e: folds
6f02fd52: calls 3,144
ec9b5025: shows [7c 8c]
6f02fd52: shows [8d As]
*** FLOP *** [Th Qs 3h]
*** TURN *** [Th Qs 3h] [4c]
*** RIVER *** [Th Qs 3h 4c] [Ts]
*** SHOWDOWN ***
6f02fd52 collected 12,738 from pot
*** SUMMARY ***
Total pot 12,738 | Rake 0 | Jackpot 0 | Bingo 0 | Fortune 0 | Tax 0
Board [Th Qs 3h 4c Ts]
Seat 1: dd9a9e20 folded before Flop
Seat 2: 6f02fd52 (button) showed [8d As] and won (12,738) with a pair of Tens
Seat 4: ec9b5025 (small blind) showed [7c 8c] and lost with a pair of Tens
Seat 5: b178517e (big blind) folded before Flop
Seat 6: Hero folded before Flop
Seat 7: c86e699d folded before Flop
Seat 8: b1f08daf folded before Flop


Poker Hand #TM5671309639: Tournament #267951021, Bounty Hunters Special $10.80 Hold'em No Limit - Level14(500/1,000(150)) - 2026/03/06 19:31:20
Table '124' 8-max Seat #8 is the button
Seat 2: 6f02fd52 (52,216 in chips)
Seat 4: ec9b5025 (6,644 in chips)
Seat 5: b178517e (20,824 in chips)
Seat 6: Hero (7,440 in chips)
Seat 7: c86e699d (51,015 in chips)
Seat 8: b1f08daf (79,862 in chips)
b1f08daf: posts the ante 150
Hero: posts the ante 150
b178517e: posts the ante 150
ec9b5025: posts the ante 150
c86e699d: posts the ante 150
6f02fd52: posts the ante 150
6f02fd52: posts small blind 500
ec9b5025: posts big blind 1,000
*** HOLE CARDS ***
Dealt to 6f02fd52 
Dealt to ec9b5025 
Dealt to b178517e 
Dealt to Hero [Kc 8h]
Dealt to c86e699d 
Dealt to b1f08daf 
b178517e: raises 1,000 to 2,000
Hero: folds
c86e699d: folds
b1f08daf: raises 4,200 to 6,200
6f02fd52: folds
ec9b5025: folds
b178517e: folds
Uncalled bet (4,200) returned to b1f08daf
*** SHOWDOWN ***
b1f08daf collected 6,400 from pot
*** SUMMARY ***
Total pot 6,400 | Rake 0 | Jackpot 0 | Bingo 0 | Fortune 0 | Tax 0
Seat 2: 6f02fd52 (small blind) folded before Flop
Seat 4: ec9b5025 (big blind) folded before Flop
Seat 5: b178517e folded before Flop
Seat 6: Hero folded before Flop
Seat 7: c86e699d folded before Flop
Seat 8: b1f08daf (button) collected (6,400)


Poker Hand #TM5671309619: Tournament #267951021, Bounty Hunters Special $10.80 Hold'em No Limit - Level14(500/1,000(150)) - 2026/03/06 19:30:36
Table '124' 8-max Seat #7 is the button
Seat 2: 6f02fd52 (53,366 in chips)
Seat 3: c958922e (11,217 in chips)
Seat 4: ec9b5025 (15,931 in chips)
Seat 5: b178517e (9,287 in chips)
Seat 6: Hero (7,590 in chips)
Seat 7: c86e699d (51,165 in chips)
Seat 8: b1f08daf (80,512 in chips)
Hero: posts the ante 150
b1f08daf: posts the ante 150
b178517e: posts the ante 150
ec9b5025: posts the ante 150
c958922e: posts the ante 150
c86e699d: posts the ante 150
6f02fd52: posts the ante 150
b1f08daf: posts small blind 500
6f02fd52: posts big blind 1,000
*** HOLE CARDS ***
Dealt to 6f02fd52 
Dealt to c958922e 
Dealt to ec9b5025 
Dealt to b178517e 
Dealt to Hero [4d Jc]
Dealt to c86e699d 
Dealt to b1f08daf 
c958922e: folds
ec9b5025: raises 14,781 to 15,781 and is all-in
b178517e: calls 9,137 and is all-in
Hero: folds
c86e699d: folds
b1f08daf: folds
6f02fd52: folds
Uncalled bet (6,644) returned to ec9b5025
ec9b5025: shows [Jh Qh]
b178517e: shows [5h 5d]
*** FLOP *** [9d As 4s]
*** TURN *** [9d As 4s] [3d]
*** RIVER *** [9d As 4s 3d] [9h]
*** SHOWDOWN ***
b178517e collected 20,824 from pot
*** SUMMARY ***
Total pot 20,824 | Rake 0 | Jackpot 0 | Bingo 0 | Fortune 0 | Tax 0
Board [9d As 4s 3d 9h]
Seat 2: 6f02fd52 (big blind) folded before Flop
Seat 3: c958922e folded before Flop
Seat 4: ec9b5025 showed [Jh Qh] and lost with a pair of Nines
Seat 5: b178517e showed [5h 5d] and won (20,824) with two pair, Nines and Fives
Seat 6: Hero folded before Flop
Seat 7: c86e699d (button) folded before Flop
Seat 8: b1f08daf (small blind) folded before Flop


Poker Hand #TM5671309589: Tournament #267951021, Bounty Hunters Special $10.80 Hold'em No Limit - Level14(500/1,000(150)) - 2026/03/06 19:29:32
Table '124' 8-max Seat #6 is the button
Seat 1: dc51a5e3 (9,730 in chips)
Seat 2: 6f02fd52 (53,516 in chips)
Seat 3: c958922e (11,367 in chips)
Seat 4: ec9b5025 (16,081 in chips)
Seat 5: b178517e (9,437 in chips)
Seat 6: Hero (42,356 in chips)
Seat 7: c86e699d (51,815 in chips)
Seat 8: b1f08daf (34,766 in chips)
Hero: posts the ante 150
b1f08daf: posts the ante 150
dc51a5e3: posts the ante 150
b178517e: posts the ante 150
ec9b5025: posts the ante 150
c958922e: posts the ante 150
6f02fd52: posts the ante 150
c86e699d: posts the ante 150
c86e699d: posts small blind 500
b1f08daf: posts big blind 1,000
*** HOLE CARDS ***
Dealt to dc51a5e3 
Dealt to 6f02fd52 
Dealt to c958922e 
Dealt to ec9b5025 
Dealt to b178517e 
Dealt to Hero [Kd Ac]
Dealt to c86e699d 
Dealt to b1f08daf 
dc51a5e3: raises 8,580 to 9,580 and is all-in
6f02fd52: folds
c958922e: folds
ec9b5025: folds
b178517e: folds
Hero: raises 32,626 to 42,206 and is all-in
c86e699d: folds
b1f08daf: calls 33,616 and is all-in
Uncalled bet (7,590) returned to Hero
Hero: shows [Kd Ac]
b1f08daf: shows [7h 7c]
dc51a5e3: shows [5d 5s]
*** FLOP *** [7s Jd 2c]
*** TURN *** [7s Jd 2c] [2s]
*** RIVER *** [7s Jd 2c 2s] [4s]
*** SHOWDOWN ***
b1f08daf collected 30,440 from pot
b1f08daf collected 50,072 from pot
*** SUMMARY ***
Total pot 80,512 | Rake 0 | Jackpot 0 | Bingo 0 | Fortune 0 | Tax 0
Board [7s Jd 2c 2s 4s]
Seat 1: dc51a5e3 showed [5d 5s] and lost with two pair, Fives and Twos
Seat 2: 6f02fd52 folded before Flop
Seat 3: c958922e folded before Flop
Seat 4: ec9b5025 folded before Flop
Seat 5: b178517e folded before Flop
Seat 6: Hero (button) showed [Kd Ac] and lost with a pair of Twos
Seat 7: c86e699d (small blind) folded before Flop
Seat 8: b1f08daf (big blind) showed [7h 7c] and won (80,512) with a full house, Sevens full of Twos


Poker Hand #TM5671309569: Tournament #267951021, Bounty Hunters Special $10.80 Hold'em No Limit - Level14(500/1,000(150)) - 2026/03/06 19:28:52
Table '124' 8-max Seat #5 is the button
Seat 1: dc51a5e3 (9,880 in chips)
Seat 3: c958922e (11,517 in chips)
Seat 4: ec9b5025 (16,231 in chips)
Seat 5: b178517e (9,587 in chips)
Seat 6: Hero (43,006 in chips)
Seat 7: c86e699d (50,415 in chips)
Seat 8: b1f08daf (34,916 in chips)
b1f08daf: posts the ante 150
Hero: posts the ante 150
dc51a5e3: posts the ante 150
b178517e: posts the ante 150
ec9b5025: posts the ante 150
c958922e: posts the ante 150
c86e699d: posts the ante 150
Hero: posts small blind 500
c86e699d: posts big blind 1,000
*** HOLE CARDS ***
Dealt to dc51a5e3 
Dealt to c958922e 
Dealt to ec9b5025 
Dealt to b178517e 
Dealt to Hero [4d 3c]
Dealt to c86e699d 
Dealt to b1f08daf 
b1f08daf: folds
dc51a5e3: folds
c958922e: folds
ec9b5025: folds
b178517e: folds
Hero: folds
Uncalled bet (500) returned to c86e699d
*** SHOWDOWN ***
c86e699d collected 2,050 from pot
*** SUMMARY ***
Total pot 2,050 | Rake 0 | Jackpot 0 | Bingo 0 | Fortune 0 | Tax 0
Seat 1: dc51a5e3 folded before Flop
Seat 3: c958922e folded before Flop
Seat 4: ec9b5025 folded before Flop
Seat 5: b178517e (button) folded before Flop
Seat 6: Hero (small blind) folded before Flop
Seat 7: c86e699d (big blind) collected (2,050)
Seat 8: b1f08daf folded before Flop


Poker Hand #TM5671309550: Tournament #267951021, Bounty Hunters Special $10.80 Hold'em No Limit - Level13(400/800(120)) - 2026/03/06 19:28:04
Table '124' 8-max Seat #4 is the button
Seat 1: dc51a5e3 (10,000 in chips)
Seat 3: c958922e (11,637 in chips)
Seat 4: ec9b5025 (16,351 in chips)
Seat 5: b178517e (10,107 in chips)
Seat 6: Hero (46,192 in chips)
Seat 7: c86e699d (46,229 in chips)
Seat 8: b1f08daf (35,036 in chips)
b1f08daf: posts the ante 120
Hero: posts the ante 120
dc51a5e3: posts the ante 120
b178517e: posts the ante 120
ec9b5025: posts the ante 120
c958922e: posts the ante 120
c86e699d: posts the ante 120
b178517e: posts small blind 400
Hero: posts big blind 800
*** HOLE CARDS ***
Dealt to dc51a5e3 
Dealt to c958922e 
Dealt to ec9b5025 
Dealt to b178517e 
Dealt to Hero [Td 7d]
Dealt to c86e699d 
Dealt to b1f08daf 
c86e699d: calls 800
b1f08daf: folds
dc51a5e3: folds
c958922e: folds
ec9b5025: folds
b178517e: folds
Hero: raises 800 to 1,600
c86e699d: calls 800
*** FLOP *** [4c 8c Qd]
Hero: bets 1,466
c86e699d: calls 1,466
*** TURN *** [4c 8c Qd] [5h]
Hero: checks
c86e699d: bets 3,686
Hero: folds
Uncalled bet (3,686) returned to c86e699d
*** SHOWDOWN ***
c86e699d collected 7,372 from pot
*** SUMMARY ***
Total pot 7,372 | Rake 0 | Jackpot 0 | Bingo 0 | Fortune 0 | Tax 0
Board [4c 8c Qd 5h]
Seat 1: dc51a5e3 folded before Flop
Seat 3: c958922e folded before Flop
Seat 4: ec9b5025 (button) folded before Flop
Seat 5: b178517e (small blind) folded before Flop
Seat 6: Hero (big blind) folded on the Turn
Seat 7: c86e699d won (7,372)
Seat 8: b1f08daf folded before Flop


Poker Hand #TM5671220570: Tournament #267951021, Bounty Hunters Special $10.80 Hold'em No Limit - Level13(400/800(120)) - 2026/03/06 19:27:13
Table '40' 8-max Seat #3 is the button
Seat 1: 5eac7bf5 (46,945 in chips)
Seat 2: 1a3b2f13 (44,209 in chips)
Seat 3: 4a5edbfa (17,546 in chips)
Seat 4: ec0dee8 (13,640 in chips)
Seat 5: 3816fde9 (31,742 in chips)
Seat 6: 6111acea (79,338 in chips)
Seat 7: 19ffc765 (19,180 in chips)
Seat 8: Hero (47,912 in chips)
Hero: posts the ante 120
19ffc765: posts the ante 120
4a5edbfa: posts the ante 120
3816fde9: posts the ante 120
ec0dee8: posts the ante 120
1a3b2f13: posts the ante 120
5eac7bf5: posts the ante 120
6111acea: posts the ante 120
ec0dee8: posts small blind 400
3816fde9: posts big blind 800
*** HOLE CARDS ***
Dealt to 5eac7bf5 
Dealt to 1a3b2f13 
Dealt to 4a5edbfa 
Dealt to ec0dee8 
Dealt to 3816fde9 
Dealt to 6111acea 
Dealt to 19ffc765 
Dealt to Hero [Qh Jh]
6111acea: folds
19ffc765: raises 800 to 1,600
Hero: calls 1,600
5eac7bf5: folds
1a3b2f13: raises 6,400 to 8,000
4a5edbfa: folds
ec0dee8: folds
3816fde9: folds
19ffc765: folds
Hero: folds
Uncalled bet (6,400) returned to 1a3b2f13
*** SHOWDOWN ***
1a3b2f13 collected 6,960 from pot
*** SUMMARY ***
Total pot 6,960 | Rake 0 | Jackpot 0 | Bingo 0 | Fortune 0 | Tax 0
Seat 1: 5eac7bf5 folded before Flop
Seat 2: 1a3b2f13 showed [Ac] and collected (6,960)
Seat 3: 4a5edbfa (button) folded before Flop
Seat 4: ec0dee8 (small blind) folded before Flop
Seat 5: 3816fde9 (big blind) folded before Flop
Seat 6: 6111acea folded before Flop
Seat 7: 19ffc765 folded before Flop
Seat 8: Hero folded before Flop


Poker Hand #TM5671220546: Tournament #267951021, Bounty Hunters Special $10.80 Hold'em No Limit - Level13(400/800(120)) - 2026/03/06 19:26:30
Table '40' 8-max Seat #2 is the button
Seat 1: 5eac7bf5 (48,665 in chips)
Seat 2: 1a3b2f13 (40,569 in chips)
Seat 3: 4a5edbfa (18,066 in chips)
Seat 4: ec0dee8 (14,560 in chips)
Seat 5: 3816fde9 (31,862 in chips)
Seat 6: 6111acea (79,458 in chips)
Seat 7: 19ffc765 (19,300 in chips)
Seat 8: Hero (48,032 in chips)
Hero: posts the ante 120
19ffc765: posts the ante 120
4a5edbfa: posts the ante 120
3816fde9: posts the ante 120
ec0dee8: posts the ante 120
1a3b2f13: posts the ante 120
5eac7bf5: posts the ante 120
6111acea: posts the ante 120
4a5edbfa: posts small blind 400
ec0dee8: posts big blind 800
*** HOLE CARDS ***
Dealt to 5eac7bf5 
Dealt to 1a3b2f13 
Dealt to 4a5edbfa 
Dealt to ec0dee8 
Dealt to 3816fde9 
Dealt to 6111acea 
Dealt to 19ffc765 
Dealt to Hero [4d Ts]
3816fde9: folds
6111acea: folds
19ffc765: folds
Hero: folds
5eac7bf5: raises 800 to 1,600
1a3b2f13: calls 1,600
4a5edbfa: folds
ec0dee8: folds
*** FLOP *** [Qs 5c 6s]
5eac7bf5: checks
1a3b2f13: checks
*** TURN *** [Qs 5c 6s] [8s]
5eac7bf5: checks
1a3b2f13: bets 1,600
5eac7bf5: folds
Uncalled bet (1,600) returned to 1a3b2f13
*** SHOWDOWN ***
1a3b2f13 collected 5,360 from pot
*** SUMMARY ***
Total pot 5,360 | Rake 0 | Jackpot 0 | Bingo 0 | Fortune 0 | Tax 0
Board [Qs 5c 6s 8s]
Seat 1: 5eac7bf5 folded on the Turn
Seat 2: 1a3b2f13 (button) won (5,360)
Seat 3: 4a5edbfa (small blind) folded before Flop
Seat 4: ec0dee8 (big blind) folded before Flop
Seat 5: 3816fde9 folded before Flop
Seat 6: 6111acea folded before Flop
Seat 7: 19ffc765 folded before Flop
Seat 8: Hero folded before Flop


Poker Hand #TM5671220524: Tournament #267951021, Bounty Hunters Special $10.80 Hold'em No Limit - Level13(400/800(120)) - 2026/03/06 19:26:01
Table '40' 8-max Seat #1 is the button
Seat 1: 5eac7bf5 (46,625 in chips)
Seat 2: 1a3b2f13 (41,089 in chips)
Seat 3: 4a5edbfa (18,986 in chips)
Seat 4: ec0dee8 (14,680 in chips)
Seat 5: 3816fde9 (31,982 in chips)
Seat 6: 6111acea (79,578 in chips)
Seat 7: 19ffc765 (19,420 in chips)
Seat 8: Hero (48,152 in chips)
Hero: posts the ante 120
19ffc765: posts the ante 120
4a5edbfa: posts the ante 120
3816fde9: posts the ante 120
ec0dee8: posts the ante 120
1a3b2f13: posts the ante 120
5eac7bf5: posts the ante 120
6111acea: posts the ante 120
1a3b2f13: posts small blind 400
4a5edbfa: posts big blind 800
*** HOLE CARDS ***
Dealt to 5eac7bf5 
Dealt to 1a3b2f13 
Dealt to 4a5edbfa 
Dealt to ec0dee8 
Dealt to 3816fde9 
Dealt to 6111acea 
Dealt to 19ffc765 
Dealt to Hero [Tc 9s]
ec0dee8: folds
3816fde9: folds
6111acea: folds
19ffc765: folds
Hero: folds
5eac7bf5: raises 800 to 1,600
1a3b2f13: folds
4a5edbfa: folds
Uncalled bet (800) returned to 5eac7bf5
*** SHOWDOWN ***
5eac7bf5 collected 2,960 from pot
*** SUMMARY ***
Total pot 2,960 | Rake 0 | Jackpot 0 | Bingo 0 | Fortune 0 | Tax 0
Seat 1: 5eac7bf5 (button) collected (2,960)
Seat 2: 1a3b2f13 (small blind) folded before Flop
Seat 3: 4a5edbfa (big blind) folded before Flop
Seat 4: ec0dee8 folded before Flop
Seat 5: 3816fde9 folded before Flop
Seat 6: 6111acea folded before Flop
Seat 7: 19ffc765 folded before Flop
Seat 8: Hero folded before Flop


Poker Hand #TM5671220510: Tournament #267951021, Bounty Hunters Special $10.80 Hold'em No Limit - Level13(400/800(120)) - 2026/03/06 19:25:40
Table '40' 8-max Seat #8 is the button
Seat 1: 5eac7bf5 (47,145 in chips)
Seat 2: 1a3b2f13 (42,009 in chips)
Seat 3: 4a5edbfa (19,106 in chips)
Seat 4: ec0dee8 (14,800 in chips)
Seat 5: 3816fde9 (32,102 in chips)
Seat 6: 6111acea (79,698 in chips)
Seat 7: 19ffc765 (17,380 in chips)
Seat 8: Hero (48,272 in chips)
Hero: posts the ante 120
19ffc765: posts the ante 120
4a5edbfa: posts the ante 120
3816fde9: posts the ante 120
ec0dee8: posts the ante 120
1a3b2f13: posts the ante 120
6111acea: posts the ante 120
5eac7bf5: posts the ante 120
5eac7bf5: posts small blind 400
1a3b2f13: posts big blind 800
*** HOLE CARDS ***
Dealt to 5eac7bf5 
Dealt to 1a3b2f13 
Dealt to 4a5edbfa 
Dealt to ec0dee8 
Dealt to 3816fde9 
Dealt to 6111acea 
Dealt to 19ffc765 
Dealt to Hero [6h Tc]
4a5edbfa: folds
ec0dee8: folds
3816fde9: folds
6111acea: folds
19ffc765: raises 16,460 to 17,260 and is all-in
Hero: folds
5eac7bf5: folds
1a3b2f13: folds
Uncalled bet (16,460) returned to 19ffc765
*** SHOWDOWN ***
19ffc765 collected 2,960 from pot
*** SUMMARY ***
Total pot 2,960 | Rake 0 | Jackpot 0 | Bingo 0 | Fortune 0 | Tax 0
Seat 1: 5eac7bf5 (small blind) folded before Flop
Seat 2: 1a3b2f13 (big blind) folded before Flop
Seat 3: 4a5edbfa folded before Flop
Seat 4: ec0dee8 folded before Flop
Seat 5: 3816fde9 folded before Flop
Seat 6: 6111acea folded before Flop
Seat 7: 19ffc765 collected (2,960)
Seat 8: Hero (button) folded before Flop


Poker Hand #TM5671220484: Tournament #267951021, Bounty Hunters Special $10.80 Hold'em No Limit - Level13(400/800(120)) - 2026/03/06 19:24:59
Table '40' 8-max Seat #7 is the button
Seat 1: 5eac7bf5 (43,225 in chips)
Seat 2: 1a3b2f13 (43,729 in chips)
Seat 4: ec0dee8 (14,920 in chips)
Seat 5: 3816fde9 (32,222 in chips)
Seat 6: 6111acea (79,818 in chips)
Seat 7: 19ffc765 (17,500 in chips)
Seat 8: Hero (49,992 in chips)
19ffc765: posts the ante 120
Hero: posts the ante 120
3816fde9: posts the ante 120
ec0dee8: posts the ante 120
1a3b2f13: posts the ante 120
6111acea: posts the ante 120
5eac7bf5: posts the ante 120
Hero: posts small blind 400
5eac7bf5: posts big blind 800
*** HOLE CARDS ***
Dealt to 5eac7bf5 
Dealt to 1a3b2f13 
Dealt to ec0dee8 
Dealt to 3816fde9 
Dealt to 6111acea 
Dealt to 19ffc765 
Dealt to Hero [8c 9c]
1a3b2f13: raises 800 to 1,600
ec0dee8: folds
3816fde9: folds
6111acea: folds
19ffc765: folds
Hero: calls 1,200
5eac7bf5: raises 7,050 to 8,650
1a3b2f13: folds
Hero: folds
Uncalled bet (7,050) returned to 5eac7bf5
*** SHOWDOWN ***
5eac7bf5 collected 5,640 from pot
*** SUMMARY ***
Total pot 5,640 | Rake 0 | Jackpot 0 | Bingo 0 | Fortune 0 | Tax 0
Seat 1: 5eac7bf5 (big blind) collected (5,640)
Seat 2: 1a3b2f13 folded before Flop
Seat 4: ec0dee8 folded before Flop
Seat 5: 3816fde9 folded before Flop
Seat 6: 6111acea folded before Flop
Seat 7: 19ffc765 (button) folded before Flop
Seat 8: Hero (small blind) folded before Flop


Poker Hand #TM5671220444: Tournament #267951021, Bounty Hunters Special $10.80 Hold'em No Limit - Level13(400/800(120)) - 2026/03/06 19:23:44
Table '40' 8-max Seat #6 is the button
Seat 1: 5eac7bf5 (43,345 in chips)
Seat 2: 1a3b2f13 (43,849 in chips)
Seat 3: 886b8c6f (24,260 in chips)
Seat 4: ec0dee8 (15,040 in chips)
Seat 5: 3816fde9 (32,342 in chips)
Seat 6: 6111acea (79,938 in chips)
Seat 7: 19ffc765 (18,020 in chips)
Seat 8: Hero (24,612 in chips)
Hero: posts the ante 120
19ffc765: posts the ante 120
886b8c6f: posts the ante 120
3816fde9: posts the ante 120
ec0dee8: posts the ante 120
1a3b2f13: posts the ante 120
6111acea: posts the ante 120
5eac7bf5: posts the ante 120
19ffc765: posts small blind 400
Hero: posts big blind 800
*** HOLE CARDS ***
Dealt to 5eac7bf5 
Dealt to 1a3b2f13 
Dealt to 886b8c6f 
Dealt to ec0dee8 
Dealt to 3816fde9 
Dealt to 6111acea 
Dealt to 19ffc765 
Dealt to Hero [Qc Qd]
5eac7bf5: folds
1a3b2f13: folds
886b8c6f: raises 800 to 1,600
ec0dee8: folds
3816fde9: folds
6111acea: folds
19ffc765: folds
Hero: raises 22,892 to 24,492 and is all-in
886b8c6f: calls 22,540 and is all-in
Uncalled bet (352) returned to Hero
Hero: shows [Qc Qd]
886b8c6f: shows [6s 6c]
*** FLOP *** [Jc 3h Tc]
*** TURN *** [Jc 3h Tc] [As]
*** RIVER *** [Jc 3h Tc As] [8d]
*** SHOWDOWN ***
Hero collected 49,640 from pot
*** SUMMARY ***
Total pot 49,640 | Rake 0 | Jackpot 0 | Bingo 0 | Fortune 0 | Tax 0
Board [Jc 3h Tc As 8d]
Seat 1: 5eac7bf5 folded before Flop
Seat 2: 1a3b2f13 folded before Flop
Seat 3: 886b8c6f showed [6s 6c] and lost with a pair of Sixes
Seat 4: ec0dee8 folded before Flop
Seat 5: 3816fde9 folded before Flop
Seat 6: 6111acea (button) folded before Flop
Seat 7: 19ffc765 (small blind) folded before Flop
Seat 8: Hero (big blind) showed [Qc Qd] and won (49,640) with a pair of Queens


Poker Hand #TM5671220413: Tournament #267951021, Bounty Hunters Special $10.80 Hold'em No Limit - Level13(400/800(120)) - 2026/03/06 19:22:58
Table '40' 8-max Seat #5 is the button
Seat 1: 5eac7bf5 (43,465 in chips)
Seat 2: 1a3b2f13 (45,569 in chips)
Seat 3: 886b8c6f (10,370 in chips)
Seat 4: ec0dee8 (15,160 in chips)
Seat 5: 3816fde9 (32,462 in chips)
Seat 6: 6111acea (80,458 in chips)
Seat 7: 19ffc765 (18,940 in chips)
Seat 8: Hero (34,982 in chips)
Hero: posts the ante 120
19ffc765: posts the ante 120
886b8c6f: posts the ante 120
3816fde9: posts the ante 120
ec0dee8: posts the ante 120
1a3b2f13: posts the ante 120
5eac7bf5: posts the ante 120
6111acea: posts the ante 120
6111acea: posts small blind 400
19ffc765: posts big blind 800
*** HOLE CARDS ***
Dealt to 5eac7bf5 
Dealt to 1a3b2f13 
Dealt to 886b8c6f 
Dealt to ec0dee8 
Dealt to 3816fde9 
Dealt to 6111acea 
Dealt to 19ffc765 
Dealt to Hero [7h Ah]
Hero: raises 800 to 1,600
5eac7bf5: folds
1a3b2f13: calls 1,600
886b8c6f: raises 8,650 to 10,250 and is all-in
ec0dee8: folds
3816fde9: folds
6111acea: folds
19ffc765: folds
Hero: raises 20,950 to 31,200
1a3b2f13: folds
Uncalled bet (20,950) returned to Hero
Hero: shows [7h Ah]
886b8c6f: shows [Ac Td]
*** FLOP *** [Kh Th 2d]
*** TURN *** [Kh Th 2d] [As]
*** RIVER *** [Kh Th 2d As] [6d]
*** SHOWDOWN ***
886b8c6f collected 24,260 from pot
*** SUMMARY ***
Total pot 24,260 | Rake 0 | Jackpot 0 | Bingo 0 | Fortune 0 | Tax 0
Board [Kh Th 2d As 6d]
Seat 1: 5eac7bf5 folded before Flop
Seat 2: 1a3b2f13 folded before Flop
Seat 3: 886b8c6f showed [Ac Td] and won (24,260) with two pair, Aces and Tens
Seat 4: ec0dee8 folded before Flop
Seat 5: 3816fde9 (button) folded before Flop
Seat 6: 6111acea (small blind) folded before Flop
Seat 7: 19ffc765 (big blind) folded before Flop
Seat 8: Hero showed [7h Ah] and lost with a pair of Aces


Poker Hand #TM5671220390: Tournament #267951021, Bounty Hunters Special $10.80 Hold'em No Limit - Level13(400/800(120)) - 2026/03/06 19:22:18
Table '40' 8-max Seat #4 is the button
Seat 1: 5eac7bf5 (43,585 in chips)
Seat 2: 1a3b2f13 (45,689 in chips)
Seat 3: 886b8c6f (8,330 in chips)
Seat 4: ec0dee8 (15,280 in chips)
Seat 5: 3816fde9 (32,982 in chips)
Seat 6: 6111acea (81,378 in chips)
Seat 7: 19ffc765 (19,060 in chips)
Seat 8: Hero (35,102 in chips)
Hero: posts the ante 120
19ffc765: posts the ante 120
886b8c6f: posts the ante 120
3816fde9: posts the ante 120
ec0dee8: posts the ante 120
1a3b2f13: posts the ante 120
5eac7bf5: posts the ante 120
6111acea: posts the ante 120
3816fde9: posts small blind 400
6111acea: posts big blind 800
*** HOLE CARDS ***
Dealt to 5eac7bf5 
Dealt to 1a3b2f13 
Dealt to 886b8c6f 
Dealt to ec0dee8 
Dealt to 3816fde9 
Dealt to 6111acea 
Dealt to 19ffc765 
Dealt to Hero [Tc 8h]
19ffc765: folds
Hero: folds
5eac7bf5: folds
1a3b2f13: folds
886b8c6f: raises 7,410 to 8,210 and is all-in
ec0dee8: folds
3816fde9: folds
6111acea: folds
Uncalled bet (7,410) returned to 886b8c6f
*** SHOWDOWN ***
886b8c6f collected 2,960 from pot
*** SUMMARY ***
Total pot 2,960 | Rake 0 | Jackpot 0 | Bingo 0 | Fortune 0 | Tax 0
Seat 1: 5eac7bf5 folded before Flop
Seat 2: 1a3b2f13 folded before Flop
Seat 3: 886b8c6f collected (2,960)
Seat 4: ec0dee8 (button) folded before Flop
Seat 5: 3816fde9 (small blind) folded before Flop
Seat 6: 6111acea (big blind) folded before Flop
Seat 7: 19ffc765 folded before Flop
Seat 8: Hero folded before Flop


Poker Hand #TM5671220364: Tournament #267951021, Bounty Hunters Special $10.80 Hold'em No Limit - Level13(400/800(120)) - 2026/03/06 19:21:40
Table '40' 8-max Seat #3 is the button
Seat 2: 1a3b2f13 (45,809 in chips)
Seat 3: 886b8c6f (8,450 in chips)
Seat 4: ec0dee8 (15,800 in chips)
Seat 5: 3816fde9 (34,702 in chips)
Seat 6: 6111acea (81,498 in chips)
Seat 7: 19ffc765 (19,180 in chips)
Seat 8: Hero (32,382 in chips)
Hero: posts the ante 120
19ffc765: posts the ante 120
886b8c6f: posts the ante 120
3816fde9: posts the ante 120
ec0dee8: posts the ante 120
1a3b2f13: posts the ante 120
6111acea: posts the ante 120
ec0dee8: posts small blind 400
3816fde9: posts big blind 800
*** HOLE CARDS ***
Dealt to 1a3b2f13 
Dealt to 886b8c6f 
Dealt to ec0dee8 
Dealt to 3816fde9 
Dealt to 6111acea 
Dealt to 19ffc765 
Dealt to Hero [7d Ac]
6111acea: folds
19ffc765: folds
Hero: raises 800 to 1,600
1a3b2f13: folds
886b8c6f: folds
ec0dee8: folds
3816fde9: calls 800
*** FLOP *** [8c 8s Th]
3816fde9: checks
Hero: checks
*** TURN *** [8c 8s Th] [Qd]
3816fde9: checks
Hero: bets 2,220
3816fde9: folds
Uncalled bet (2,220) returned to Hero
*** SHOWDOWN ***
Hero collected 4,440 from pot
*** SUMMARY ***
Total pot 4,440 | Rake 0 | Jackpot 0 | Bingo 0 | Fortune 0 | Tax 0
Board [8c 8s Th Qd]
Seat 2: 1a3b2f13 folded before Flop
Seat 3: 886b8c6f (button) folded before Flop
Seat 4: ec0dee8 (small blind) folded before Flop
Seat 5: 3816fde9 (big blind) folded on the Turn
Seat 6: 6111acea folded before Flop
Seat 7: 19ffc765 folded before Flop
Seat 8: Hero won (4,440)


Poker Hand #TM5671115390: Tournament #267951021, Bounty Hunters Special $10.80 Hold'em No Limit - Level12(350/700(100)) - 2026/03/06 19:20:05
Table '44' 8-max Seat #2 is the button
Seat 1: df9bc914 (12,158 in chips)
Seat 2: 8e334e28 (42,323 in chips)
Seat 3: ddb91b88 (92,257 in chips)
Seat 4: 610bd4b7 (41,643 in chips)
Seat 5: 255f68a1 (8,350 in chips)
Seat 6: 87bf021b (23,712 in chips)
Seat 7: Hero (32,482 in chips)
Seat 8: 6e11cb5f (9,900 in chips)
Hero: posts the ante 100
8e334e28: posts the ante 100
610bd4b7: posts the ante 100
6e11cb5f: posts the ante 100
87bf021b: posts the ante 100
255f68a1: posts the ante 100
df9bc914: posts the ante 100
ddb91b88: posts the ante 100
ddb91b88: posts small blind 350
610bd4b7: posts big blind 700
*** HOLE CARDS ***
Dealt to df9bc914 
Dealt to 8e334e28 
Dealt to ddb91b88 
Dealt to 610bd4b7 
Dealt to 255f68a1 
Dealt to 87bf021b 
Dealt to Hero [4h Qc]
Dealt to 6e11cb5f 
255f68a1: raises 7,550 to 8,250 and is all-in
87bf021b: raises 15,362 to 23,612 and is all-in
Hero: folds
6e11cb5f: folds
df9bc914: calls 12,058 and is all-in
8e334e28: folds
ddb91b88: folds
610bd4b7: folds
Uncalled bet (11,554) returned to 87bf021b
87bf021b: shows [Kd Ah]
df9bc914: shows [Qd As]
255f68a1: shows [6c 7c]
*** FLOP *** [9d Jd Kh]
*** TURN *** [9d Jd Kh] [2h]
*** RIVER *** [9d Jd Kh 2h] [Qh]
*** SHOWDOWN ***
87bf021b collected 26,600 from pot
87bf021b collected 7,616 from pot
*** SUMMARY ***
Total pot 34,216 | Rake 0 | Jackpot 0 | Bingo 0 | Fortune 0 | Tax 0
Board [9d Jd Kh 2h Qh]
Seat 1: df9bc914 showed [Qd As] and lost with a pair of Queens
Seat 2: 8e334e28 (button) folded before Flop
Seat 3: ddb91b88 (small blind) folded before Flop
Seat 4: 610bd4b7 (big blind) folded before Flop
Seat 5: 255f68a1 showed [6c 7c] and lost with King high
Seat 6: 87bf021b showed [Kd Ah] and won (34,216) with a pair of Kings
Seat 7: Hero folded before Flop
Seat 8: 6e11cb5f folded before Flop


Poker Hand #TM5671115372: Tournament #267951021, Bounty Hunters Special $10.80 Hold'em No Limit - Level12(350/700(100)) - 2026/03/06 19:19:35
Table '44' 8-max Seat #1 is the button
Seat 1: df9bc914 (12,258 in chips)
Seat 2: 8e334e28 (42,773 in chips)
Seat 3: ddb91b88 (93,757 in chips)
Seat 4: 610bd4b7 (41,743 in chips)
Seat 5: 255f68a1 (8,450 in chips)
Seat 6: 87bf021b (23,812 in chips)
Seat 7: Hero (30,032 in chips)
Seat 8: 6e11cb5f (10,000 in chips)
Hero: posts the ante 100
610bd4b7: posts the ante 100
8e334e28: posts the ante 100
6e11cb5f: posts the ante 100
87bf021b: posts the ante 100
255f68a1: posts the ante 100
df9bc914: posts the ante 100
ddb91b88: posts the ante 100
8e334e28: posts small blind 350
ddb91b88: posts big blind 700
*** HOLE CARDS ***
Dealt to df9bc914 
Dealt to 8e334e28 
Dealt to ddb91b88 
Dealt to 610bd4b7 
Dealt to 255f68a1 
Dealt to 87bf021b 
Dealt to Hero [7s As]
Dealt to 6e11cb5f 
610bd4b7: folds
255f68a1: folds
87bf021b: folds
Hero: raises 700 to 1,400
6e11cb5f: folds
df9bc914: folds
8e334e28: folds
ddb91b88: calls 700
*** FLOP *** [9h 4s Qc]
ddb91b88: checks
Hero: bets 1,304
ddb91b88: folds
Uncalled bet (1,304) returned to Hero
*** SHOWDOWN ***
Hero collected 3,950 from pot
*** SUMMARY ***
Total pot 3,950 | Rake 0 | Jackpot 0 | Bingo 0 | Fortune 0 | Tax 0
Board [9h 4s Qc]
Seat 1: df9bc914 (button) folded before Flop
Seat 2: 8e334e28 (small blind) folded before Flop
Seat 3: ddb91b88 (big blind) folded on the Flop
Seat 4: 610bd4b7 folded before Flop
Seat 5: 255f68a1 folded before Flop
Seat 6: 87bf021b folded before Flop
Seat 7: Hero won (3,950)
Seat 8: 6e11cb5f folded before Flop


Poker Hand #TM5671115294: Tournament #267951021, Bounty Hunters Special $10.80 Hold'em No Limit - Level12(350/700(100)) - 2026/03/06 19:17:37
Table '44' 8-max Seat #7 is the button
Seat 1: df9bc914 (12,708 in chips)
Seat 2: 8e334e28 (51,973 in chips)
Seat 3: ddb91b88 (93,857 in chips)
Seat 4: 610bd4b7 (41,843 in chips)
Seat 5: 255f68a1 (8,550 in chips)
Seat 6: 87bf021b (23,912 in chips)
Seat 7: Hero (19,982 in chips)
Hero: posts the ante 100
610bd4b7: posts the ante 100
8e334e28: posts the ante 100
87bf021b: posts the ante 100
255f68a1: posts the ante 100
df9bc914: posts the ante 100
ddb91b88: posts the ante 100
df9bc914: posts small blind 350
8e334e28: posts big blind 700
*** HOLE CARDS ***
Dealt to df9bc914 
Dealt to 8e334e28 
Dealt to ddb91b88 
Dealt to 610bd4b7 
Dealt to 255f68a1 
Dealt to 87bf021b 
Dealt to Hero [Ac 5d]
ddb91b88: folds
610bd4b7: folds
255f68a1: folds
87bf021b: folds
Hero: raises 700 to 1,400
df9bc914: folds
8e334e28: calls 700
*** FLOP *** [Jd Td 2s]
8e334e28: checks
Hero: bets 1,925
8e334e28: calls 1,925
*** TURN *** [Jd Td 2s] [2h]
8e334e28: checks
Hero: checks
*** RIVER *** [Jd Td 2s 2h] [2d]
8e334e28: bets 5,775
Hero: calls 5,775
8e334e28: shows [Kc 9d] (three of a kind, Twos)
Hero: shows [Ac 5d] (three of a kind, Twos)
*** SHOWDOWN ***
Hero collected 19,250 from pot
*** SUMMARY ***
Total pot 19,250 | Rake 0 | Jackpot 0 | Bingo 0 | Fortune 0 | Tax 0
Board [Jd Td 2s 2h 2d]
Seat 1: df9bc914 (small blind) folded before Flop
Seat 2: 8e334e28 (big blind) showed [Kc 9d] and lost with three of a kind, Twos
Seat 3: ddb91b88 folded before Flop
Seat 4: 610bd4b7 folded before Flop
Seat 5: 255f68a1 folded before Flop
Seat 6: 87bf021b folded before Flop
Seat 7: Hero (button) showed [Ac 5d] and won (19,250) with three of a kind, Twos


Poker Hand #TM5671115241: Tournament #267951021, Bounty Hunters Special $10.80 Hold'em No Limit - Level12(350/700(100)) - 2026/03/06 19:16:19
Table '44' 8-max Seat #6 is the button
Seat 1: df9bc914 (12,808 in chips)
Seat 2: 8e334e28 (52,073 in chips)
Seat 3: ddb91b88 (93,957 in chips)
Seat 4: 610bd4b7 (24,785 in chips)
Seat 5: 255f68a1 (8,650 in chips)
Seat 6: 87bf021b (24,012 in chips)
Seat 7: Hero (20,432 in chips)
Seat 8: b60db4f7 (16,108 in chips)
Hero: posts the ante 100
610bd4b7: posts the ante 100
8e334e28: posts the ante 100
87bf021b: posts the ante 100
255f68a1: posts the ante 100
df9bc914: posts the ante 100
ddb91b88: posts the ante 100
b60db4f7: posts the ante 100
Hero: posts small blind 350
b60db4f7: posts big blind 700
*** HOLE CARDS ***
Dealt to df9bc914 
Dealt to 8e334e28 
Dealt to ddb91b88 
Dealt to 610bd4b7 
Dealt to 255f68a1 
Dealt to 87bf021b 
Dealt to Hero [9d Ac]
Dealt to b60db4f7 
df9bc914: folds
8e334e28: folds
ddb91b88: folds
610bd4b7: raises 700 to 1,400
255f68a1: folds
87bf021b: folds
Hero: folds
b60db4f7: calls 700
*** FLOP *** [Qh Td 7c]
b60db4f7: checks
610bd4b7: bets 2,450
b60db4f7: calls 2,450
*** TURN *** [Qh Td 7c] [9h]
b60db4f7: bets 12,158 and is all-in
610bd4b7: calls 12,158
b60db4f7: shows [Th Kc] (a pair of Tens)
610bd4b7: shows [As Qs] (a pair of Queens)
*** RIVER *** [Qh Td 7c 9h] [Qc]
*** SHOWDOWN ***
610bd4b7 collected 33,166 from pot
*** SUMMARY ***
Total pot 33,166 | Rake 0 | Jackpot 0 | Bingo 0 | Fortune 0 | Tax 0
Board [Qh Td 7c 9h Qc]
Seat 1: df9bc914 folded before Flop
Seat 2: 8e334e28 folded before Flop
Seat 3: ddb91b88 folded before Flop
Seat 4: 610bd4b7 showed [As Qs] and won (33,166) with three of a kind, Queens
Seat 5: 255f68a1 folded before Flop
Seat 6: 87bf021b (button) folded before Flop
Seat 7: Hero (small blind) folded before Flop
Seat 8: b60db4f7 (big blind) showed [Th Kc] and lost with two pair, Queens and Tens


Poker Hand #TM5671115210: Tournament #267951021, Bounty Hunters Special $10.80 Hold'em No Limit - Level12(350/700(100)) - 2026/03/06 19:15:35
Table '44' 8-max Seat #5 is the button
Seat 1: df9bc914 (12,908 in chips)
Seat 2: 8e334e28 (52,173 in chips)
Seat 3: ddb91b88 (96,857 in chips)
Seat 4: 610bd4b7 (24,885 in chips)
Seat 5: 255f68a1 (8,750 in chips)
Seat 6: 87bf021b (24,462 in chips)
Seat 7: Hero (16,582 in chips)
Seat 8: b60db4f7 (16,208 in chips)
Hero: posts the ante 100
610bd4b7: posts the ante 100
8e334e28: posts the ante 100
87bf021b: posts the ante 100
255f68a1: posts the ante 100
df9bc914: posts the ante 100
ddb91b88: posts the ante 100
b60db4f7: posts the ante 100
87bf021b: posts small blind 350
Hero: posts big blind 700
*** HOLE CARDS ***
Dealt to df9bc914 
Dealt to 8e334e28 
Dealt to ddb91b88 
Dealt to 610bd4b7 
Dealt to 255f68a1 
Dealt to 87bf021b 
Dealt to Hero [Kd Qs]
Dealt to b60db4f7 
b60db4f7: folds
df9bc914: folds
8e334e28: folds
ddb91b88: calls 700
610bd4b7: folds
255f68a1: folds
87bf021b: folds
Hero: raises 2,100 to 2,800
ddb91b88: calls 2,100
*** FLOP *** [Kc Ah 4s]
Hero: bets 2,228
ddb91b88: folds
Uncalled bet (2,228) returned to Hero
*** SHOWDOWN ***
Hero collected 6,750 from pot
*** SUMMARY ***
Total pot 6,750 | Rake 0 | Jackpot 0 | Bingo 0 | Fortune 0 | Tax 0
Board [Kc Ah 4s]
Seat 1: df9bc914 folded before Flop
Seat 2: 8e334e28 folded before Flop
Seat 3: ddb91b88 folded on the Flop
Seat 4: 610bd4b7 folded before Flop
Seat 5: 255f68a1 (button) folded before Flop
Seat 6: 87bf021b (small blind) folded before Flop
Seat 7: Hero (big blind) won (6,750)
Seat 8: b60db4f7 folded before Flop


Poker Hand #TM5671115188: Tournament #267951021, Bounty Hunters Special $10.80 Hold'em No Limit - Level12(350/700(100)) - 2026/03/06 19:15:03
Table '44' 8-max Seat #4 is the button
Seat 1: df9bc914 (13,008 in chips)
Seat 2: 8e334e28 (52,273 in chips)
Seat 3: ddb91b88 (96,957 in chips)
Seat 4: 610bd4b7 (24,985 in chips)
Seat 5: 255f68a1 (9,200 in chips)
Seat 6: 87bf021b (23,412 in chips)
Seat 7: Hero (16,682 in chips)
Seat 8: b60db4f7 (16,308 in chips)
Hero: posts the ante 100
610bd4b7: posts the ante 100
8e334e28: posts the ante 100
87bf021b: posts the ante 100
255f68a1: posts the ante 100
df9bc914: posts the ante 100
ddb91b88: posts the ante 100
b60db4f7: posts the ante 100
255f68a1: posts small blind 350
87bf021b: posts big blind 700
*** HOLE CARDS ***
Dealt to df9bc914 
Dealt to 8e334e28 
Dealt to ddb91b88 
Dealt to 610bd4b7 
Dealt to 255f68a1 
Dealt to 87bf021b 
Dealt to Hero [7s 5c]
Dealt to b60db4f7 
Hero: folds
b60db4f7: folds
df9bc914: folds
8e334e28: folds
ddb91b88: folds
610bd4b7: folds
255f68a1: folds
Uncalled bet (350) returned to 87bf021b
*** SHOWDOWN ***
87bf021b collected 1,500 from pot
*** SUMMARY ***
Total pot 1,500 | Rake 0 | Jackpot 0 | Bingo 0 | Fortune 0 | Tax 0
Seat 1: df9bc914 folded before Flop
Seat 2: 8e334e28 folded before Flop
Seat 3: ddb91b88 folded before Flop
Seat 4: 610bd4b7 (button) folded before Flop
Seat 5: 255f68a1 (small blind) folded before Flop
Seat 6: 87bf021b (big blind) collected (1,500)
Seat 7: Hero folded before Flop
Seat 8: b60db4f7 folded before Flop


Poker Hand #TM5671115158: Tournament #267951021, Bounty Hunters Special $10.80 Hold'em No Limit - Level12(350/700(100)) - 2026/03/06 19:14:14
Table '44' 8-max Seat #3 is the button
Seat 1: df9bc914 (13,108 in chips)
Seat 2: 8e334e28 (52,373 in chips)
Seat 3: ddb91b88 (95,207 in chips)
Seat 4: 610bd4b7 (25,435 in chips)
Seat 5: 255f68a1 (10,000 in chips)
Seat 6: 87bf021b (23,512 in chips)
Seat 7: Hero (16,782 in chips)
Seat 8: b60db4f7 (16,408 in chips)
Hero: posts the ante 100
8e334e28: posts the ante 100
610bd4b7: posts the ante 100
87bf021b: posts the ante 100
255f68a1: posts the ante 100
df9bc914: posts the ante 100
ddb91b88: posts the ante 100
b60db4f7: posts the ante 100
610bd4b7: posts small blind 350
255f68a1: posts big blind 700
*** HOLE CARDS ***
Dealt to df9bc914 
Dealt to 8e334e28 
Dealt to ddb91b88 
Dealt to 610bd4b7 
Dealt to 255f68a1 
Dealt to 87bf021b 
Dealt to Hero [4c Qs]
Dealt to b60db4f7 
87bf021b: folds
Hero: folds
b60db4f7: folds
df9bc914: folds
8e334e28: folds
ddb91b88: raises 1,400 to 2,100
610bd4b7: folds
255f68a1: folds
Uncalled bet (1,400) returned to ddb91b88
*** SHOWDOWN ***
ddb91b88 collected 2,550 from pot
*** SUMMARY ***
Total pot 2,550 | Rake 0 | Jackpot 0 | Bingo 0 | Fortune 0 | Tax 0
Seat 1: df9bc914 folded before Flop
Seat 2: 8e334e28 folded before Flop
Seat 3: ddb91b88 (button) collected (2,550)
Seat 4: 610bd4b7 (small blind) folded before Flop
Seat 5: 255f68a1 (big blind) folded before Flop
Seat 6: 87bf021b folded before Flop
Seat 7: Hero folded before Flop
Seat 8: b60db4f7 folded before Flop


Poker Hand #TM5671115120: Tournament #267951021, Bounty Hunters Special $10.80 Hold'em No Limit - Level12(350/700(100)) - 2026/03/06 19:13:19
Table '44' 8-max Seat #2 is the button
Seat 1: df9bc914 (13,208 in chips)
Seat 2: 8e334e28 (53,873 in chips)
Seat 3: ddb91b88 (95,657 in chips)
Seat 4: 610bd4b7 (23,085 in chips)
Seat 6: 87bf021b (23,612 in chips)
Seat 7: Hero (16,882 in chips)
Seat 8: b60db4f7 (16,508 in chips)
Hero: posts the ante 100
8e334e28: posts the ante 100
610bd4b7: posts the ante 100
87bf021b: posts the ante 100
df9bc914: posts the ante 100
b60db4f7: posts the ante 100
ddb91b88: posts the ante 100
ddb91b88: posts small blind 350
610bd4b7: posts big blind 700
*** HOLE CARDS ***
Dealt to df9bc914 
Dealt to 8e334e28 
Dealt to ddb91b88 
Dealt to 610bd4b7 
Dealt to 87bf021b 
Dealt to Hero [8s 2c]
Dealt to b60db4f7 
87bf021b: folds
Hero: folds
b60db4f7: folds
df9bc914: folds
8e334e28: raises 700 to 1,400
ddb91b88: folds
610bd4b7: raises 21,585 to 22,985 and is all-in
8e334e28: folds
Uncalled bet (21,585) returned to 610bd4b7
*** SHOWDOWN ***
610bd4b7 collected 3,850 from pot
*** SUMMARY ***
Total pot 3,850 | Rake 0 | Jackpot 0 | Bingo 0 | Fortune 0 | Tax 0
Seat 1: df9bc914 folded before Flop
Seat 2: 8e334e28 (button) folded before Flop
Seat 3: ddb91b88 (small blind) folded before Flop
Seat 4: 610bd4b7 (big blind) collected (3,850)
Seat 6: 87bf021b folded before Flop
Seat 7: Hero folded before Flop
Seat 8: b60db4f7 folded before Flop


Poker Hand #TM5671115097: Tournament #267951021, Bounty Hunters Special $10.80 Hold'em No Limit - Level12(350/700(100)) - 2026/03/06 19:12:46
Table '44' 8-max Seat #1 is the button
Seat 1: df9bc914 (13,308 in chips)
Seat 2: 8e334e28 (54,323 in chips)
Seat 3: ddb91b88 (97,157 in chips)
Seat 4: 610bd4b7 (23,185 in chips)
Seat 6: 87bf021b (23,712 in chips)
Seat 7: Hero (14,532 in chips)
Seat 8: b60db4f7 (16,608 in chips)
Hero: posts the ante 100
610bd4b7: posts the ante 100
8e334e28: posts the ante 100
87bf021b: posts the ante 100
df9bc914: posts the ante 100
b60db4f7: posts the ante 100
ddb91b88: posts the ante 100
8e334e28: posts small blind 350
ddb91b88: posts big blind 700
*** HOLE CARDS ***
Dealt to df9bc914 
Dealt to 8e334e28 
Dealt to ddb91b88 
Dealt to 610bd4b7 
Dealt to 87bf021b 
Dealt to Hero [Kd Ad]
Dealt to b60db4f7 
610bd4b7: folds
87bf021b: folds
Hero: raises 700 to 1,400
b60db4f7: folds
df9bc914: folds
8e334e28: folds
ddb91b88: calls 700
*** FLOP *** [4h Ts 4s]
ddb91b88: checks
Hero: bets 1,271
ddb91b88: folds
Uncalled bet (1,271) returned to Hero
*** SHOWDOWN ***
Hero collected 3,850 from pot
*** SUMMARY ***
Total pot 3,850 | Rake 0 | Jackpot 0 | Bingo 0 | Fortune 0 | Tax 0
Board [4h Ts 4s]
Seat 1: df9bc914 (button) folded before Flop
Seat 2: 8e334e28 (small blind) folded before Flop
Seat 3: ddb91b88 (big blind) folded on the Flop
Seat 4: 610bd4b7 folded before Flop
Seat 6: 87bf021b folded before Flop
Seat 7: Hero won (3,850)
Seat 8: b60db4f7 folded before Flop


Poker Hand #TM5671115067: Tournament #267951021, Bounty Hunters Special $10.80 Hold'em No Limit - Level11(300/600(90)) - 2026/03/06 19:12:01
Table '44' 8-max Seat #8 is the button
Seat 1: df9bc914 (12,168 in chips)
Seat 2: 8e334e28 (55,013 in chips)
Seat 3: ddb91b88 (97,247 in chips)
Seat 4: 610bd4b7 (23,275 in chips)
Seat 6: 87bf021b (23,802 in chips)
Seat 7: Hero (14,622 in chips)
Seat 8: b60db4f7 (16,698 in chips)
Hero: posts the ante 90
610bd4b7: posts the ante 90
8e334e28: posts the ante 90
87bf021b: posts the ante 90
df9bc914: posts the ante 90
b60db4f7: posts the ante 90
ddb91b88: posts the ante 90
df9bc914: posts small blind 300
8e334e28: posts big blind 600
*** HOLE CARDS ***
Dealt to df9bc914 
Dealt to 8e334e28 
Dealt to ddb91b88 
Dealt to 610bd4b7 
Dealt to 87bf021b 
Dealt to Hero [9d 6s]
Dealt to b60db4f7 
ddb91b88: folds
610bd4b7: folds
87bf021b: folds
Hero: folds
b60db4f7: folds
df9bc914: raises 1,200 to 1,800
8e334e28: folds
Uncalled bet (1,200) returned to df9bc914
*** SHOWDOWN ***
df9bc914 collected 1,830 from pot
*** SUMMARY ***
Total pot 1,830 | Rake 0 | Jackpot 0 | Bingo 0 | Fortune 0 | Tax 0
Seat 1: df9bc914 (small blind) collected (1,830)
Seat 2: 8e334e28 (big blind) folded before Flop
Seat 3: ddb91b88 folded before Flop
Seat 4: 610bd4b7 folded before Flop
Seat 6: 87bf021b folded before Flop
Seat 7: Hero folded before Flop
Seat 8: b60db4f7 (button) folded before Flop


Poker Hand #TM5671115031: Tournament #267951021, Bounty Hunters Special $10.80 Hold'em No Limit - Level11(300/600(90)) - 2026/03/06 19:11:09
Table '44' 8-max Seat #7 is the button
Seat 1: df9bc914 (12,858 in chips)
Seat 2: 8e334e28 (30,759 in chips)
Seat 3: ddb91b88 (97,337 in chips)
Seat 4: 610bd4b7 (23,365 in chips)
Seat 5: 104bebc0 (22,814 in chips)
Seat 6: 87bf021b (23,892 in chips)
Seat 7: Hero (14,712 in chips)
Seat 8: b60db4f7 (17,088 in chips)
Hero: posts the ante 90
104bebc0: posts the ante 90
610bd4b7: posts the ante 90
8e334e28: posts the ante 90
87bf021b: posts the ante 90
df9bc914: posts the ante 90
ddb91b88: posts the ante 90
b60db4f7: posts the ante 90
b60db4f7: posts small blind 300
df9bc914: posts big blind 600
*** HOLE CARDS ***
Dealt to df9bc914 
Dealt to 8e334e28 
Dealt to ddb91b88 
Dealt to 610bd4b7 
Dealt to 104bebc0 
Dealt to 87bf021b 
Dealt to Hero [7c Kc]
Dealt to b60db4f7 
8e334e28: raises 600 to 1,200
ddb91b88: folds
610bd4b7: folds
104bebc0: raises 4,020 to 5,220
87bf021b: folds
Hero: folds
b60db4f7: folds
df9bc914: folds
8e334e28: raises 17,780 to 23,000
104bebc0: calls 17,504 and is all-in
Uncalled bet (276) returned to 8e334e28
8e334e28: shows [As Ac]
104bebc0: shows [Ad Qh]
*** FLOP *** [Jd 2d 7d]
*** TURN *** [Jd 2d 7d] [Ks]
*** RIVER *** [Jd 2d 7d Ks] [Qs]
*** SHOWDOWN ***
8e334e28 collected 47,068 from pot
*** SUMMARY ***
Total pot 47,068 | Rake 0 | Jackpot 0 | Bingo 0 | Fortune 0 | Tax 0
Board [Jd 2d 7d Ks Qs]
Seat 1: df9bc914 (big blind) folded before Flop
Seat 2: 8e334e28 showed [As Ac] and won (47,068) with a pair of Aces
Seat 3: ddb91b88 folded before Flop
Seat 4: 610bd4b7 folded before Flop
Seat 5: 104bebc0 showed [Ad Qh] and lost with a pair of Queens
Seat 6: 87bf021b folded before Flop
Seat 7: Hero (button) folded before Flop
Seat 8: b60db4f7 (small blind) folded before Flop


Poker Hand #TM5671115006: Tournament #267951021, Bounty Hunters Special $10.80 Hold'em No Limit - Level11(300/600(90)) - 2026/03/06 19:10:32
Table '44' 8-max Seat #6 is the button
Seat 1: df9bc914 (12,948 in chips)
Seat 2: 8e334e28 (30,849 in chips)
Seat 4: 610bd4b7 (23,455 in chips)
Seat 5: 104bebc0 (20,174 in chips)
Seat 6: 87bf021b (23,982 in chips)
Seat 7: Hero (15,102 in chips)
Seat 8: b60db4f7 (18,978 in chips)
Hero: posts the ante 90
104bebc0: posts the ante 90
610bd4b7: posts the ante 90
8e334e28: posts the ante 90
87bf021b: posts the ante 90
df9bc914: posts the ante 90
b60db4f7: posts the ante 90
Hero: posts small blind 300
b60db4f7: posts big blind 600
*** HOLE CARDS ***
Dealt to df9bc914 
Dealt to 8e334e28 
Dealt to 610bd4b7 
Dealt to 104bebc0 
Dealt to 87bf021b 
Dealt to Hero [2s 3s]
Dealt to b60db4f7 
df9bc914: folds
8e334e28: folds
610bd4b7: folds
104bebc0: raises 1,200 to 1,800
87bf021b: folds
Hero: folds
b60db4f7: calls 1,200
*** FLOP *** [4c 5d 9h]
b60db4f7: checks
104bebc0: bets 3,398
b60db4f7: folds
Uncalled bet (3,398) returned to 104bebc0
*** SHOWDOWN ***
104bebc0 collected 4,530 from pot
*** SUMMARY ***
Total pot 4,530 | Rake 0 | Jackpot 0 | Bingo 0 | Fortune 0 | Tax 0
Board [4c 5d 9h]
Seat 1: df9bc914 folded before Flop
Seat 2: 8e334e28 folded before Flop
Seat 4: 610bd4b7 folded before Flop
Seat 5: 104bebc0 won (4,530)
Seat 6: 87bf021b (button) folded before Flop
Seat 7: Hero (small blind) folded before Flop
Seat 8: b60db4f7 (big blind) folded on the Flop


Poker Hand #TM5671114971: Tournament #267951021, Bounty Hunters Special $10.80 Hold'em No Limit - Level11(300/600(90)) - 2026/03/06 19:09:40
Table '44' 8-max Seat #5 is the button
Seat 1: df9bc914 (13,038 in chips)
Seat 2: 8e334e28 (30,939 in chips)
Seat 3: 2fb2285f (7,420 in chips)
Seat 4: 610bd4b7 (14,595 in chips)
Seat 5: 104bebc0 (20,264 in chips)
Seat 6: 87bf021b (24,372 in chips)
Seat 7: Hero (15,792 in chips)
Seat 8: b60db4f7 (19,068 in chips)
Hero: posts the ante 90
104bebc0: posts the ante 90
610bd4b7: posts the ante 90
8e334e28: posts the ante 90
87bf021b: posts the ante 90
df9bc914: posts the ante 90
b60db4f7: posts the ante 90
2fb2285f: posts the ante 90
87bf021b: posts small blind 300
Hero: posts big blind 600
*** HOLE CARDS ***
Dealt to df9bc914 
Dealt to 8e334e28 
Dealt to 2fb2285f 
Dealt to 610bd4b7 
Dealt to 104bebc0 
Dealt to 87bf021b 
Dealt to Hero [5c 6c]
Dealt to b60db4f7 
b60db4f7: folds
df9bc914: folds
8e334e28: folds
2fb2285f: raises 6,730 to 7,330 and is all-in
610bd4b7: raises 7,175 to 14,505 and is all-in
104bebc0: folds
87bf021b: folds
Hero: folds
Uncalled bet (7,175) returned to 610bd4b7
610bd4b7: shows [6h 6d]
2fb2285f: shows [Tc Qd]
*** FLOP *** [Js 8h Kc]
*** TURN *** [Js 8h Kc] [7d]
*** RIVER *** [Js 8h Kc 7d] [4c]
*** SHOWDOWN ***
610bd4b7 collected 16,280 from pot
*** SUMMARY ***
Total pot 16,280 | Rake 0 | Jackpot 0 | Bingo 0 | Fortune 0 | Tax 0
Board [Js 8h Kc 7d 4c]
Seat 1: df9bc914 folded before Flop
Seat 2: 8e334e28 folded before Flop
Seat 3: 2fb2285f showed [Tc Qd] and lost with King high
Seat 4: 610bd4b7 showed [6h 6d] and won (16,280) with a pair of Sixes
Seat 5: 104bebc0 (button) folded before Flop
Seat 6: 87bf021b (small blind) folded before Flop
Seat 7: Hero (big blind) folded before Flop
Seat 8: b60db4f7 folded before Flop


Poker Hand #TM5671114924: Tournament #267951021, Bounty Hunters Special $10.80 Hold'em No Limit - Level11(300/600(90)) - 2026/03/06 19:08:34
Table '44' 8-max Seat #4 is the button
Seat 1: df9bc914 (13,128 in chips)
Seat 2: 8e334e28 (31,029 in chips)
Seat 3: 2fb2285f (3,140 in chips)
Seat 4: 610bd4b7 (14,685 in chips)
Seat 5: 104bebc0 (23,404 in chips)
Seat 6: 87bf021b (25,062 in chips)
Seat 7: Hero (15,882 in chips)
Seat 8: b60db4f7 (19,158 in chips)
Hero: posts the ante 90
104bebc0: posts the ante 90
610bd4b7: posts the ante 90
8e334e28: posts the ante 90
87bf021b: posts the ante 90
df9bc914: posts the ante 90
b60db4f7: posts the ante 90
2fb2285f: posts the ante 90
104bebc0: posts small blind 300
87bf021b: posts big blind 600
*** HOLE CARDS ***
Dealt to df9bc914 
Dealt to 8e334e28 
Dealt to 2fb2285f 
Dealt to 610bd4b7 
Dealt to 104bebc0 
Dealt to 87bf021b 
Dealt to Hero [2h 5h]
Dealt to b60db4f7 
Hero: folds
b60db4f7: folds
df9bc914: folds
8e334e28: folds
2fb2285f: raises 2,450 to 3,050 and is all-in
610bd4b7: folds
104bebc0: raises 20,264 to 23,314 and is all-in
87bf021b: folds
Uncalled bet (20,264) returned to 104bebc0
104bebc0: shows [As Ts]
2fb2285f: shows [8c Qh]
*** FLOP *** [Qs 3d 5d]
*** TURN *** [Qs 3d 5d] [8d]
*** RIVER *** [Qs 3d 5d 8d] [7s]
*** SHOWDOWN ***
2fb2285f collected 7,420 from pot
*** SUMMARY ***
Total pot 7,420 | Rake 0 | Jackpot 0 | Bingo 0 | Fortune 0 | Tax 0
Board [Qs 3d 5d 8d 7s]
Seat 1: df9bc914 folded before Flop
Seat 2: 8e334e28 folded before Flop
Seat 3: 2fb2285f showed [8c Qh] and won (7,420) with two pair, Queens and Eights
Seat 4: 610bd4b7 (button) folded before Flop
Seat 5: 104bebc0 (small blind) showed [As Ts] and lost with Ace high
Seat 6: 87bf021b (big blind) folded before Flop
Seat 7: Hero folded before Flop
Seat 8: b60db4f7 folded before Flop


Poker Hand #TM5671114854: Tournament #267951021, Bounty Hunters Special $10.80 Hold'em No Limit - Level11(300/600(90)) - 2026/03/06 19:06:45
Table '44' 8-max Seat #3 is the button
Seat 1: df9bc914 (13,218 in chips)
Seat 2: 8e334e28 (32,319 in chips)
Seat 3: 2fb2285f (695 in chips)
Seat 4: 610bd4b7 (7,740 in chips)
Seat 5: 104bebc0 (31,144 in chips)
Seat 6: 87bf021b (25,152 in chips)
Seat 7: Hero (15,972 in chips)
Seat 8: b60db4f7 (19,248 in chips)
Hero: posts the ante 90
104bebc0: posts the ante 90
8e334e28: posts the ante 90
610bd4b7: posts the ante 90
87bf021b: posts the ante 90
df9bc914: posts the ante 90
b60db4f7: posts the ante 90
2fb2285f: posts the ante 90
610bd4b7: posts small blind 300
104bebc0: posts big blind 600
*** HOLE CARDS ***
Dealt to df9bc914 
Dealt to 8e334e28 
Dealt to 2fb2285f 
Dealt to 610bd4b7 
Dealt to 104bebc0 
Dealt to 87bf021b 
Dealt to Hero [9c 4c]
Dealt to b60db4f7 
87bf021b: folds
Hero: folds
b60db4f7: folds
df9bc914: folds
8e334e28: raises 600 to 1,200
2fb2285f: calls 605 and is all-in
610bd4b7: calls 900
104bebc0: calls 600
*** FLOP *** [9h 6s Jd]
610bd4b7: checks
104bebc0: bets 1,626
8e334e28: folds
610bd4b7: calls 1,626
*** TURN *** [9h 6s Jd] [Qh]
610bd4b7: bets 4,824 and is all-in
104bebc0: calls 4,824
610bd4b7: shows [Qs 8h] (a pair of Queens)
104bebc0: shows [Ac 9d] (a pair of Nines)
2fb2285f: shows [6h 3h] (a pair of Sixes)
*** RIVER *** [9h 6s Jd Qh] [3d]
*** SHOWDOWN ***
2fb2285f collected 3,140 from pot
610bd4b7 collected 14,685 from pot
*** SUMMARY ***
Total pot 17,825 | Rake 0 | Jackpot 0 | Bingo 0 | Fortune 0 | Tax 0
Board [9h 6s Jd Qh 3d]
Seat 1: df9bc914 folded before Flop
Seat 2: 8e334e28 folded on the Flop
Seat 3: 2fb2285f (button) showed [6h 3h] and won (3,140) with two pair, Sixes and Threes
Seat 4: 610bd4b7 (small blind) showed [Qs 8h] and won (14,685) with a pair of Queens
Seat 5: 104bebc0 (big blind) showed [Ac 9d] and lost with a pair of Nines
Seat 6: 87bf021b folded before Flop
Seat 7: Hero folded before Flop
Seat 8: b60db4f7 folded before Flop


Poker Hand #TM5671114800: Tournament #267951021, Bounty Hunters Special $10.80 Hold'em No Limit - Level11(300/600(90)) - 2026/03/06 19:05:28
Table '44' 8-max Seat #2 is the button
Seat 1: df9bc914 (13,308 in chips)
Seat 2: 8e334e28 (33,609 in chips)
Seat 3: 2fb2285f (17,897 in chips)
Seat 4: 610bd4b7 (1,630 in chips)
Seat 5: 104bebc0 (17,202 in chips)
Seat 6: 87bf021b (25,242 in chips)
Seat 7: Hero (16,062 in chips)
Seat 8: b60db4f7 (20,538 in chips)
Hero: posts the ante 90
104bebc0: posts the ante 90
8e334e28: posts the ante 90
610bd4b7: posts the ante 90
87bf021b: posts the ante 90
df9bc914: posts the ante 90
b60db4f7: posts the ante 90
2fb2285f: posts the ante 90
2fb2285f: posts small blind 300
610bd4b7: posts big blind 600
*** HOLE CARDS ***
Dealt to df9bc914 
Dealt to 8e334e28 
Dealt to 2fb2285f 
Dealt to 610bd4b7 
Dealt to 104bebc0 
Dealt to 87bf021b 
Dealt to Hero [2d 3s]
Dealt to b60db4f7 
104bebc0: raises 600 to 1,200
87bf021b: folds
Hero: folds
b60db4f7: calls 1,200
df9bc914: folds
8e334e28: calls 1,200
2fb2285f: raises 16,607 to 17,807 and is all-in
610bd4b7: calls 940 and is all-in
104bebc0: calls 15,912 and is all-in
b60db4f7: folds
8e334e28: folds
Uncalled bet (695) returned to 2fb2285f
2fb2285f: shows [Qh As]
610bd4b7: shows [6h 5d]
104bebc0: shows [Jd Kh]
*** FLOP *** [Kc 5s 7h]
*** TURN *** [Kc 5s 7h] [9d]
*** RIVER *** [Kc 5s 7h 9d] [6d]
*** SHOWDOWN ***
610bd4b7 collected 7,740 from pot
104bebc0 collected 31,144 from pot
*** SUMMARY ***
Total pot 38,884 | Rake 0 | Jackpot 0 | Bingo 0 | Fortune 0 | Tax 0
Board [Kc 5s 7h 9d 6d]
Seat 1: df9bc914 folded before Flop
Seat 2: 8e334e28 (button) folded before Flop
Seat 3: 2fb2285f (small blind) showed [Qh As] and lost with Ace high
Seat 4: 610bd4b7 (big blind) showed [6h 5d] and won (7,740) with two pair, Sixes and Fives
Seat 5: 104bebc0 showed [Jd Kh] and won (31,144) with a pair of Kings
Seat 6: 87bf021b folded before Flop
Seat 7: Hero folded before Flop
Seat 8: b60db4f7 folded before Flop


Poker Hand #TM5671114759: Tournament #267951021, Bounty Hunters Special $10.80 Hold'em No Limit - Level10(250/500(75)) - 2026/03/06 19:04:30
Table '44' 8-max Seat #1 is the button
Seat 1: df9bc914 (13,383 in chips)
Seat 2: 8e334e28 (32,584 in chips)
Seat 3: 2fb2285f (18,472 in chips)
Seat 4: 610bd4b7 (1,705 in chips)
Seat 5: 104bebc0 (17,277 in chips)
Seat 6: 87bf021b (25,317 in chips)
Seat 7: Hero (16,137 in chips)
Seat 8: b60db4f7 (20,613 in chips)
Hero: posts the ante 75
104bebc0: posts the ante 75
610bd4b7: posts the ante 75
8e334e28: posts the ante 75
87bf021b: posts the ante 75
df9bc914: posts the ante 75
b60db4f7: posts the ante 75
2fb2285f: posts the ante 75
8e334e28: posts small blind 250
2fb2285f: posts big blind 500
*** HOLE CARDS ***
Dealt to df9bc914 
Dealt to 8e334e28 
Dealt to 2fb2285f 
Dealt to 610bd4b7 
Dealt to 104bebc0 
Dealt to 87bf021b 
Dealt to Hero [4d Jh]
Dealt to b60db4f7 
610bd4b7: folds
104bebc0: folds
87bf021b: folds
Hero: folds
b60db4f7: folds
df9bc914: folds
8e334e28: raises 500 to 1,000
2fb2285f: folds
Uncalled bet (500) returned to 8e334e28
*** SHOWDOWN ***
8e334e28 collected 1,600 from pot
*** SUMMARY ***
Total pot 1,600 | Rake 0 | Jackpot 0 | Bingo 0 | Fortune 0 | Tax 0
Seat 1: df9bc914 (button) folded before Flop
Seat 2: 8e334e28 (small blind) collected (1,600)
Seat 3: 2fb2285f (big blind) folded before Flop
Seat 4: 610bd4b7 folded before Flop
Seat 5: 104bebc0 folded before Flop
Seat 6: 87bf021b folded before Flop
Seat 7: Hero folded before Flop
Seat 8: b60db4f7 folded before Flop


Poker Hand #TM5671114708: Tournament #267951021, Bounty Hunters Special $10.80 Hold'em No Limit - Level10(250/500(75)) - 2026/03/06 19:03:22
Table '44' 8-max Seat #8 is the button
Seat 1: df9bc914 (13,708 in chips)
Seat 2: 8e334e28 (33,159 in chips)
Seat 3: 2fb2285f (18,547 in chips)
Seat 4: 610bd4b7 (1,780 in chips)
Seat 5: 104bebc0 (17,352 in chips)
Seat 6: 87bf021b (21,042 in chips)
Seat 7: Hero (16,212 in chips)
Seat 8: b60db4f7 (23,688 in chips)
Hero: posts the ante 75
104bebc0: posts the ante 75
610bd4b7: posts the ante 75
8e334e28: posts the ante 75
87bf021b: posts the ante 75
df9bc914: posts the ante 75
b60db4f7: posts the ante 75
2fb2285f: posts the ante 75
df9bc914: posts small blind 250
8e334e28: posts big blind 500
*** HOLE CARDS ***
Dealt to df9bc914 
Dealt to 8e334e28 
Dealt to 2fb2285f 
Dealt to 610bd4b7 
Dealt to 104bebc0 
Dealt to 87bf021b 
Dealt to Hero [9c 4c]
Dealt to b60db4f7 
2fb2285f: folds
610bd4b7: folds
104bebc0: folds
87bf021b: raises 500 to 1,000
Hero: folds
b60db4f7: raises 2,000 to 3,000
df9bc914: folds
8e334e28: folds
87bf021b: raises 17,967 to 20,967 and is all-in
b60db4f7: folds
Uncalled bet (17,967) returned to 87bf021b
*** SHOWDOWN ***
87bf021b collected 7,350 from pot
*** SUMMARY ***
Total pot 7,350 | Rake 0 | Jackpot 0 | Bingo 0 | Fortune 0 | Tax 0
Seat 1: df9bc914 (small blind) folded before Flop
Seat 2: 8e334e28 (big blind) folded before Flop
Seat 3: 2fb2285f folded before Flop
Seat 4: 610bd4b7 folded before Flop
Seat 5: 104bebc0 folded before Flop
Seat 6: 87bf021b collected (7,350)
Seat 7: Hero folded before Flop
Seat 8: b60db4f7 (button) folded before Flop


Poker Hand #TM5671114684: Tournament #267951021, Bounty Hunters Special $10.80 Hold'em No Limit - Level10(250/500(75)) - 2026/03/06 19:02:46
Table '44' 8-max Seat #7 is the button
Seat 1: df9bc914 (14,283 in chips)
Seat 2: 8e334e28 (34,234 in chips)
Seat 3: 2fb2285f (18,622 in chips)
Seat 4: 610bd4b7 (1,855 in chips)
Seat 5: 104bebc0 (17,427 in chips)
Seat 6: 87bf021b (21,117 in chips)
Seat 7: Hero (13,937 in chips)
Seat 8: b60db4f7 (24,013 in chips)
Hero: posts the ante 75
104bebc0: posts the ante 75
610bd4b7: posts the ante 75
8e334e28: posts the ante 75
87bf021b: posts the ante 75
df9bc914: posts the ante 75
b60db4f7: posts the ante 75
2fb2285f: posts the ante 75
b60db4f7: posts small blind 250
df9bc914: posts big blind 500
*** HOLE CARDS ***
Dealt to df9bc914 
Dealt to 8e334e28 
Dealt to 2fb2285f 
Dealt to 610bd4b7 
Dealt to 104bebc0 
Dealt to 87bf021b 
Dealt to Hero [As Kc]
Dealt to b60db4f7 
8e334e28: raises 500 to 1,000
2fb2285f: folds
610bd4b7: folds
104bebc0: folds
87bf021b: folds
Hero: raises 12,862 to 13,862 and is all-in
b60db4f7: folds
df9bc914: folds
8e334e28: folds
Uncalled bet (12,862) returned to Hero
*** SHOWDOWN ***
Hero collected 3,350 from pot
*** SUMMARY ***
Total pot 3,350 | Rake 0 | Jackpot 0 | Bingo 0 | Fortune 0 | Tax 0
Seat 1: df9bc914 (big blind) folded before Flop
Seat 2: 8e334e28 folded before Flop
Seat 3: 2fb2285f folded before Flop
Seat 4: 610bd4b7 folded before Flop
Seat 5: 104bebc0 folded before Flop
Seat 6: 87bf021b folded before Flop
Seat 7: Hero (button) collected (3,350)
Seat 8: b60db4f7 (small blind) folded before Flop


Poker Hand #TM5671114457: Tournament #267951021, Bounty Hunters Special $10.80 Hold'em No Limit - Level10(250/500(75)) - 2026/03/06 18:54:45
Table '44' 8-max Seat #6 is the button
Seat 1: df9bc914 (14,358 in chips)
Seat 2: 8e334e28 (34,309 in chips)
Seat 3: 2fb2285f (18,697 in chips)
Seat 4: 610bd4b7 (1,930 in chips)
Seat 5: 104bebc0 (17,502 in chips)
Seat 6: 87bf021b (22,442 in chips)
Seat 7: Hero (11,662 in chips)
Seat 8: b60db4f7 (24,588 in chips)
Hero: posts the ante 75
104bebc0: posts the ante 75
610bd4b7: posts the ante 75
8e334e28: posts the ante 75
87bf021b: posts the ante 75
df9bc914: posts the ante 75
b60db4f7: posts the ante 75
2fb2285f: posts the ante 75
Hero: posts small blind 250
b60db4f7: posts big blind 500
*** HOLE CARDS ***
Dealt to df9bc914 
Dealt to 8e334e28 
Dealt to 2fb2285f 
Dealt to 610bd4b7 
Dealt to 104bebc0 
Dealt to 87bf021b 
Dealt to Hero [7s 7h]
Dealt to b60db4f7 
df9bc914: folds
8e334e28: folds
2fb2285f: folds
610bd4b7: folds
104bebc0: folds
87bf021b: raises 750 to 1,250
Hero: raises 10,337 to 11,587 and is all-in
b60db4f7: folds
87bf021b: folds
Uncalled bet (10,337) returned to Hero
*** SHOWDOWN ***
Hero collected 3,600 from pot
*** SUMMARY ***
Total pot 3,600 | Rake 0 | Jackpot 0 | Bingo 0 | Fortune 0 | Tax 0
Seat 1: df9bc914 folded before Flop
Seat 2: 8e334e28 folded before Flop
Seat 3: 2fb2285f folded before Flop
Seat 4: 610bd4b7 folded before Flop
Seat 5: 104bebc0 folded before Flop
Seat 6: 87bf021b (button) folded before Flop
Seat 7: Hero (small blind) collected (3,600)
Seat 8: b60db4f7 (big blind) folded before Flop


Poker Hand #TM5671114393: Tournament #267951021, Bounty Hunters Special $10.80 Hold'em No Limit - Level10(250/500(75)) - 2026/03/06 18:53:19
Table '44' 8-max Seat #5 is the button
Seat 1: df9bc914 (14,433 in chips)
Seat 2: 8e334e28 (34,384 in chips)
Seat 3: 2fb2285f (19,772 in chips)
Seat 4: 610bd4b7 (12,176 in chips)
Seat 5: 104bebc0 (17,577 in chips)
Seat 6: 87bf021b (10,246 in chips)
Seat 7: Hero (12,237 in chips)
Seat 8: b60db4f7 (24,663 in chips)
Hero: posts the ante 75
104bebc0: posts the ante 75
610bd4b7: posts the ante 75
8e334e28: posts the ante 75
87bf021b: posts the ante 75
df9bc914: posts the ante 75
b60db4f7: posts the ante 75
2fb2285f: posts the ante 75
87bf021b: posts small blind 250
Hero: posts big blind 500
*** HOLE CARDS ***
Dealt to df9bc914 
Dealt to 8e334e28 
Dealt to 2fb2285f 
Dealt to 610bd4b7 
Dealt to 104bebc0 
Dealt to 87bf021b 
Dealt to Hero [5h 9s]
Dealt to b60db4f7 
b60db4f7: folds
df9bc914: folds
8e334e28: folds
2fb2285f: raises 500 to 1,000
610bd4b7: calls 1,000
104bebc0: folds
87bf021b: raises 9,171 to 10,171 and is all-in
Hero: folds
2fb2285f: folds
610bd4b7: calls 9,171
87bf021b: shows [Td As]
610bd4b7: shows [Ks Js]
*** FLOP *** [4d 6c Qs]
*** TURN *** [4d 6c Qs] [4h]
*** RIVER *** [4d 6c Qs 4h] [9d]
*** SHOWDOWN ***
87bf021b collected 22,442 from pot
*** SUMMARY ***
Total pot 22,442 | Rake 0 | Jackpot 0 | Bingo 0 | Fortune 0 | Tax 0
Board [4d 6c Qs 4h 9d]
Seat 1: df9bc914 folded before Flop
Seat 2: 8e334e28 folded before Flop
Seat 3: 2fb2285f folded before Flop
Seat 4: 610bd4b7 showed [Ks Js] and lost with a pair of Fours
Seat 5: 104bebc0 (button) folded before Flop
Seat 6: 87bf021b (small blind) showed [Td As] and won (22,442) with a pair of Fours
Seat 7: Hero (big blind) folded before Flop
Seat 8: b60db4f7 folded before Flop


Poker Hand #TM5671114359: Tournament #267951021, Bounty Hunters Special $10.80 Hold'em No Limit - Level10(250/500(75)) - 2026/03/06 18:52:25
Table '44' 8-max Seat #4 is the button
Seat 1: df9bc914 (14,508 in chips)
Seat 2: 8e334e28 (34,459 in chips)
Seat 3: 2fb2285f (19,847 in chips)
Seat 4: 610bd4b7 (16,949 in chips)
Seat 5: 104bebc0 (17,902 in chips)
Seat 6: 87bf021b (4,773 in chips)
Seat 7: Hero (12,312 in chips)
Seat 8: b60db4f7 (24,738 in chips)
Hero: posts the ante 75
104bebc0: posts the ante 75
610bd4b7: posts the ante 75
8e334e28: posts the ante 75
87bf021b: posts the ante 75
df9bc914: posts the ante 75
b60db4f7: posts the ante 75
2fb2285f: posts the ante 75
104bebc0: posts small blind 250
87bf021b: posts big blind 500
*** HOLE CARDS ***
Dealt to df9bc914 
Dealt to 8e334e28 
Dealt to 2fb2285f 
Dealt to 610bd4b7 
Dealt to 104bebc0 
Dealt to 87bf021b 
Dealt to Hero [Kd 2d]
Dealt to b60db4f7 
Hero: folds
b60db4f7: folds
df9bc914: folds
8e334e28: folds
2fb2285f: folds
610bd4b7: raises 500 to 1,000
104bebc0: folds
87bf021b: raises 3,698 to 4,698 and is all-in
610bd4b7: calls 3,698
87bf021b: shows [Kh Ad]
610bd4b7: shows [8d 6s]
*** FLOP *** [8h Jh Ks]
*** TURN *** [8h Jh Ks] [Ac]
*** RIVER *** [8h Jh Ks Ac] [6d]
*** SHOWDOWN ***
87bf021b collected 10,246 from pot
*** SUMMARY ***
Total pot 10,246 | Rake 0 | Jackpot 0 | Bingo 0 | Fortune 0 | Tax 0
Board [8h Jh Ks Ac 6d]
Seat 1: df9bc914 folded before Flop
Seat 2: 8e334e28 folded before Flop
Seat 3: 2fb2285f folded before Flop
Seat 4: 610bd4b7 (button) showed [8d 6s] and lost with two pair, Eights and Sixes
Seat 5: 104bebc0 (small blind) folded before Flop
Seat 6: 87bf021b (big blind) showed [Kh Ad] and won (10,246) with two pair, Aces and Kings
Seat 7: Hero folded before Flop
Seat 8: b60db4f7 folded before Flop


Poker Hand #TM5671114316: Tournament #267951021, Bounty Hunters Special $10.80 Hold'em No Limit - Level10(250/500(75)) - 2026/03/06 18:51:25
Table '44' 8-max Seat #3 is the button
Seat 1: df9bc914 (14,583 in chips)
Seat 2: 8e334e28 (34,534 in chips)
Seat 3: 2fb2285f (19,922 in chips)
Seat 4: 610bd4b7 (14,924 in chips)
Seat 5: 104bebc0 (18,477 in chips)
Seat 6: 87bf021b (4,848 in chips)
Seat 7: Hero (12,387 in chips)
Seat 8: b60db4f7 (25,813 in chips)
Hero: posts the ante 75
104bebc0: posts the ante 75
8e334e28: posts the ante 75
610bd4b7: posts the ante 75
87bf021b: posts the ante 75
df9bc914: posts the ante 75
b60db4f7: posts the ante 75
2fb2285f: posts the ante 75
610bd4b7: posts small blind 250
104bebc0: posts big blind 500
*** HOLE CARDS ***
Dealt to df9bc914 
Dealt to 8e334e28 
Dealt to 2fb2285f 
Dealt to 610bd4b7 
Dealt to 104bebc0 
Dealt to 87bf021b 
Dealt to Hero [5c Ah]
Dealt to b60db4f7 
87bf021b: folds
Hero: folds
b60db4f7: raises 500 to 1,000
df9bc914: folds
8e334e28: folds
2fb2285f: folds
610bd4b7: raises 3,000 to 4,000
104bebc0: folds
b60db4f7: folds
Uncalled bet (3,000) returned to 610bd4b7
*** SHOWDOWN ***
610bd4b7 collected 3,100 from pot
*** SUMMARY ***
Total pot 3,100 | Rake 0 | Jackpot 0 | Bingo 0 | Fortune 0 | Tax 0
Seat 1: df9bc914 folded before Flop
Seat 2: 8e334e28 folded before Flop
Seat 3: 2fb2285f (button) folded before Flop
Seat 4: 610bd4b7 (small blind) collected (3,100)
Seat 5: 104bebc0 (big blind) folded before Flop
Seat 6: 87bf021b folded before Flop
Seat 7: Hero folded before Flop
Seat 8: b60db4f7 folded before Flop


Poker Hand #TM5671114257: Tournament #267951021, Bounty Hunters Special $10.80 Hold'em No Limit - Level10(250/500(75)) - 2026/03/06 18:49:59
Table '44' 8-max Seat #2 is the button
Seat 1: df9bc914 (16,808 in chips)
Seat 2: 8e334e28 (34,609 in chips)
Seat 3: 2fb2285f (20,247 in chips)
Seat 4: 610bd4b7 (11,999 in chips)
Seat 5: 104bebc0 (18,552 in chips)
Seat 6: 87bf021b (4,923 in chips)
Seat 7: Hero (12,462 in chips)
Seat 8: b60db4f7 (25,888 in chips)
Hero: posts the ante 75
104bebc0: posts the ante 75
8e334e28: posts the ante 75
610bd4b7: posts the ante 75
87bf021b: posts the ante 75
df9bc914: posts the ante 75
b60db4f7: posts the ante 75
2fb2285f: posts the ante 75
2fb2285f: posts small blind 250
610bd4b7: posts big blind 500
*** HOLE CARDS ***
Dealt to df9bc914 
Dealt to 8e334e28 
Dealt to 2fb2285f 
Dealt to 610bd4b7 
Dealt to 104bebc0 
Dealt to 87bf021b 
Dealt to Hero [Ac 8s]
Dealt to b60db4f7 
104bebc0: folds
87bf021b: folds
Hero: folds
b60db4f7: folds
df9bc914: raises 600 to 1,100
8e334e28: folds
2fb2285f: folds
610bd4b7: calls 600
*** FLOP *** [6c 4h 9c]
610bd4b7: checks
df9bc914: bets 1,050
610bd4b7: raises 1,450 to 2,500
df9bc914: folds
Uncalled bet (1,450) returned to 610bd4b7
*** SHOWDOWN ***
610bd4b7 collected 5,150 from pot
*** SUMMARY ***
Total pot 5,150 | Rake 0 | Jackpot 0 | Bingo 0 | Fortune 0 | Tax 0
Board [6c 4h 9c]
Seat 1: df9bc914 folded on the Flop
Seat 2: 8e334e28 (button) folded before Flop
Seat 3: 2fb2285f (small blind) folded before Flop
Seat 4: 610bd4b7 (big blind) won (5,150)
Seat 5: 104bebc0 folded before Flop
Seat 6: 87bf021b folded before Flop
Seat 7: Hero folded before Flop
Seat 8: b60db4f7 folded before Flop


Poker Hand #TM5671114222: Tournament #267951021, Bounty Hunters Special $10.80 Hold'em No Limit - Level10(250/500(75)) - 2026/03/06 18:49:08
Table '44' 8-max Seat #1 is the button
Seat 1: df9bc914 (16,208 in chips)
Seat 2: 8e334e28 (34,934 in chips)
Seat 3: 2fb2285f (20,822 in chips)
Seat 4: 610bd4b7 (12,074 in chips)
Seat 5: 104bebc0 (18,627 in chips)
Seat 6: 87bf021b (4,323 in chips)
Seat 7: Hero (12,537 in chips)
Seat 8: b60db4f7 (25,963 in chips)
Hero: posts the ante 75
104bebc0: posts the ante 75
610bd4b7: posts the ante 75
8e334e28: posts the ante 75
87bf021b: posts the ante 75
df9bc914: posts the ante 75
b60db4f7: posts the ante 75
2fb2285f: posts the ante 75
8e334e28: posts small blind 250
2fb2285f: posts big blind 500
*** HOLE CARDS ***
Dealt to df9bc914 
Dealt to 8e334e28 
Dealt to 2fb2285f 
Dealt to 610bd4b7 
Dealt to 104bebc0 
Dealt to 87bf021b 
Dealt to Hero [Tc 2d]
Dealt to b60db4f7 
610bd4b7: folds
104bebc0: folds
87bf021b: raises 3,748 to 4,248 and is all-in
Hero: folds
b60db4f7: folds
df9bc914: raises 11,885 to 16,133 and is all-in
8e334e28: folds
2fb2285f: folds
Uncalled bet (11,885) returned to df9bc914
df9bc914: shows [Jd Jc]
87bf021b: shows [Ah Ad]
*** FLOP *** [3d 5c 4c]
*** TURN *** [3d 5c 4c] [2h]
*** RIVER *** [3d 5c 4c 2h] [6s]
*** SHOWDOWN ***
df9bc914 collected 4,923 from pot
87bf021b collected 4,923 from pot
*** SUMMARY ***
Total pot 9,846 | Rake 0 | Jackpot 0 | Bingo 0 | Fortune 0 | Tax 0
Board [3d 5c 4c 2h 6s]
Seat 1: df9bc914 (button) showed [Jd Jc] and won (4,923) with a straight, Six to Two
Seat 2: 8e334e28 (small blind) folded before Flop
Seat 3: 2fb2285f (big blind) folded before Flop
Seat 4: 610bd4b7 folded before Flop
Seat 5: 104bebc0 folded before Flop
Seat 6: 87bf021b showed [Ah Ad] and won (4,923) with a straight, Six to Two
Seat 7: Hero folded before Flop
Seat 8: b60db4f7 folded before Flop


Poker Hand #TM5671114197: Tournament #267951021, Bounty Hunters Special $10.80 Hold'em No Limit - Level9(200/400(60)) - 2026/03/06 18:48:32
Table '44' 8-max Seat #8 is the button
Seat 1: df9bc914 (16,468 in chips)
Seat 2: 8e334e28 (34,314 in chips)
Seat 3: 2fb2285f (20,882 in chips)
Seat 4: 610bd4b7 (12,134 in chips)
Seat 5: 104bebc0 (18,687 in chips)
Seat 6: 87bf021b (4,383 in chips)
Seat 7: Hero (12,597 in chips)
Seat 8: b60db4f7 (26,023 in chips)
Hero: posts the ante 60
104bebc0: posts the ante 60
610bd4b7: posts the ante 60
8e334e28: posts the ante 60
87bf021b: posts the ante 60
df9bc914: posts the ante 60
b60db4f7: posts the ante 60
2fb2285f: posts the ante 60
df9bc914: posts small blind 200
8e334e28: posts big blind 400
*** HOLE CARDS ***
Dealt to df9bc914 
Dealt to 8e334e28 
Dealt to 2fb2285f 
Dealt to 610bd4b7 
Dealt to 104bebc0 
Dealt to 87bf021b 
Dealt to Hero [Ks 5c]
Dealt to b60db4f7 
2fb2285f: folds
610bd4b7: folds
104bebc0: folds
87bf021b: folds
Hero: folds
b60db4f7: folds
df9bc914: folds
Uncalled bet (200) returned to 8e334e28
*** SHOWDOWN ***
8e334e28 collected 880 from pot
*** SUMMARY ***
Total pot 880 | Rake 0 | Jackpot 0 | Bingo 0 | Fortune 0 | Tax 0
Seat 1: df9bc914 (small blind) folded before Flop
Seat 2: 8e334e28 (big blind) collected (880)
Seat 3: 2fb2285f folded before Flop
Seat 4: 610bd4b7 folded before Flop
Seat 5: 104bebc0 folded before Flop
Seat 6: 87bf021b folded before Flop
Seat 7: Hero folded before Flop
Seat 8: b60db4f7 (button) folded before Flop


Poker Hand #TM5671114171: Tournament #267951021, Bounty Hunters Special $10.80 Hold'em No Limit - Level9(200/400(60)) - 2026/03/06 18:47:58
Table '44' 8-max Seat #7 is the button
Seat 1: df9bc914 (17,328 in chips)
Seat 2: 8e334e28 (34,374 in chips)
Seat 3: 2fb2285f (19,462 in chips)
Seat 4: 610bd4b7 (12,194 in chips)
Seat 5: 104bebc0 (18,747 in chips)
Seat 6: 87bf021b (4,443 in chips)
Seat 7: Hero (12,657 in chips)
Seat 8: b60db4f7 (26,283 in chips)
Hero: posts the ante 60
104bebc0: posts the ante 60
610bd4b7: posts the ante 60
8e334e28: posts the ante 60
87bf021b: posts the ante 60
df9bc914: posts the ante 60
b60db4f7: posts the ante 60
2fb2285f: posts the ante 60
b60db4f7: posts small blind 200
df9bc914: posts big blind 400
*** HOLE CARDS ***
Dealt to df9bc914 
Dealt to 8e334e28 
Dealt to 2fb2285f 
Dealt to 610bd4b7 
Dealt to 104bebc0 
Dealt to 87bf021b 
Dealt to Hero [5c Tc]
Dealt to b60db4f7 
8e334e28: folds
2fb2285f: raises 400 to 800
610bd4b7: folds
104bebc0: folds
87bf021b: folds
Hero: folds
b60db4f7: folds
df9bc914: calls 400
*** FLOP *** [6d 3c Kd]
df9bc914: checks
2fb2285f: bets 753
df9bc914: folds
Uncalled bet (753) returned to 2fb2285f
*** SHOWDOWN ***
2fb2285f collected 2,280 from pot
*** SUMMARY ***
Total pot 2,280 | Rake 0 | Jackpot 0 | Bingo 0 | Fortune 0 | Tax 0
Board [6d 3c Kd]
Seat 1: df9bc914 (big blind) folded on the Flop
Seat 2: 8e334e28 folded before Flop
Seat 3: 2fb2285f won (2,280)
Seat 4: 610bd4b7 folded before Flop
Seat 5: 104bebc0 folded before Flop
Seat 6: 87bf021b folded before Flop
Seat 7: Hero (button) folded before Flop
Seat 8: b60db4f7 (small blind) folded before Flop


Poker Hand #TM5671114137: Tournament #267951021, Bounty Hunters Special $10.80 Hold'em No Limit - Level9(200/400(60)) - 2026/03/06 18:47:11
Table '44' 8-max Seat #6 is the button
Seat 1: df9bc914 (17,388 in chips)
Seat 2: 8e334e28 (32,354 in chips)
Seat 3: 2fb2285f (19,522 in chips)
Seat 4: 610bd4b7 (12,254 in chips)
Seat 5: 104bebc0 (18,807 in chips)
Seat 6: 87bf021b (4,503 in chips)
Seat 7: Hero (13,517 in chips)
Seat 8: b60db4f7 (27,143 in chips)
Hero: posts the ante 60
104bebc0: posts the ante 60
610bd4b7: posts the ante 60
8e334e28: posts the ante 60
87bf021b: posts the ante 60
df9bc914: posts the ante 60
b60db4f7: posts the ante 60
2fb2285f: posts the ante 60
Hero: posts small blind 200
b60db4f7: posts big blind 400
*** HOLE CARDS ***
Dealt to df9bc914 
Dealt to 8e334e28 
Dealt to 2fb2285f 
Dealt to 610bd4b7 
Dealt to 104bebc0 
Dealt to 87bf021b 
Dealt to Hero [5c Jc]
Dealt to b60db4f7 
df9bc914: folds
8e334e28: raises 400 to 800
2fb2285f: folds
610bd4b7: folds
104bebc0: folds
87bf021b: folds
Hero: calls 600
b60db4f7: calls 400
*** FLOP *** [2d Kd Td]
Hero: checks
b60db4f7: checks
8e334e28: bets 1,440
Hero: folds
b60db4f7: folds
Uncalled bet (1,440) returned to 8e334e28
*** SHOWDOWN ***
8e334e28 collected 2,880 from pot
*** SUMMARY ***
Total pot 2,880 | Rake 0 | Jackpot 0 | Bingo 0 | Fortune 0 | Tax 0
Board [2d Kd Td]
Seat 1: df9bc914 folded before Flop
Seat 2: 8e334e28 won (2,880)
Seat 3: 2fb2285f folded before Flop
Seat 4: 610bd4b7 folded before Flop
Seat 5: 104bebc0 folded before Flop
Seat 6: 87bf021b (button) folded before Flop
Seat 7: Hero (small blind) folded on the Flop
Seat 8: b60db4f7 (big blind) folded on the Flop


Poker Hand #TM5671114074: Tournament #267951021, Bounty Hunters Special $10.80 Hold'em No Limit - Level9(200/400(60)) - 2026/03/06 18:45:41
Table '44' 8-max Seat #5 is the button
Seat 1: df9bc914 (17,448 in chips)
Seat 2: 8e334e28 (36,124 in chips)
Seat 3: 2fb2285f (19,582 in chips)
Seat 4: 610bd4b7 (12,314 in chips)
Seat 5: 104bebc0 (18,867 in chips)
Seat 6: 87bf021b (4,763 in chips)
Seat 7: Hero (9,187 in chips)
Seat 8: b60db4f7 (27,203 in chips)
Hero: posts the ante 60
104bebc0: posts the ante 60
610bd4b7: posts the ante 60
8e334e28: posts the ante 60
87bf021b: posts the ante 60
df9bc914: posts the ante 60
b60db4f7: posts the ante 60
2fb2285f: posts the ante 60
87bf021b: posts small blind 200
Hero: posts big blind 400
*** HOLE CARDS ***
Dealt to df9bc914 
Dealt to 8e334e28 
Dealt to 2fb2285f 
Dealt to 610bd4b7 
Dealt to 104bebc0 
Dealt to 87bf021b 
Dealt to Hero [Qs Qh]
Dealt to b60db4f7 
b60db4f7: folds
df9bc914: folds
8e334e28: raises 400 to 800
2fb2285f: folds
610bd4b7: folds
104bebc0: folds
87bf021b: folds
Hero: raises 2,910 to 3,710
8e334e28: calls 2,910
*** FLOP *** [Kd 3h Js]
Hero: bets 5,417 and is all-in
8e334e28: folds
Uncalled bet (5,417) returned to Hero
*** SHOWDOWN ***
Hero collected 8,100 from pot
*** SUMMARY ***
Total pot 8,100 | Rake 0 | Jackpot 0 | Bingo 0 | Fortune 0 | Tax 0
Board [Kd 3h Js]
Seat 1: df9bc914 folded before Flop
Seat 2: 8e334e28 folded on the Flop
Seat 3: 2fb2285f folded before Flop
Seat 4: 610bd4b7 folded before Flop
Seat 5: 104bebc0 (button) folded before Flop
Seat 6: 87bf021b (small blind) folded before Flop
Seat 7: Hero (big blind) won (8,100)
Seat 8: b60db4f7 folded before Flop


Poker Hand #TM5671114061: Tournament #267951021, Bounty Hunters Special $10.80 Hold'em No Limit - Level9(200/400(60)) - 2026/03/06 18:45:22
Table '44' 8-max Seat #4 is the button
Seat 1: df9bc914 (17,508 in chips)
Seat 2: 8e334e28 (36,184 in chips)
Seat 3: 2fb2285f (18,562 in chips)
Seat 4: 610bd4b7 (12,374 in chips)
Seat 5: 104bebc0 (19,127 in chips)
Seat 6: 87bf021b (5,223 in chips)
Seat 7: Hero (9,247 in chips)
Seat 8: b60db4f7 (27,263 in chips)
Hero: posts the ante 60
104bebc0: posts the ante 60
610bd4b7: posts the ante 60
8e334e28: posts the ante 60
87bf021b: posts the ante 60
df9bc914: posts the ante 60
b60db4f7: posts the ante 60
2fb2285f: posts the ante 60
104bebc0: posts small blind 200
87bf021b: posts big blind 400
*** HOLE CARDS ***
Dealt to df9bc914 
Dealt to 8e334e28 
Dealt to 2fb2285f 
Dealt to 610bd4b7 
Dealt to 104bebc0 
Dealt to 87bf021b 
Dealt to Hero [Th 7c]
Dealt to b60db4f7 
Hero: folds
b60db4f7: folds
df9bc914: folds
8e334e28: folds
2fb2285f: raises 400 to 800
610bd4b7: folds
104bebc0: folds
87bf021b: folds
Uncalled bet (400) returned to 2fb2285f
*** SHOWDOWN ***
2fb2285f collected 1,480 from pot
*** SUMMARY ***
Total pot 1,480 | Rake 0 | Jackpot 0 | Bingo 0 | Fortune 0 | Tax 0
Seat 1: df9bc914 folded before Flop
Seat 2: 8e334e28 folded before Flop
Seat 3: 2fb2285f collected (1,480)
Seat 4: 610bd4b7 (button) folded before Flop
Seat 5: 104bebc0 (small blind) folded before Flop
Seat 6: 87bf021b (big blind) folded before Flop
Seat 7: Hero folded before Flop
Seat 8: b60db4f7 folded before Flop


Poker Hand #TM5671114034: Tournament #267951021, Bounty Hunters Special $10.80 Hold'em No Limit - Level9(200/400(60)) - 2026/03/06 18:44:47
Table '44' 8-max Seat #3 is the button
Seat 1: df9bc914 (17,568 in chips)
Seat 2: 8e334e28 (36,244 in chips)
Seat 3: 2fb2285f (18,622 in chips)
Seat 4: 610bd4b7 (12,634 in chips)
Seat 5: 104bebc0 (19,587 in chips)
Seat 6: 87bf021b (5,283 in chips)
Seat 7: Hero (9,307 in chips)
Seat 8: b60db4f7 (26,243 in chips)
Hero: posts the ante 60
104bebc0: posts the ante 60
8e334e28: posts the ante 60
610bd4b7: posts the ante 60
87bf021b: posts the ante 60
df9bc914: posts the ante 60
b60db4f7: posts the ante 60
2fb2285f: posts the ante 60
610bd4b7: posts small blind 200
104bebc0: posts big blind 400
*** HOLE CARDS ***
Dealt to df9bc914 
Dealt to 8e334e28 
Dealt to 2fb2285f 
Dealt to 610bd4b7 
Dealt to 104bebc0 
Dealt to 87bf021b 
Dealt to Hero [9d Jd]
Dealt to b60db4f7 
87bf021b: folds
Hero: folds
b60db4f7: raises 400 to 800
df9bc914: folds
8e334e28: folds
2fb2285f: folds
610bd4b7: folds
104bebc0: folds
Uncalled bet (400) returned to b60db4f7
*** SHOWDOWN ***
b60db4f7 collected 1,480 from pot
*** SUMMARY ***
Total pot 1,480 | Rake 0 | Jackpot 0 | Bingo 0 | Fortune 0 | Tax 0
Seat 1: df9bc914 folded before Flop
Seat 2: 8e334e28 folded before Flop
Seat 3: 2fb2285f (button) folded before Flop
Seat 4: 610bd4b7 (small blind) folded before Flop
Seat 5: 104bebc0 (big blind) folded before Flop
Seat 6: 87bf021b folded before Flop
Seat 7: Hero folded before Flop
Seat 8: b60db4f7 collected (1,480)


Poker Hand #TM5671113983: Tournament #267951021, Bounty Hunters Special $10.80 Hold'em No Limit - Level9(200/400(60)) - 2026/03/06 18:43:32
Table '44' 8-max Seat #2 is the button
Seat 1: df9bc914 (17,628 in chips)
Seat 2: 8e334e28 (28,464 in chips)
Seat 3: 2fb2285f (25,642 in chips)
Seat 4: 610bd4b7 (13,094 in chips)
Seat 5: 104bebc0 (19,647 in chips)
Seat 6: 87bf021b (5,343 in chips)
Seat 7: Hero (9,367 in chips)
Seat 8: b60db4f7 (26,303 in chips)
Hero: posts the ante 60
104bebc0: posts the ante 60
8e334e28: posts the ante 60
610bd4b7: posts the ante 60
87bf021b: posts the ante 60
df9bc914: posts the ante 60
b60db4f7: posts the ante 60
2fb2285f: posts the ante 60
2fb2285f: posts small blind 200
610bd4b7: posts big blind 400
*** HOLE CARDS ***
Dealt to df9bc914 
Dealt to 8e334e28 
Dealt to 2fb2285f 
Dealt to 610bd4b7 
Dealt to 104bebc0 
Dealt to 87bf021b 
Dealt to Hero [Jc Th]
Dealt to b60db4f7 
104bebc0: folds
87bf021b: folds
Hero: folds
b60db4f7: folds
df9bc914: folds
8e334e28: raises 400 to 800
2fb2285f: raises 2,460 to 3,260
610bd4b7: folds
8e334e28: calls 2,460
*** FLOP *** [7d 5c 3s]
2fb2285f: checks
8e334e28: checks
*** TURN *** [7d 5c 3s] [9c]
2fb2285f: checks
8e334e28: bets 3,700
2fb2285f: calls 3,700
*** RIVER *** [7d 5c 3s 9c] [Qc]
2fb2285f: checks
8e334e28: checks
2fb2285f: shows [As Tc] (Ace high)
8e334e28: shows [9d Kc] (a pair of Nines)
*** SHOWDOWN ***
8e334e28 collected 14,800 from pot
*** SUMMARY ***
Total pot 14,800 | Rake 0 | Jackpot 0 | Bingo 0 | Fortune 0 | Tax 0
Board [7d 5c 3s 9c Qc]
Seat 1: df9bc914 folded before Flop
Seat 2: 8e334e28 (button) showed [9d Kc] and won (14,800) with a pair of Nines
Seat 3: 2fb2285f (small blind) showed [As Tc] and lost with Ace high
Seat 4: 610bd4b7 (big blind) folded before Flop
Seat 5: 104bebc0 folded before Flop
Seat 6: 87bf021b folded before Flop
Seat 7: Hero folded before Flop
Seat 8: b60db4f7 folded before Flop


Poker Hand #TM5671113924: Tournament #267951021, Bounty Hunters Special $10.80 Hold'em No Limit - Level9(200/400(60)) - 2026/03/06 18:42:07
Table '44' 8-max Seat #1 is the button
Seat 1: df9bc914 (17,688 in chips)
Seat 2: 8e334e28 (20,248 in chips)
Seat 3: 2fb2285f (26,102 in chips)
Seat 4: 610bd4b7 (13,154 in chips)
Seat 5: 104bebc0 (19,707 in chips)
Seat 6: 87bf021b (5,403 in chips)
Seat 7: Hero (16,823 in chips)
Seat 8: b60db4f7 (26,363 in chips)
Hero: posts the ante 60
104bebc0: posts the ante 60
610bd4b7: posts the ante 60
8e334e28: posts the ante 60
87bf021b: posts the ante 60
df9bc914: posts the ante 60
b60db4f7: posts the ante 60
2fb2285f: posts the ante 60
8e334e28: posts small blind 200
2fb2285f: posts big blind 400
*** HOLE CARDS ***
Dealt to df9bc914 
Dealt to 8e334e28 
Dealt to 2fb2285f 
Dealt to 610bd4b7 
Dealt to 104bebc0 
Dealt to 87bf021b 
Dealt to Hero [7c 9c]
Dealt to b60db4f7 
610bd4b7: folds
104bebc0: folds
87bf021b: folds
Hero: raises 400 to 800
b60db4f7: folds
df9bc914: folds
8e334e28: calls 600
2fb2285f: folds
*** FLOP *** [Jd 8h 3c]
8e334e28: checks
Hero: bets 819
8e334e28: raises 2,059 to 2,878
Hero: calls 2,059
*** TURN *** [Jd 8h 3c] [5s]
8e334e28: checks
Hero: bets 3,718
8e334e28: calls 3,718
*** RIVER *** [Jd 8h 3c 5s] [9h]
8e334e28: checks
Hero: checks
8e334e28: shows [Kc Jc] (a pair of Jacks)
Hero: shows [7c 9c] (a pair of Nines)
*** SHOWDOWN ***
8e334e28 collected 15,672 from pot
*** SUMMARY ***
Total pot 15,672 | Rake 0 | Jackpot 0 | Bingo 0 | Fortune 0 | Tax 0
Board [Jd 8h 3c 5s 9h]
Seat 1: df9bc914 (button) folded before Flop
Seat 2: 8e334e28 (small blind) showed [Kc Jc] and won (15,672) with a pair of Jacks
Seat 3: 2fb2285f (big blind) folded before Flop
Seat 4: 610bd4b7 folded before Flop
Seat 5: 104bebc0 folded before Flop
Seat 6: 87bf021b folded before Flop
Seat 7: Hero showed [7c 9c] and lost with a pair of Nines
Seat 8: b60db4f7 folded before Flop


Poker Hand #TM5671113862: Tournament #267951021, Bounty Hunters Special $10.80 Hold'em No Limit - Level8(175/350(50)) - 2026/03/06 18:40:45
Table '44' 8-max Seat #8 is the button
Seat 1: df9bc914 (21,872 in chips)
Seat 2: 8e334e28 (20,648 in chips)
Seat 3: 2fb2285f (26,152 in chips)
Seat 4: 610bd4b7 (13,204 in chips)
Seat 5: 104bebc0 (19,757 in chips)
Seat 6: 87bf021b (5,453 in chips)
Seat 7: Hero (16,873 in chips)
Seat 8: b60db4f7 (21,529 in chips)
Hero: posts the ante 50
104bebc0: posts the ante 50
610bd4b7: posts the ante 50
8e334e28: posts the ante 50
87bf021b: posts the ante 50
df9bc914: posts the ante 50
b60db4f7: posts the ante 50
2fb2285f: posts the ante 50
df9bc914: posts small blind 175
8e334e28: posts big blind 350
*** HOLE CARDS ***
Dealt to df9bc914 
Dealt to 8e334e28 
Dealt to 2fb2285f 
Dealt to 610bd4b7 
Dealt to 104bebc0 
Dealt to 87bf021b 
Dealt to Hero [4h 5h]
Dealt to b60db4f7 
2fb2285f: folds
610bd4b7: folds
104bebc0: folds
87bf021b: folds
Hero: folds
b60db4f7: raises 350 to 700
df9bc914: calls 525
8e334e28: folds
*** FLOP *** [Qh 8h 5c]
df9bc914: checks
b60db4f7: checks
*** TURN *** [Qh 8h 5c] [9c]
df9bc914: bets 875
b60db4f7: raises 1,225 to 2,100
df9bc914: calls 1,225
*** RIVER *** [Qh 8h 5c 9c] [8s]
df9bc914: checks
b60db4f7: bets 1,334
df9bc914: calls 1,334
b60db4f7: shows [6d 7d] (a straight, Nine to Five)
df9bc914: shows [9h 6h] (two pair, Nines and Eights)
*** SHOWDOWN ***
b60db4f7 collected 9,018 from pot
*** SUMMARY ***
Total pot 9,018 | Rake 0 | Jackpot 0 | Bingo 0 | Fortune 0 | Tax 0
Board [Qh 8h 5c 9c 8s]
Seat 1: df9bc914 (small blind) showed [9h 6h] and lost with two pair, Nines and Eights
Seat 2: 8e334e28 (big blind) folded before Flop
Seat 3: 2fb2285f folded before Flop
Seat 4: 610bd4b7 folded before Flop
Seat 5: 104bebc0 folded before Flop
Seat 6: 87bf021b folded before Flop
Seat 7: Hero folded before Flop
Seat 8: b60db4f7 (button) showed [6d 7d] and won (9,018) with a straight, Nine to Five


Poker Hand #TM5671113809: Tournament #267951021, Bounty Hunters Special $10.80 Hold'em No Limit - Level8(175/350(50)) - 2026/03/06 18:39:24
Table '44' 8-max Seat #7 is the button
Seat 1: df9bc914 (22,272 in chips)
Seat 2: 8e334e28 (22,973 in chips)
Seat 3: 2fb2285f (23,002 in chips)
Seat 4: 610bd4b7 (13,254 in chips)
Seat 5: 104bebc0 (19,807 in chips)
Seat 6: 87bf021b (5,503 in chips)
Seat 7: Hero (16,923 in chips)
Seat 8: b60db4f7 (21,754 in chips)
Hero: posts the ante 50
104bebc0: posts the ante 50
610bd4b7: posts the ante 50
8e334e28: posts the ante 50
87bf021b: posts the ante 50
df9bc914: posts the ante 50
b60db4f7: posts the ante 50
2fb2285f: posts the ante 50
b60db4f7: posts small blind 175
df9bc914: posts big blind 350
*** HOLE CARDS ***
Dealt to df9bc914 
Dealt to 8e334e28 
Dealt to 2fb2285f 
Dealt to 610bd4b7 
Dealt to 104bebc0 
Dealt to 87bf021b 
Dealt to Hero [Ks Ah]
Dealt to b60db4f7 
8e334e28: raises 350 to 700
2fb2285f: raises 1,575 to 2,275
610bd4b7: folds
104bebc0: folds
87bf021b: folds
Hero: folds
b60db4f7: folds
df9bc914: folds
8e334e28: calls 1,575
*** FLOP *** [3h 8s 8d]
8e334e28: checks
2fb2285f: bets 1,544
8e334e28: folds
Uncalled bet (1,544) returned to 2fb2285f
*** SHOWDOWN ***
2fb2285f collected 5,475 from pot
*** SUMMARY ***
Total pot 5,475 | Rake 0 | Jackpot 0 | Bingo 0 | Fortune 0 | Tax 0
Board [3h 8s 8d]
Seat 1: df9bc914 (big blind) folded before Flop
Seat 2: 8e334e28 folded on the Flop
Seat 3: 2fb2285f won (5,475)
Seat 4: 610bd4b7 folded before Flop
Seat 5: 104bebc0 folded before Flop
Seat 6: 87bf021b folded before Flop
Seat 7: Hero (button) folded before Flop
Seat 8: b60db4f7 (small blind) folded before Flop


Poker Hand #TM5671113799: Tournament #267951021, Bounty Hunters Special $10.80 Hold'em No Limit - Level8(175/350(50)) - 2026/03/06 18:39:11
Table '44' 8-max Seat #6 is the button
Seat 1: df9bc914 (22,322 in chips)
Seat 2: 8e334e28 (23,023 in chips)
Seat 3: 2fb2285f (23,052 in chips)
Seat 4: 610bd4b7 (13,304 in chips)
Seat 5: 104bebc0 (19,857 in chips)
Seat 6: 87bf021b (5,553 in chips)
Seat 7: Hero (17,148 in chips)
Seat 8: b60db4f7 (21,229 in chips)
Hero: posts the ante 50
104bebc0: posts the ante 50
610bd4b7: posts the ante 50
8e334e28: posts the ante 50
87bf021b: posts the ante 50
df9bc914: posts the ante 50
b60db4f7: posts the ante 50
2fb2285f: posts the ante 50
Hero: posts small blind 175
b60db4f7: posts big blind 350
*** HOLE CARDS ***
Dealt to df9bc914 
Dealt to 8e334e28 
Dealt to 2fb2285f 
Dealt to 610bd4b7 
Dealt to 104bebc0 
Dealt to 87bf021b 
Dealt to Hero [9c As]
Dealt to b60db4f7 
df9bc914: folds
8e334e28: folds
2fb2285f: folds
610bd4b7: folds
104bebc0: folds
87bf021b: folds
Hero: folds
Uncalled bet (175) returned to b60db4f7
*** SHOWDOWN ***
b60db4f7 collected 750 from pot
*** SUMMARY ***
Total pot 750 | Rake 0 | Jackpot 0 | Bingo 0 | Fortune 0 | Tax 0
Seat 1: df9bc914 folded before Flop
Seat 2: 8e334e28 folded before Flop
Seat 3: 2fb2285f folded before Flop
Seat 4: 610bd4b7 folded before Flop
Seat 5: 104bebc0 folded before Flop
Seat 6: 87bf021b (button) folded before Flop
Seat 7: Hero (small blind) folded before Flop
Seat 8: b60db4f7 (big blind) collected (750)


Poker Hand #TM5671113773: Tournament #267951021, Bounty Hunters Special $10.80 Hold'em No Limit - Level8(175/350(50)) - 2026/03/06 18:38:34
Table '44' 8-max Seat #5 is the button
Seat 1: df9bc914 (22,372 in chips)
Seat 2: 8e334e28 (23,073 in chips)
Seat 3: 2fb2285f (23,102 in chips)
Seat 4: 610bd4b7 (11,729 in chips)
Seat 5: 104bebc0 (19,907 in chips)
Seat 6: 87bf021b (5,778 in chips)
Seat 7: Hero (17,548 in chips)
Seat 8: b60db4f7 (21,979 in chips)
Hero: posts the ante 50
104bebc0: posts the ante 50
610bd4b7: posts the ante 50
8e334e28: posts the ante 50
87bf021b: posts the ante 50
df9bc914: posts the ante 50
b60db4f7: posts the ante 50
2fb2285f: posts the ante 50
87bf021b: posts small blind 175
Hero: posts big blind 350
*** HOLE CARDS ***
Dealt to df9bc914 
Dealt to 8e334e28 
Dealt to 2fb2285f 
Dealt to 610bd4b7 
Dealt to 104bebc0 
Dealt to 87bf021b 
Dealt to Hero [Ad 5d]
Dealt to b60db4f7 
b60db4f7: raises 350 to 700
df9bc914: folds
8e334e28: folds
2fb2285f: folds
610bd4b7: raises 1,400 to 2,100
104bebc0: folds
87bf021b: folds
Hero: folds
b60db4f7: folds
Uncalled bet (1,400) returned to 610bd4b7
*** SHOWDOWN ***
610bd4b7 collected 2,325 from pot
*** SUMMARY ***
Total pot 2,325 | Rake 0 | Jackpot 0 | Bingo 0 | Fortune 0 | Tax 0
Seat 1: df9bc914 folded before Flop
Seat 2: 8e334e28 folded before Flop
Seat 3: 2fb2285f folded before Flop
Seat 4: 610bd4b7 collected (2,325)
Seat 5: 104bebc0 (button) folded before Flop
Seat 6: 87bf021b (small blind) folded before Flop
Seat 7: Hero (big blind) folded before Flop
Seat 8: b60db4f7 folded before Flop


Poker Hand #TM5671113760: Tournament #267951021, Bounty Hunters Special $10.80 Hold'em No Limit - Level8(175/350(50)) - 2026/03/06 18:38:12
Table '44' 8-max Seat #4 is the button
Seat 1: df9bc914 (22,422 in chips)
Seat 2: 8e334e28 (23,123 in chips)
Seat 3: 2fb2285f (23,152 in chips)
Seat 4: 610bd4b7 (11,779 in chips)
Seat 5: 104bebc0 (20,132 in chips)
Seat 6: 87bf021b (6,178 in chips)
Seat 7: Hero (17,598 in chips)
Seat 8: b60db4f7 (21,104 in chips)
Hero: posts the ante 50
104bebc0: posts the ante 50
610bd4b7: posts the ante 50
8e334e28: posts the ante 50
87bf021b: posts the ante 50
df9bc914: posts the ante 50
b60db4f7: posts the ante 50
2fb2285f: posts the ante 50
104bebc0: posts small blind 175
87bf021b: posts big blind 350
*** HOLE CARDS ***
Dealt to df9bc914 
Dealt to 8e334e28 
Dealt to 2fb2285f 
Dealt to 610bd4b7 
Dealt to 104bebc0 
Dealt to 87bf021b 
Dealt to Hero [9c 8c]
Dealt to b60db4f7 
Hero: folds
b60db4f7: raises 350 to 700
df9bc914: folds
8e334e28: folds
2fb2285f: folds
610bd4b7: folds
104bebc0: folds
87bf021b: folds
Uncalled bet (350) returned to b60db4f7
*** SHOWDOWN ***
b60db4f7 collected 1,275 from pot
*** SUMMARY ***
Total pot 1,275 | Rake 0 | Jackpot 0 | Bingo 0 | Fortune 0 | Tax 0
Seat 1: df9bc914 folded before Flop
Seat 2: 8e334e28 folded before Flop
Seat 3: 2fb2285f folded before Flop
Seat 4: 610bd4b7 (button) folded before Flop
Seat 5: 104bebc0 (small blind) folded before Flop
Seat 6: 87bf021b (big blind) folded before Flop
Seat 7: Hero folded before Flop
Seat 8: b60db4f7 collected (1,275)


Poker Hand #TM5671113719: Tournament #267951021, Bounty Hunters Special $10.80 Hold'em No Limit - Level8(175/350(50)) - 2026/03/06 18:37:19
Table '44' 8-max Seat #3 is the button
Seat 1: df9bc914 (23,172 in chips)
Seat 2: 8e334e28 (23,173 in chips)
Seat 3: 2fb2285f (21,577 in chips)
Seat 4: 610bd4b7 (12,004 in chips)
Seat 5: 104bebc0 (20,532 in chips)
Seat 6: 87bf021b (6,228 in chips)
Seat 7: Hero (17,648 in chips)
Seat 8: b60db4f7 (21,154 in chips)
Hero: posts the ante 50
104bebc0: posts the ante 50
8e334e28: posts the ante 50
610bd4b7: posts the ante 50
87bf021b: posts the ante 50
df9bc914: posts the ante 50
b60db4f7: posts the ante 50
2fb2285f: posts the ante 50
610bd4b7: posts small blind 175
104bebc0: posts big blind 350
*** HOLE CARDS ***
Dealt to df9bc914 
Dealt to 8e334e28 
Dealt to 2fb2285f 
Dealt to 610bd4b7 
Dealt to 104bebc0 
Dealt to 87bf021b 
Dealt to Hero [7c 2h]
Dealt to b60db4f7 
87bf021b: folds
Hero: folds
b60db4f7: folds
df9bc914: raises 350 to 700
8e334e28: folds
2fb2285f: raises 1,919 to 2,619
610bd4b7: folds
104bebc0: folds
df9bc914: folds
Uncalled bet (1,919) returned to 2fb2285f
*** SHOWDOWN ***
2fb2285f collected 2,325 from pot
*** SUMMARY ***
Total pot 2,325 | Rake 0 | Jackpot 0 | Bingo 0 | Fortune 0 | Tax 0
Seat 1: df9bc914 folded before Flop
Seat 2: 8e334e28 folded before Flop
Seat 3: 2fb2285f (button) collected (2,325)
Seat 4: 610bd4b7 (small blind) folded before Flop
Seat 5: 104bebc0 (big blind) folded before Flop
Seat 6: 87bf021b folded before Flop
Seat 7: Hero folded before Flop
Seat 8: b60db4f7 folded before Flop


Poker Hand #TM5671113676: Tournament #267951021, Bounty Hunters Special $10.80 Hold'em No Limit - Level8(175/350(50)) - 2026/03/06 18:36:17
Table '44' 8-max Seat #2 is the button
Seat 2: 8e334e28 (21,998 in chips)
Seat 3: 2fb2285f (21,802 in chips)
Seat 4: 610bd4b7 (12,754 in chips)
Seat 5: 104bebc0 (20,582 in chips)
Seat 6: 87bf021b (6,278 in chips)
Seat 7: Hero (17,698 in chips)
Seat 8: b60db4f7 (21,204 in chips)
Hero: posts the ante 50
104bebc0: posts the ante 50
8e334e28: posts the ante 50
610bd4b7: posts the ante 50
87bf021b: posts the ante 50
b60db4f7: posts the ante 50
2fb2285f: posts the ante 50
2fb2285f: posts small blind 175
610bd4b7: posts big blind 350
*** HOLE CARDS ***
Dealt to 8e334e28 
Dealt to 2fb2285f 
Dealt to 610bd4b7 
Dealt to 104bebc0 
Dealt to 87bf021b 
Dealt to Hero [3s 2s]
Dealt to b60db4f7 
104bebc0: folds
87bf021b: folds
Hero: folds
b60db4f7: folds
8e334e28: raises 350 to 700
2fb2285f: folds
610bd4b7: calls 350
*** FLOP *** [5d 6h Ks]
610bd4b7: checks
8e334e28: bets 636
610bd4b7: folds
Uncalled bet (636) returned to 8e334e28
*** SHOWDOWN ***
8e334e28 collected 1,925 from pot
*** SUMMARY ***
Total pot 1,925 | Rake 0 | Jackpot 0 | Bingo 0 | Fortune 0 | Tax 0
Board [5d 6h Ks]
Seat 2: 8e334e28 (button) won (1,925)
Seat 3: 2fb2285f (small blind) folded before Flop
Seat 4: 610bd4b7 (big blind) folded on the Flop
Seat 5: 104bebc0 folded before Flop
Seat 6: 87bf021b folded before Flop
Seat 7: Hero folded before Flop
Seat 8: b60db4f7 folded before Flop


Poker Hand #TM5671113589: Tournament #267951021, Bounty Hunters Special $10.80 Hold'em No Limit - Level8(175/350(50)) - 2026/03/06 18:34:11
Table '44' 8-max Seat #8 is the button
Seat 1: 2abf624c (10,655 in chips)
Seat 2: 8e334e28 (11,043 in chips)
Seat 3: 2fb2285f (21,852 in chips)
Seat 4: 610bd4b7 (12,804 in chips)
Seat 5: 104bebc0 (20,632 in chips)
Seat 6: 87bf021b (6,328 in chips)
Seat 7: Hero (17,748 in chips)
Seat 8: b60db4f7 (21,254 in chips)
Hero: posts the ante 50
104bebc0: posts the ante 50
610bd4b7: posts the ante 50
8e334e28: posts the ante 50
87bf021b: posts the ante 50
2abf624c: posts the ante 50
b60db4f7: posts the ante 50
2fb2285f: posts the ante 50
2abf624c: posts small blind 175
8e334e28: posts big blind 350
*** HOLE CARDS ***
Dealt to 2abf624c 
Dealt to 8e334e28 
Dealt to 2fb2285f 
Dealt to 610bd4b7 
Dealt to 104bebc0 
Dealt to 87bf021b 
Dealt to Hero [4c Ah]
Dealt to b60db4f7 
2fb2285f: folds
610bd4b7: folds
104bebc0: folds
87bf021b: folds
Hero: folds
b60db4f7: folds
2abf624c: raises 700 to 1,050
8e334e28: calls 700
*** FLOP *** [Qd 4d 8d]
2abf624c: bets 770
8e334e28: raises 2,020 to 2,790
2abf624c: calls 2,020
*** TURN *** [Qd 4d 8d] [7c]
2abf624c: checks
8e334e28: bets 7,153 and is all-in
2abf624c: calls 6,765 and is all-in
Uncalled bet (388) returned to 8e334e28
8e334e28: shows [Qh 9d] (a pair of Queens)
2abf624c: shows [4s Ks] (a pair of Fours)
*** RIVER *** [Qd 4d 8d 7c] [6d]
*** SHOWDOWN ***
8e334e28 collected 21,610 from pot
*** SUMMARY ***
Total pot 21,610 | Rake 0 | Jackpot 0 | Bingo 0 | Fortune 0 | Tax 0
Board [Qd 4d 8d 7c 6d]
Seat 1: 2abf624c (small blind) showed [4s Ks] and lost with a pair of Fours
Seat 2: 8e334e28 (big blind) showed [Qh 9d] and won (21,610) with a flush Queen high
Seat 3: 2fb2285f folded before Flop
Seat 4: 610bd4b7 folded before Flop
Seat 5: 104bebc0 folded before Flop
Seat 6: 87bf021b folded before Flop
Seat 7: Hero folded before Flop
Seat 8: b60db4f7 (button) folded before Flop


Poker Hand #TM5671113557: Tournament #267951021, Bounty Hunters Special $10.80 Hold'em No Limit - Level8(175/350(50)) - 2026/03/06 18:33:27
Table '44' 8-max Seat #7 is the button
Seat 1: 2abf624c (9,955 in chips)
Seat 2: 8e334e28 (11,093 in chips)
Seat 3: 2fb2285f (21,902 in chips)
Seat 4: 610bd4b7 (12,854 in chips)
Seat 5: 104bebc0 (20,682 in chips)
Seat 6: 87bf021b (6,378 in chips)
Seat 7: Hero (17,798 in chips)
Seat 8: b60db4f7 (21,654 in chips)
Hero: posts the ante 50
104bebc0: posts the ante 50
610bd4b7: posts the ante 50
8e334e28: posts the ante 50
87bf021b: posts the ante 50
2abf624c: posts the ante 50
b60db4f7: posts the ante 50
2fb2285f: posts the ante 50
b60db4f7: posts small blind 175
2abf624c: posts big blind 350
*** HOLE CARDS ***
Dealt to 2abf624c 
Dealt to 8e334e28 
Dealt to 2fb2285f 
Dealt to 610bd4b7 
Dealt to 104bebc0 
Dealt to 87bf021b 
Dealt to Hero [3h As]
Dealt to b60db4f7 
8e334e28: folds
2fb2285f: folds
610bd4b7: folds
104bebc0: folds
87bf021b: folds
Hero: folds
b60db4f7: calls 175
2abf624c: raises 700 to 1,050
b60db4f7: folds
Uncalled bet (700) returned to 2abf624c
*** SHOWDOWN ***
2abf624c collected 1,100 from pot
*** SUMMARY ***
Total pot 1,100 | Rake 0 | Jackpot 0 | Bingo 0 | Fortune 0 | Tax 0
Seat 1: 2abf624c (big blind) collected (1,100)
Seat 2: 8e334e28 folded before Flop
Seat 3: 2fb2285f folded before Flop
Seat 4: 610bd4b7 folded before Flop
Seat 5: 104bebc0 folded before Flop
Seat 6: 87bf021b folded before Flop
Seat 7: Hero (button) folded before Flop
Seat 8: b60db4f7 (small blind) folded before Flop


Poker Hand #TM5671113515: Tournament #267951021, Bounty Hunters Special $10.80 Hold'em No Limit - Level7(150/300(45)) - 2026/03/06 18:32:24
Table '44' 8-max Seat #6 is the button
Seat 1: 2abf624c (10,000 in chips)
Seat 2: 8e334e28 (11,138 in chips)
Seat 3: 2fb2285f (19,637 in chips)
Seat 4: 610bd4b7 (13,499 in chips)
Seat 5: 104bebc0 (21,327 in chips)
Seat 6: 87bf021b (6,423 in chips)
Seat 7: Hero (17,993 in chips)
Seat 8: b60db4f7 (22,299 in chips)
Hero: posts the ante 45
104bebc0: posts the ante 45
610bd4b7: posts the ante 45
8e334e28: posts the ante 45
87bf021b: posts the ante 45
2abf624c: posts the ante 45
b60db4f7: posts the ante 45
2fb2285f: posts the ante 45
Hero: posts small blind 150
b60db4f7: posts big blind 300
*** HOLE CARDS ***
Dealt to 2abf624c 
Dealt to 8e334e28 
Dealt to 2fb2285f 
Dealt to 610bd4b7 
Dealt to 104bebc0 
Dealt to 87bf021b 
Dealt to Hero [8c Kh]
Dealt to b60db4f7 
2abf624c: folds
8e334e28: folds
2fb2285f: raises 300 to 600
610bd4b7: calls 600
104bebc0: calls 600
87bf021b: folds
Hero: folds
b60db4f7: calls 300
*** FLOP *** [9d Ah 2s]
b60db4f7: checks
2fb2285f: bets 750
610bd4b7: folds
104bebc0: folds
b60db4f7: folds
Uncalled bet (750) returned to 2fb2285f
*** SHOWDOWN ***
2fb2285f collected 2,910 from pot
*** SUMMARY ***
Total pot 2,910 | Rake 0 | Jackpot 0 | Bingo 0 | Fortune 0 | Tax 0
Board [9d Ah 2s]
Seat 1: 2abf624c folded before Flop
Seat 2: 8e334e28 folded before Flop
Seat 3: 2fb2285f won (2,910)
Seat 4: 610bd4b7 folded on the Flop
Seat 5: 104bebc0 folded on the Flop
Seat 6: 87bf021b (button) folded before Flop
Seat 7: Hero (small blind) folded before Flop
Seat 8: b60db4f7 (big blind) folded on the Flop


Poker Hand #TM5671113501: Tournament #267951021, Bounty Hunters Special $10.80 Hold'em No Limit - Level7(150/300(45)) - 2026/03/06 18:32:04
Table '44' 8-max Seat #5 is the button
Seat 2: 8e334e28 (11,183 in chips)
Seat 3: 2fb2285f (18,917 in chips)
Seat 4: 610bd4b7 (13,544 in chips)
Seat 5: 104bebc0 (21,372 in chips)
Seat 6: 87bf021b (6,618 in chips)
Seat 7: Hero (18,338 in chips)
Seat 8: b60db4f7 (22,344 in chips)
Hero: posts the ante 45
104bebc0: posts the ante 45
610bd4b7: posts the ante 45
8e334e28: posts the ante 45
87bf021b: posts the ante 45
b60db4f7: posts the ante 45
2fb2285f: posts the ante 45
87bf021b: posts small blind 150
Hero: posts big blind 300
*** HOLE CARDS ***
Dealt to 8e334e28 
Dealt to 2fb2285f 
Dealt to 610bd4b7 
Dealt to 104bebc0 
Dealt to 87bf021b 
Dealt to Hero [Ts 8s]
Dealt to b60db4f7 
b60db4f7: folds
8e334e28: folds
2fb2285f: raises 300 to 600
610bd4b7: folds
104bebc0: folds
87bf021b: folds
Hero: folds
Uncalled bet (300) returned to 2fb2285f
*** SHOWDOWN ***
2fb2285f collected 1,065 from pot
*** SUMMARY ***
Total pot 1,065 | Rake 0 | Jackpot 0 | Bingo 0 | Fortune 0 | Tax 0
Seat 2: 8e334e28 folded before Flop
Seat 3: 2fb2285f collected (1,065)
Seat 4: 610bd4b7 folded before Flop
Seat 5: 104bebc0 (button) folded before Flop
Seat 6: 87bf021b (small blind) folded before Flop
Seat 7: Hero (big blind) folded before Flop
Seat 8: b60db4f7 folded before Flop


Poker Hand #TM5671113458: Tournament #267951021, Bounty Hunters Special $10.80 Hold'em No Limit - Level7(150/300(45)) - 2026/03/06 18:31:06
Table '44' 8-max Seat #4 is the button
Seat 1: cad517b4 (8,175 in chips)
Seat 2: 8e334e28 (11,228 in chips)
Seat 3: 2fb2285f (18,962 in chips)
Seat 4: 610bd4b7 (19,815 in chips)
Seat 5: 104bebc0 (21,567 in chips)
Seat 6: 87bf021b (6,963 in chips)
Seat 7: Hero (18,383 in chips)
Seat 8: b60db4f7 (7,223 in chips)
cad517b4: posts the ante 45
Hero: posts the ante 45
104bebc0: posts the ante 45
610bd4b7: posts the ante 45
8e334e28: posts the ante 45
87bf021b: posts the ante 45
b60db4f7: posts the ante 45
2fb2285f: posts the ante 45
104bebc0: posts small blind 150
87bf021b: posts big blind 300
*** HOLE CARDS ***
Dealt to cad517b4 
Dealt to 8e334e28 
Dealt to 2fb2285f 
Dealt to 610bd4b7 
Dealt to 104bebc0 
Dealt to 87bf021b 
Dealt to Hero [Qd 5h]
Dealt to b60db4f7 
Hero: folds
b60db4f7: raises 300 to 600
cad517b4: raises 7,530 to 8,130 and is all-in
8e334e28: folds
2fb2285f: folds
610bd4b7: raises 11,640 to 19,770 and is all-in
104bebc0: folds
87bf021b: folds
b60db4f7: calls 6,578 and is all-in
Uncalled bet (11,640) returned to 610bd4b7
610bd4b7: shows [7s 7h]
b60db4f7: shows [9c 9h]
cad517b4: shows [4c 4d]
*** FLOP *** [Qs 8h Ah]
*** TURN *** [Qs 8h Ah] [6h]
*** RIVER *** [Qs 8h Ah 6h] [Ks]
*** SHOWDOWN ***
b60db4f7 collected 22,344 from pot
610bd4b7 collected 1,904 from pot
*** SUMMARY ***
Total pot 24,248 | Rake 0 | Jackpot 0 | Bingo 0 | Fortune 0 | Tax 0
Board [Qs 8h Ah 6h Ks]
Seat 1: cad517b4 showed [4c 4d] and lost with a pair of Fours
Seat 2: 8e334e28 folded before Flop
Seat 3: 2fb2285f folded before Flop
Seat 4: 610bd4b7 (button) showed [7s 7h] and won (1,904) with a pair of Sevens
Seat 5: 104bebc0 (small blind) folded before Flop
Seat 6: 87bf021b (big blind) folded before Flop
Seat 7: Hero folded before Flop
Seat 8: b60db4f7 showed [9c 9h] and won (22,344) with a pair of Nines


Poker Hand #TM5671113434: Tournament #267951021, Bounty Hunters Special $10.80 Hold'em No Limit - Level7(150/300(45)) - 2026/03/06 18:30:34
Table '44' 8-max Seat #3 is the button
Seat 1: cad517b4 (10,478 in chips)
Seat 2: 8e334e28 (11,273 in chips)
Seat 3: 2fb2285f (15,939 in chips)
Seat 4: 610bd4b7 (20,010 in chips)
Seat 5: 104bebc0 (21,912 in chips)
Seat 6: 87bf021b (7,008 in chips)
Seat 7: Hero (18,428 in chips)
Seat 8: b60db4f7 (7,268 in chips)
cad517b4: posts the ante 45
Hero: posts the ante 45
104bebc0: posts the ante 45
8e334e28: posts the ante 45
610bd4b7: posts the ante 45
87bf021b: posts the ante 45
b60db4f7: posts the ante 45
2fb2285f: posts the ante 45
610bd4b7: posts small blind 150
104bebc0: posts big blind 300
*** HOLE CARDS ***
Dealt to cad517b4 
Dealt to 8e334e28 
Dealt to 2fb2285f 
Dealt to 610bd4b7 
Dealt to 104bebc0 
Dealt to 87bf021b 
Dealt to Hero [8s Qc]
Dealt to b60db4f7 
87bf021b: folds
Hero: folds
b60db4f7: folds
cad517b4: raises 300 to 600
8e334e28: folds
2fb2285f: raises 1,658 to 2,258
610bd4b7: folds
104bebc0: folds
cad517b4: calls 1,658
*** FLOP *** [2s 8h Qd]
cad517b4: checks
2fb2285f: bets 1,332
cad517b4: folds
Uncalled bet (1,332) returned to 2fb2285f
*** SHOWDOWN ***
2fb2285f collected 5,326 from pot
*** SUMMARY ***
Total pot 5,326 | Rake 0 | Jackpot 0 | Bingo 0 | Fortune 0 | Tax 0
Board [2s 8h Qd]
Seat 1: cad517b4 folded on the Flop
Seat 2: 8e334e28 folded before Flop
Seat 3: 2fb2285f (button) won (5,326)
Seat 4: 610bd4b7 (small blind) folded before Flop
Seat 5: 104bebc0 (big blind) folded before Flop
Seat 6: 87bf021b folded before Flop
Seat 7: Hero folded before Flop
Seat 8: b60db4f7 folded before Flop


Poker Hand #TM5671113415: Tournament #267951021, Bounty Hunters Special $10.80 Hold'em No Limit - Level7(150/300(45)) - 2026/03/06 18:30:04
Table '44' 8-max Seat #2 is the button
Seat 1: cad517b4 (9,113 in chips)
Seat 2: 8e334e28 (11,318 in chips)
Seat 3: 2fb2285f (16,134 in chips)
Seat 4: 610bd4b7 (20,355 in chips)
Seat 5: 104bebc0 (21,957 in chips)
Seat 6: 87bf021b (7,053 in chips)
Seat 7: Hero (18,473 in chips)
Seat 8: b60db4f7 (7,913 in chips)
cad517b4: posts the ante 45
Hero: posts the ante 45
104bebc0: posts the ante 45
8e334e28: posts the ante 45
610bd4b7: posts the ante 45
87bf021b: posts the ante 45
b60db4f7: posts the ante 45
2fb2285f: posts the ante 45
2fb2285f: posts small blind 150
610bd4b7: posts big blind 300
*** HOLE CARDS ***
Dealt to cad517b4 
Dealt to 8e334e28 
Dealt to 2fb2285f 
Dealt to 610bd4b7 
Dealt to 104bebc0 
Dealt to 87bf021b 
Dealt to Hero [7s 7h]
Dealt to b60db4f7 
104bebc0: folds
87bf021b: folds
Hero: folds
b60db4f7: raises 300 to 600
cad517b4: raises 8,468 to 9,068 and is all-in
8e334e28: folds
2fb2285f: folds
610bd4b7: folds
b60db4f7: folds
Uncalled bet (8,468) returned to cad517b4
*** SHOWDOWN ***
cad517b4 collected 2,010 from pot
*** SUMMARY ***
Total pot 2,010 | Rake 0 | Jackpot 0 | Bingo 0 | Fortune 0 | Tax 0
Seat 1: cad517b4 collected (2,010)
Seat 2: 8e334e28 (button) folded before Flop
Seat 3: 2fb2285f (small blind) folded before Flop
Seat 4: 610bd4b7 (big blind) folded before Flop
Seat 5: 104bebc0 folded before Flop
Seat 6: 87bf021b folded before Flop
Seat 7: Hero folded before Flop
Seat 8: b60db4f7 folded before Flop


Poker Hand #TM5671113353: Tournament #267951021, Bounty Hunters Special $10.80 Hold'em No Limit - Level7(150/300(45)) - 2026/03/06 18:28:38
Table '44' 8-max Seat #1 is the button
Seat 1: cad517b4 (9,158 in chips)
Seat 2: 8e334e28 (11,513 in chips)
Seat 3: 2fb2285f (12,286 in chips)
Seat 4: 610bd4b7 (20,400 in chips)
Seat 5: 104bebc0 (22,002 in chips)
Seat 6: 87bf021b (7,098 in chips)
Seat 7: Hero (18,518 in chips)
Seat 8: b60db4f7 (11,341 in chips)
cad517b4: posts the ante 45
Hero: posts the ante 45
104bebc0: posts the ante 45
610bd4b7: posts the ante 45
8e334e28: posts the ante 45
87bf021b: posts the ante 45
b60db4f7: posts the ante 45
2fb2285f: posts the ante 45
8e334e28: posts small blind 150
2fb2285f: posts big blind 300
*** HOLE CARDS ***
Dealt to cad517b4 
Dealt to 8e334e28 
Dealt to 2fb2285f 
Dealt to 610bd4b7 
Dealt to 104bebc0 
Dealt to 87bf021b 
Dealt to Hero [9c Kc]
Dealt to b60db4f7 
610bd4b7: folds
104bebc0: folds
87bf021b: folds
Hero: folds
b60db4f7: raises 300 to 600
cad517b4: folds
8e334e28: folds
2fb2285f: calls 300
*** FLOP *** [Jh 8s Qd]
2fb2285f: checks
b60db4f7: bets 600
2fb2285f: calls 600
*** TURN *** [Jh 8s Qd] [Tc]
2fb2285f: checks
b60db4f7: checks
*** RIVER *** [Jh 8s Qd Tc] [8d]
2fb2285f: bets 2,183
b60db4f7: calls 2,183
2fb2285f: shows [9d 3d] (a straight, Queen to Eight)
b60db4f7: shows [Qc Ks] (two pair, Queens and Eights)
*** SHOWDOWN ***
2fb2285f collected 7,276 from pot
*** SUMMARY ***
Total pot 7,276 | Rake 0 | Jackpot 0 | Bingo 0 | Fortune 0 | Tax 0
Board [Jh 8s Qd Tc 8d]
Seat 1: cad517b4 (button) folded before Flop
Seat 2: 8e334e28 (small blind) folded before Flop
Seat 3: 2fb2285f (big blind) showed [9d 3d] and won (7,276) with a straight, Queen to Eight
Seat 4: 610bd4b7 folded before Flop
Seat 5: 104bebc0 folded before Flop
Seat 6: 87bf021b folded before Flop
Seat 7: Hero folded before Flop
Seat 8: b60db4f7 showed [Qc Ks] and lost with two pair, Queens and Eights


Poker Hand #TM5671113304: Tournament #267951021, Bounty Hunters Special $10.80 Hold'em No Limit - Level7(150/300(45)) - 2026/03/06 18:27:32
Table '44' 8-max Seat #8 is the button
Seat 1: cad517b4 (7,329 in chips)
Seat 2: 8e334e28 (11,858 in chips)
Seat 3: 2fb2285f (13,545 in chips)
Seat 4: 610bd4b7 (20,445 in chips)
Seat 5: 104bebc0 (22,047 in chips)
Seat 6: 87bf021b (7,143 in chips)
Seat 7: Hero (18,563 in chips)
Seat 8: b60db4f7 (11,386 in chips)
cad517b4: posts the ante 45
Hero: posts the ante 45
104bebc0: posts the ante 45
610bd4b7: posts the ante 45
8e334e28: posts the ante 45
87bf021b: posts the ante 45
b60db4f7: posts the ante 45
2fb2285f: posts the ante 45
cad517b4: posts small blind 150
8e334e28: posts big blind 300
*** HOLE CARDS ***
Dealt to cad517b4 
Dealt to 8e334e28 
Dealt to 2fb2285f 
Dealt to 610bd4b7 
Dealt to 104bebc0 
Dealt to 87bf021b 
Dealt to Hero [2c 7h]
Dealt to b60db4f7 
2fb2285f: raises 300 to 600
610bd4b7: folds
104bebc0: folds
87bf021b: folds
Hero: folds
b60db4f7: folds
cad517b4: calls 450
8e334e28: folds
*** FLOP *** [Ah 7c Qh]
cad517b4: checks
2fb2285f: bets 614
cad517b4: calls 614
*** TURN *** [Ah 7c Qh] [Td]
cad517b4: checks
2fb2285f: checks
*** RIVER *** [Ah 7c Qh Td] [6c]
cad517b4: checks
2fb2285f: checks
cad517b4: shows [8d 7d] (a pair of Sevens)
2fb2285f: shows [4d 4s] (a pair of Fours)
*** SHOWDOWN ***
cad517b4 collected 3,088 from pot
*** SUMMARY ***
Total pot 3,088 | Rake 0 | Jackpot 0 | Bingo 0 | Fortune 0 | Tax 0
Board [Ah 7c Qh Td 6c]
Seat 1: cad517b4 (small blind) showed [8d 7d] and won (3,088) with a pair of Sevens
Seat 2: 8e334e28 (big blind) folded before Flop
Seat 3: 2fb2285f showed [4d 4s] and lost with a pair of Fours
Seat 4: 610bd4b7 folded before Flop
Seat 5: 104bebc0 folded before Flop
Seat 6: 87bf021b folded before Flop
Seat 7: Hero folded before Flop
Seat 8: b60db4f7 (button) folded before Flop


Poker Hand #TM5671113285: Tournament #267951021, Bounty Hunters Special $10.80 Hold'em No Limit - Level7(150/300(45)) - 2026/03/06 18:27:03
Table '44' 8-max Seat #7 is the button
Seat 1: cad517b4 (7,974 in chips)
Seat 2: 8e334e28 (11,903 in chips)
Seat 3: 2fb2285f (13,590 in chips)
Seat 4: 610bd4b7 (20,490 in chips)
Seat 5: 104bebc0 (20,982 in chips)
Seat 6: 87bf021b (7,188 in chips)
Seat 7: Hero (18,608 in chips)
Seat 8: b60db4f7 (11,581 in chips)
cad517b4: posts the ante 45
Hero: posts the ante 45
104bebc0: posts the ante 45
610bd4b7: posts the ante 45
8e334e28: posts the ante 45
87bf021b: posts the ante 45
b60db4f7: posts the ante 45
2fb2285f: posts the ante 45
b60db4f7: posts small blind 150
cad517b4: posts big blind 300
*** HOLE CARDS ***
Dealt to cad517b4 
Dealt to 8e334e28 
Dealt to 2fb2285f 
Dealt to 610bd4b7 
Dealt to 104bebc0 
Dealt to 87bf021b 
Dealt to Hero [Ad 2c]
Dealt to b60db4f7 
8e334e28: folds
2fb2285f: folds
610bd4b7: folds
104bebc0: raises 300 to 600
87bf021b: folds
Hero: folds
b60db4f7: folds
cad517b4: calls 300
*** FLOP *** [9c 4s 3d]
cad517b4: checks
104bebc0: checks
*** TURN *** [9c 4s 3d] [Ac]
cad517b4: checks
104bebc0: bets 855
cad517b4: folds
Uncalled bet (855) returned to 104bebc0
*** SHOWDOWN ***
104bebc0 collected 1,710 from pot
*** SUMMARY ***
Total pot 1,710 | Rake 0 | Jackpot 0 | Bingo 0 | Fortune 0 | Tax 0
Board [9c 4s 3d Ac]
Seat 1: cad517b4 (big blind) folded on the Turn
Seat 2: 8e334e28 folded before Flop
Seat 3: 2fb2285f folded before Flop
Seat 4: 610bd4b7 folded before Flop
Seat 5: 104bebc0 won (1,710)
Seat 6: 87bf021b folded before Flop
Seat 7: Hero (button) folded before Flop
Seat 8: b60db4f7 (small blind) folded before Flop


Poker Hand #TM5671113235: Tournament #267951021, Bounty Hunters Special $10.80 Hold'em No Limit - Level7(150/300(45)) - 2026/03/06 18:25:50
Table '44' 8-max Seat #6 is the button
Seat 1: cad517b4 (8,019 in chips)
Seat 2: 8e334e28 (11,948 in chips)
Seat 3: 2fb2285f (14,235 in chips)
Seat 4: 610bd4b7 (20,535 in chips)
Seat 5: 104bebc0 (21,027 in chips)
Seat 6: 87bf021b (7,233 in chips)
Seat 7: Hero (16,380 in chips)
Seat 8: b60db4f7 (12,939 in chips)
cad517b4: posts the ante 45
Hero: posts the ante 45
104bebc0: posts the ante 45
610bd4b7: posts the ante 45
8e334e28: posts the ante 45
87bf021b: posts the ante 45
b60db4f7: posts the ante 45
2fb2285f: posts the ante 45
Hero: posts small blind 150
b60db4f7: posts big blind 300
*** HOLE CARDS ***
Dealt to cad517b4 
Dealt to 8e334e28 
Dealt to 2fb2285f 
Dealt to 610bd4b7 
Dealt to 104bebc0 
Dealt to 87bf021b 
Dealt to Hero [Qc Js]
Dealt to b60db4f7 
cad517b4: folds
8e334e28: folds
2fb2285f: raises 300 to 600
610bd4b7: folds
104bebc0: folds
87bf021b: folds
Hero: calls 450
b60db4f7: calls 300
*** FLOP *** [7h 8d Qs]
Hero: checks
b60db4f7: checks
2fb2285f: checks
*** TURN *** [7h 8d Qs] [4s]
Hero: bets 713
b60db4f7: calls 713
2fb2285f: folds
*** RIVER *** [7h 8d Qs 4s] [7s]
Hero: checks
b60db4f7: checks
Hero: shows [Qc Js] (two pair, Queens and Sevens)
b60db4f7: shows [3h 4h] (two pair, Sevens and Fours)
*** SHOWDOWN ***
Hero collected 3,586 from pot
*** SUMMARY ***
Total pot 3,586 | Rake 0 | Jackpot 0 | Bingo 0 | Fortune 0 | Tax 0
Board [7h 8d Qs 4s 7s]
Seat 1: cad517b4 folded before Flop
Seat 2: 8e334e28 folded before Flop
Seat 3: 2fb2285f folded on the Turn
Seat 4: 610bd4b7 folded before Flop
Seat 5: 104bebc0 folded before Flop
Seat 6: 87bf021b (button) folded before Flop
Seat 7: Hero (small blind) showed [Qc Js] and won (3,586) with two pair, Queens and Sevens
Seat 8: b60db4f7 (big blind) showed [3h 4h] and lost with two pair, Sevens and Fours


Poker Hand #TM5671113222: Tournament #267951021, Bounty Hunters Special $10.80 Hold'em No Limit - Level7(150/300(45)) - 2026/03/06 18:25:31
Table '44' 8-max Seat #5 is the button
Seat 1: cad517b4 (7,254 in chips)
Seat 2: 8e334e28 (11,993 in chips)
Seat 3: 2fb2285f (14,280 in chips)
Seat 4: 610bd4b7 (20,580 in chips)
Seat 5: 104bebc0 (21,072 in chips)
Seat 6: 87bf021b (7,428 in chips)
Seat 7: Hero (16,725 in chips)
Seat 8: b60db4f7 (12,984 in chips)
cad517b4: posts the ante 45
Hero: posts the ante 45
104bebc0: posts the ante 45
610bd4b7: posts the ante 45
8e334e28: posts the ante 45
87bf021b: posts the ante 45
b60db4f7: posts the ante 45
2fb2285f: posts the ante 45
87bf021b: posts small blind 150
Hero: posts big blind 300
*** HOLE CARDS ***
Dealt to cad517b4 
Dealt to 8e334e28 
Dealt to 2fb2285f 
Dealt to 610bd4b7 
Dealt to 104bebc0 
Dealt to 87bf021b 
Dealt to Hero [Ts 2c]
Dealt to b60db4f7 
b60db4f7: folds
cad517b4: raises 300 to 600
8e334e28: folds
2fb2285f: folds
610bd4b7: folds
104bebc0: folds
87bf021b: folds
Hero: folds
Uncalled bet (300) returned to cad517b4
*** SHOWDOWN ***
cad517b4 collected 1,110 from pot
*** SUMMARY ***
Total pot 1,110 | Rake 0 | Jackpot 0 | Bingo 0 | Fortune 0 | Tax 0
Seat 1: cad517b4 collected (1,110)
Seat 2: 8e334e28 folded before Flop
Seat 3: 2fb2285f folded before Flop
Seat 4: 610bd4b7 folded before Flop
Seat 5: 104bebc0 (button) folded before Flop
Seat 6: 87bf021b (small blind) folded before Flop
Seat 7: Hero (big blind) folded before Flop
Seat 8: b60db4f7 folded before Flop


Poker Hand #TM5671113188: Tournament #267951021, Bounty Hunters Special $10.80 Hold'em No Limit - Level6(125/250(35)) - 2026/03/06 18:24:45
Table '44' 8-max Seat #4 is the button
Seat 1: cad517b4 (7,289 in chips)
Seat 2: 8e334e28 (12,028 in chips)
Seat 3: 2fb2285f (13,160 in chips)
Seat 4: 610bd4b7 (20,615 in chips)
Seat 5: 104bebc0 (21,232 in chips)
Seat 6: 87bf021b (7,713 in chips)
Seat 7: Hero (16,760 in chips)
Seat 8: b60db4f7 (13,519 in chips)
cad517b4: posts the ante 35
Hero: posts the ante 35
104bebc0: posts the ante 35
610bd4b7: posts the ante 35
8e334e28: posts the ante 35
87bf021b: posts the ante 35
b60db4f7: posts the ante 35
2fb2285f: posts the ante 35
104bebc0: posts small blind 125
87bf021b: posts big blind 250
*** HOLE CARDS ***
Dealt to cad517b4 
Dealt to 8e334e28 
Dealt to 2fb2285f 
Dealt to 610bd4b7 
Dealt to 104bebc0 
Dealt to 87bf021b 
Dealt to Hero [8d 5d]
Dealt to b60db4f7 
Hero: folds
b60db4f7: raises 250 to 500
cad517b4: folds
8e334e28: folds
2fb2285f: raises 1,367 to 1,867
610bd4b7: folds
104bebc0: folds
87bf021b: folds
b60db4f7: folds
Uncalled bet (1,367) returned to 2fb2285f
*** SHOWDOWN ***
2fb2285f collected 1,655 from pot
*** SUMMARY ***
Total pot 1,655 | Rake 0 | Jackpot 0 | Bingo 0 | Fortune 0 | Tax 0
Seat 1: cad517b4 folded before Flop
Seat 2: 8e334e28 folded before Flop
Seat 3: 2fb2285f collected (1,655)
Seat 4: 610bd4b7 (button) folded before Flop
Seat 5: 104bebc0 (small blind) folded before Flop
Seat 6: 87bf021b (big blind) folded before Flop
Seat 7: Hero folded before Flop
Seat 8: b60db4f7 folded before Flop


Poker Hand #TM5671113155: Tournament #267951021, Bounty Hunters Special $10.80 Hold'em No Limit - Level6(125/250(35)) - 2026/03/06 18:24:00
Table '44' 8-max Seat #3 is the button
Seat 1: cad517b4 (7,324 in chips)
Seat 2: 8e334e28 (12,063 in chips)
Seat 3: 2fb2285f (12,540 in chips)
Seat 4: 610bd4b7 (20,775 in chips)
Seat 5: 104bebc0 (21,517 in chips)
Seat 6: 87bf021b (7,748 in chips)
Seat 7: Hero (16,795 in chips)
Seat 8: b60db4f7 (13,554 in chips)
cad517b4: posts the ante 35
Hero: posts the ante 35
104bebc0: posts the ante 35
8e334e28: posts the ante 35
610bd4b7: posts the ante 35
87bf021b: posts the ante 35
b60db4f7: posts the ante 35
2fb2285f: posts the ante 35
610bd4b7: posts small blind 125
104bebc0: posts big blind 250
*** HOLE CARDS ***
Dealt to cad517b4 
Dealt to 8e334e28 
Dealt to 2fb2285f 
Dealt to 610bd4b7 
Dealt to 104bebc0 
Dealt to 87bf021b 
Dealt to Hero [3d Td]
Dealt to b60db4f7 
87bf021b: folds
Hero: folds
b60db4f7: folds
cad517b4: folds
8e334e28: folds
2fb2285f: raises 250 to 500
610bd4b7: folds
104bebc0: folds
Uncalled bet (250) returned to 2fb2285f
*** SHOWDOWN ***
2fb2285f collected 905 from pot
*** SUMMARY ***
Total pot 905 | Rake 0 | Jackpot 0 | Bingo 0 | Fortune 0 | Tax 0
Seat 1: cad517b4 folded before Flop
Seat 2: 8e334e28 folded before Flop
Seat 3: 2fb2285f (button) collected (905)
Seat 4: 610bd4b7 (small blind) folded before Flop
Seat 5: 104bebc0 (big blind) folded before Flop
Seat 6: 87bf021b folded before Flop
Seat 7: Hero folded before Flop
Seat 8: b60db4f7 folded before Flop


Poker Hand #TM5671113115: Tournament #267951021, Bounty Hunters Special $10.80 Hold'em No Limit - Level6(125/250(35)) - 2026/03/06 18:23:03
Table '44' 8-max Seat #2 is the button
Seat 1: cad517b4 (7,859 in chips)
Seat 2: 8e334e28 (12,098 in chips)
Seat 3: 2fb2285f (12,700 in chips)
Seat 4: 610bd4b7 (21,060 in chips)
Seat 5: 104bebc0 (22,764 in chips)
Seat 6: 87bf021b (7,783 in chips)
Seat 7: Hero (14,463 in chips)
Seat 8: b60db4f7 (13,589 in chips)
cad517b4: posts the ante 35
Hero: posts the ante 35
104bebc0: posts the ante 35
8e334e28: posts the ante 35
610bd4b7: posts the ante 35
87bf021b: posts the ante 35
b60db4f7: posts the ante 35
2fb2285f: posts the ante 35
2fb2285f: posts small blind 125
610bd4b7: posts big blind 250
*** HOLE CARDS ***
Dealt to cad517b4 
Dealt to 8e334e28 
Dealt to 2fb2285f 
Dealt to 610bd4b7 
Dealt to 104bebc0 
Dealt to 87bf021b 
Dealt to Hero [2h 2d]
Dealt to b60db4f7 
104bebc0: raises 250 to 500
87bf021b: folds
Hero: calls 500
b60db4f7: folds
cad517b4: calls 500
8e334e28: folds
2fb2285f: folds
610bd4b7: folds
*** FLOP *** [6c Ks Kd]
104bebc0: checks
Hero: checks
cad517b4: checks
*** TURN *** [6c Ks Kd] [5c]
104bebc0: checks
Hero: bets 712
cad517b4: folds
104bebc0: calls 712
*** RIVER *** [6c Ks Kd 5c] [Js]
104bebc0: checks
Hero: checks
104bebc0: shows [8d 9d] (a pair of Kings)
Hero: shows [2h 2d] (two pair, Kings and Twos)
*** SHOWDOWN ***
Hero collected 3,579 from pot
*** SUMMARY ***
Total pot 3,579 | Rake 0 | Jackpot 0 | Bingo 0 | Fortune 0 | Tax 0
Board [6c Ks Kd 5c Js]
Seat 1: cad517b4 folded on the Turn
Seat 2: 8e334e28 (button) folded before Flop
Seat 3: 2fb2285f (small blind) folded before Flop
Seat 4: 610bd4b7 (big blind) folded before Flop
Seat 5: 104bebc0 showed [8d 9d] and lost with a pair of Kings
Seat 6: 87bf021b folded before Flop
Seat 7: Hero showed [2h 2d] and won (3,579) with two pair, Kings and Twos
Seat 8: b60db4f7 folded before Flop


Poker Hand #TM5671113088: Tournament #267951021, Bounty Hunters Special $10.80 Hold'em No Limit - Level6(125/250(35)) - 2026/03/06 18:22:23
Table '44' 8-max Seat #1 is the button
Seat 1: cad517b4 (8,394 in chips)
Seat 2: 8e334e28 (12,258 in chips)
Seat 3: 2fb2285f (13,235 in chips)
Seat 4: 610bd4b7 (21,095 in chips)
Seat 5: 104bebc0 (22,799 in chips)
Seat 6: 87bf021b (7,818 in chips)
Seat 7: Hero (13,093 in chips)
Seat 8: b60db4f7 (13,624 in chips)
cad517b4: posts the ante 35
Hero: posts the ante 35
104bebc0: posts the ante 35
610bd4b7: posts the ante 35
8e334e28: posts the ante 35
87bf021b: posts the ante 35
b60db4f7: posts the ante 35
2fb2285f: posts the ante 35
8e334e28: posts small blind 125
2fb2285f: posts big blind 250
*** HOLE CARDS ***
Dealt to cad517b4 
Dealt to 8e334e28 
Dealt to 2fb2285f 
Dealt to 610bd4b7 
Dealt to 104bebc0 
Dealt to 87bf021b 
Dealt to Hero [Ks Jc]
Dealt to b60db4f7 
610bd4b7: folds
104bebc0: folds
87bf021b: folds
Hero: raises 250 to 500
b60db4f7: folds
cad517b4: calls 500
8e334e28: folds
2fb2285f: calls 250
*** FLOP *** [Qs Ac Th]
2fb2285f: checks
Hero: bets 629
cad517b4: folds
2fb2285f: folds
Uncalled bet (629) returned to Hero
*** SHOWDOWN ***
Hero collected 1,905 from pot
*** SUMMARY ***
Total pot 1,905 | Rake 0 | Jackpot 0 | Bingo 0 | Fortune 0 | Tax 0
Board [Qs Ac Th]
Seat 1: cad517b4 (button) folded on the Flop
Seat 2: 8e334e28 (small blind) folded before Flop
Seat 3: 2fb2285f (big blind) folded on the Flop
Seat 4: 610bd4b7 folded before Flop
Seat 5: 104bebc0 folded before Flop
Seat 6: 87bf021b folded before Flop
Seat 7: Hero won (1,905)
Seat 8: b60db4f7 folded before Flop


Poker Hand #TM5671113066: Tournament #267951021, Bounty Hunters Special $10.80 Hold'em No Limit - Level6(125/250(35)) - 2026/03/06 18:21:46
Table '44' 8-max Seat #8 is the button
Seat 1: cad517b4 (8,554 in chips)
Seat 2: 8e334e28 (12,543 in chips)
Seat 3: 2fb2285f (13,270 in chips)
Seat 4: 610bd4b7 (21,130 in chips)
Seat 5: 104bebc0 (22,834 in chips)
Seat 6: 87bf021b (7,853 in chips)
Seat 7: Hero (13,628 in chips)
Seat 8: b60db4f7 (12,504 in chips)
cad517b4: posts the ante 35
Hero: posts the ante 35
104bebc0: posts the ante 35
610bd4b7: posts the ante 35
8e334e28: posts the ante 35
87bf021b: posts the ante 35
b60db4f7: posts the ante 35
2fb2285f: posts the ante 35
cad517b4: posts small blind 125
8e334e28: posts big blind 250
*** HOLE CARDS ***
Dealt to cad517b4 
Dealt to 8e334e28 
Dealt to 2fb2285f 
Dealt to 610bd4b7 
Dealt to 104bebc0 
Dealt to 87bf021b 
Dealt to Hero [Th 8h]
Dealt to b60db4f7 
2fb2285f: folds
610bd4b7: folds
104bebc0: folds
87bf021b: folds
Hero: raises 250 to 500
b60db4f7: raises 11,969 to 12,469 and is all-in
cad517b4: folds
8e334e28: folds
Hero: folds
Uncalled bet (11,969) returned to b60db4f7
*** SHOWDOWN ***
b60db4f7 collected 1,655 from pot
*** SUMMARY ***
Total pot 1,655 | Rake 0 | Jackpot 0 | Bingo 0 | Fortune 0 | Tax 0
Seat 1: cad517b4 (small blind) folded before Flop
Seat 2: 8e334e28 (big blind) folded before Flop
Seat 3: 2fb2285f folded before Flop
Seat 4: 610bd4b7 folded before Flop
Seat 5: 104bebc0 folded before Flop
Seat 6: 87bf021b folded before Flop
Seat 7: Hero folded before Flop
Seat 8: b60db4f7 (button) collected (1,655)


Poker Hand #TM5671113008: Tournament #267951021, Bounty Hunters Special $10.80 Hold'em No Limit - Level6(125/250(35)) - 2026/03/06 18:20:23
Table '44' 8-max Seat #7 is the button
Seat 1: cad517b4 (6,479 in chips)
Seat 2: 8e334e28 (12,578 in chips)
Seat 3: 2fb2285f (13,305 in chips)
Seat 4: 610bd4b7 (21,165 in chips)
Seat 5: 104bebc0 (22,869 in chips)
Seat 6: 87bf021b (7,888 in chips)
Seat 7: Hero (13,663 in chips)
Seat 8: b60db4f7 (14,369 in chips)
cad517b4: posts the ante 35
Hero: posts the ante 35
104bebc0: posts the ante 35
610bd4b7: posts the ante 35
8e334e28: posts the ante 35
87bf021b: posts the ante 35
b60db4f7: posts the ante 35
2fb2285f: posts the ante 35
b60db4f7: posts small blind 125
cad517b4: posts big blind 250
*** HOLE CARDS ***
Dealt to cad517b4 
Dealt to 8e334e28 
Dealt to 2fb2285f 
Dealt to 610bd4b7 
Dealt to 104bebc0 
Dealt to 87bf021b 
Dealt to Hero [5d Jc]
Dealt to b60db4f7 
8e334e28: folds
2fb2285f: folds
610bd4b7: folds
104bebc0: folds
87bf021b: folds
Hero: folds
b60db4f7: calls 125
cad517b4: checks
*** FLOP *** [5h 8d 3s]
b60db4f7: checks
cad517b4: checks
*** TURN *** [5h 8d 3s] [6d]
b60db4f7: bets 398
cad517b4: calls 398
*** RIVER *** [5h 8d 3s 6d] [2h]
b60db4f7: checks
cad517b4: bets 1,182
b60db4f7: calls 1,182
cad517b4: shows [4c Js] (a straight, Six to Two)
b60db4f7: shows [6h Kc] (a pair of Sixes)
*** SHOWDOWN ***
cad517b4 collected 3,940 from pot
*** SUMMARY ***
Total pot 3,940 | Rake 0 | Jackpot 0 | Bingo 0 | Fortune 0 | Tax 0
Board [5h 8d 3s 6d 2h]
Seat 1: cad517b4 (big blind) showed [4c Js] and won (3,940) with a straight, Six to Two
Seat 2: 8e334e28 folded before Flop
Seat 3: 2fb2285f folded before Flop
Seat 4: 610bd4b7 folded before Flop
Seat 5: 104bebc0 folded before Flop
Seat 6: 87bf021b folded before Flop
Seat 7: Hero (button) folded before Flop
Seat 8: b60db4f7 (small blind) showed [6h Kc] and lost with a pair of Sixes


Poker Hand #TM5671112968: Tournament #267951021, Bounty Hunters Special $10.80 Hold'em No Limit - Level6(125/250(35)) - 2026/03/06 18:19:28
Table '44' 8-max Seat #6 is the button
Seat 1: cad517b4 (10,738 in chips)
Seat 2: 8e334e28 (12,613 in chips)
Seat 3: 2fb2285f (8,461 in chips)
Seat 4: 610bd4b7 (21,200 in chips)
Seat 5: 104bebc0 (22,904 in chips)
Seat 6: 87bf021b (7,923 in chips)
Seat 7: Hero (13,823 in chips)
Seat 8: b60db4f7 (14,654 in chips)
cad517b4: posts the ante 35
Hero: posts the ante 35
104bebc0: posts the ante 35
610bd4b7: posts the ante 35
8e334e28: posts the ante 35
87bf021b: posts the ante 35
b60db4f7: posts the ante 35
2fb2285f: posts the ante 35
Hero: posts small blind 125
b60db4f7: posts big blind 250
*** HOLE CARDS ***
Dealt to cad517b4 
Dealt to 8e334e28 
Dealt to 2fb2285f 
Dealt to 610bd4b7 
Dealt to 104bebc0 
Dealt to 87bf021b 
Dealt to Hero [7h Qd]
Dealt to b60db4f7 
cad517b4: raises 250 to 500
8e334e28: folds
2fb2285f: raises 1,000 to 1,500
610bd4b7: folds
104bebc0: folds
87bf021b: folds
Hero: folds
b60db4f7: folds
cad517b4: calls 1,000
*** FLOP *** [Kc 6d 6c]
cad517b4: checks
2fb2285f: bets 914
cad517b4: calls 914
*** TURN *** [Kc 6d 6c] [2c]
cad517b4: checks
2fb2285f: checks
*** RIVER *** [Kc 6d 6c 2c] [3d]
cad517b4: bets 1,810
2fb2285f: calls 1,810
cad517b4: shows [As 2s] (two pair, Sixes and Twos)
2fb2285f: shows [Qs Qh] (two pair, Queens and Sixes)
*** SHOWDOWN ***
2fb2285f collected 9,103 from pot
*** SUMMARY ***
Total pot 9,103 | Rake 0 | Jackpot 0 | Bingo 0 | Fortune 0 | Tax 0
Board [Kc 6d 6c 2c 3d]
Seat 1: cad517b4 showed [As 2s] and lost with two pair, Sixes and Twos
Seat 2: 8e334e28 folded before Flop
Seat 3: 2fb2285f showed [Qs Qh] and won (9,103) with two pair, Queens and Sixes
Seat 4: 610bd4b7 folded before Flop
Seat 5: 104bebc0 folded before Flop
Seat 6: 87bf021b (button) folded before Flop
Seat 7: Hero (small blind) folded before Flop
Seat 8: b60db4f7 (big blind) folded before Flop


Poker Hand #TM5671112936: Tournament #267951021, Bounty Hunters Special $10.80 Hold'em No Limit - Level6(125/250(35)) - 2026/03/06 18:18:42
Table '44' 8-max Seat #5 is the button
Seat 1: cad517b4 (10,773 in chips)
Seat 2: 8e334e28 (12,648 in chips)
Seat 3: 2fb2285f (10,000 in chips)
Seat 4: 610bd4b7 (21,235 in chips)
Seat 5: 104bebc0 (19,526 in chips)
Seat 6: 87bf021b (8,083 in chips)
Seat 7: Hero (15,362 in chips)
Seat 8: b60db4f7 (14,689 in chips)
cad517b4: posts the ante 35
Hero: posts the ante 35
104bebc0: posts the ante 35
610bd4b7: posts the ante 35
8e334e28: posts the ante 35
87bf021b: posts the ante 35
b60db4f7: posts the ante 35
2fb2285f: posts the ante 35
87bf021b: posts small blind 125
Hero: posts big blind 250
*** HOLE CARDS ***
Dealt to cad517b4 
Dealt to 8e334e28 
Dealt to 2fb2285f 
Dealt to 610bd4b7 
Dealt to 104bebc0 
Dealt to 87bf021b 
Dealt to Hero [9d Kc]
Dealt to b60db4f7 
b60db4f7: folds
cad517b4: folds
8e334e28: folds
2fb2285f: raises 250 to 500
610bd4b7: folds
104bebc0: calls 500
87bf021b: folds
Hero: calls 250
*** FLOP *** [8d Th 7c]
Hero: checks
2fb2285f: bets 1,004
104bebc0: calls 1,004
Hero: calls 1,004
*** TURN *** [8d Th 7c] [9c]
Hero: checks
2fb2285f: checks
104bebc0: bets 3,688
Hero: folds
2fb2285f: folds
Uncalled bet (3,688) returned to 104bebc0
*** SHOWDOWN ***
104bebc0 collected 4,917 from pot
*** SUMMARY ***
Total pot 4,917 | Rake 0 | Jackpot 0 | Bingo 0 | Fortune 0 | Tax 0
Board [8d Th 7c 9c]
Seat 1: cad517b4 folded before Flop
Seat 2: 8e334e28 folded before Flop
Seat 3: 2fb2285f folded on the Turn
Seat 4: 610bd4b7 folded before Flop
Seat 5: 104bebc0 (button) won (4,917)
Seat 6: 87bf021b (small blind) folded before Flop
Seat 7: Hero (big blind) folded on the Turn
Seat 8: b60db4f7 folded before Flop


Poker Hand #TM5671112898: Tournament #267951021, Bounty Hunters Special $10.80 Hold'em No Limit - Level6(125/250(35)) - 2026/03/06 18:17:50
Table '44' 8-max Seat #4 is the button
Seat 2: 8e334e28 (12,683 in chips)
Seat 3: 156f8862 (5,577 in chips)
Seat 4: 610bd4b7 (21,270 in chips)
Seat 5: 104bebc0 (19,686 in chips)
Seat 6: 87bf021b (8,368 in chips)
Seat 7: Hero (15,897 in chips)
Seat 8: b60db4f7 (8,062 in chips)
Hero: posts the ante 35
104bebc0: posts the ante 35
610bd4b7: posts the ante 35
8e334e28: posts the ante 35
87bf021b: posts the ante 35
b60db4f7: posts the ante 35
156f8862: posts the ante 35
104bebc0: posts small blind 125
87bf021b: posts big blind 250
*** HOLE CARDS ***
Dealt to 8e334e28 
Dealt to 156f8862 
Dealt to 610bd4b7 
Dealt to 104bebc0 
Dealt to 87bf021b 
Dealt to Hero [8c 9c]
Dealt to b60db4f7 
Hero: raises 250 to 500
b60db4f7: calls 500
8e334e28: folds
156f8862: raises 5,042 to 5,542 and is all-in
610bd4b7: folds
104bebc0: folds
87bf021b: folds
Hero: folds
b60db4f7: calls 5,042
156f8862: shows [3c 3s]
b60db4f7: shows [As Jc]
*** FLOP *** [8d Ts Jd]
*** TURN *** [8d Ts Jd] [2c]
*** RIVER *** [8d Ts Jd 2c] [5d]
*** SHOWDOWN ***
b60db4f7 collected 12,204 from pot
*** SUMMARY ***
Total pot 12,204 | Rake 0 | Jackpot 0 | Bingo 0 | Fortune 0 | Tax 0
Board [8d Ts Jd 2c 5d]
Seat 2: 8e334e28 folded before Flop
Seat 3: 156f8862 showed [3c 3s] and lost with a pair of Threes
Seat 4: 610bd4b7 (button) folded before Flop
Seat 5: 104bebc0 (small blind) folded before Flop
Seat 6: 87bf021b (big blind) folded before Flop
Seat 7: Hero folded before Flop
Seat 8: b60db4f7 showed [As Jc] and won (12,204) with a pair of Jacks


Poker Hand #TM5671112877: Tournament #267951021, Bounty Hunters Special $10.80 Hold'em No Limit - Level6(125/250(35)) - 2026/03/06 18:17:24
Table '44' 8-max Seat #3 is the button
Seat 2: 8e334e28 (12,098 in chips)
Seat 3: 156f8862 (5,612 in chips)
Seat 4: 610bd4b7 (21,430 in chips)
Seat 5: 104bebc0 (19,971 in chips)
Seat 6: 87bf021b (8,403 in chips)
Seat 7: Hero (15,932 in chips)
Seat 8: b60db4f7 (8,097 in chips)
Hero: posts the ante 35
104bebc0: posts the ante 35
8e334e28: posts the ante 35
610bd4b7: posts the ante 35
87bf021b: posts the ante 35
b60db4f7: posts the ante 35
156f8862: posts the ante 35
610bd4b7: posts small blind 125
104bebc0: posts big blind 250
*** HOLE CARDS ***
Dealt to 8e334e28 
Dealt to 156f8862 
Dealt to 610bd4b7 
Dealt to 104bebc0 
Dealt to 87bf021b 
Dealt to Hero [Jc Ts]
Dealt to b60db4f7 
87bf021b: folds
Hero: folds
b60db4f7: folds
8e334e28: raises 250 to 500
156f8862: folds
610bd4b7: folds
104bebc0: folds
Uncalled bet (250) returned to 8e334e28
*** SHOWDOWN ***
8e334e28 collected 870 from pot
*** SUMMARY ***
Total pot 870 | Rake 0 | Jackpot 0 | Bingo 0 | Fortune 0 | Tax 0
Seat 2: 8e334e28 collected (870)
Seat 3: 156f8862 (button) folded before Flop
Seat 4: 610bd4b7 (small blind) folded before Flop
Seat 5: 104bebc0 (big blind) folded before Flop
Seat 6: 87bf021b folded before Flop
Seat 7: Hero folded before Flop
Seat 8: b60db4f7 folded before Flop


Poker Hand #TM5671112844: Tournament #267951021, Bounty Hunters Special $10.80 Hold'em No Limit - Level5(100/200(30)) - 2026/03/06 18:16:30
Table '44' 8-max Seat #2 is the button
Seat 1: 97dd754d (3,133 in chips)
Seat 2: 8e334e28 (12,128 in chips)
Seat 3: 156f8862 (5,742 in chips)
Seat 4: 610bd4b7 (21,660 in chips)
Seat 5: 104bebc0 (8,194 in chips)
Seat 6: 87bf021b (8,433 in chips)
Seat 7: Hero (15,962 in chips)
Seat 8: b60db4f7 (16,291 in chips)
Hero: posts the ante 30
104bebc0: posts the ante 30
8e334e28: posts the ante 30
610bd4b7: posts the ante 30
97dd754d: posts the ante 30
87bf021b: posts the ante 30
b60db4f7: posts the ante 30
156f8862: posts the ante 30
156f8862: posts small blind 100
610bd4b7: posts big blind 200
*** HOLE CARDS ***
Dealt to 97dd754d 
Dealt to 8e334e28 
Dealt to 156f8862 
Dealt to 610bd4b7 
Dealt to 104bebc0 
Dealt to 87bf021b 
Dealt to Hero [2s Kh]
Dealt to b60db4f7 
104bebc0: raises 200 to 400
87bf021b: folds
Hero: folds
b60db4f7: calls 400
97dd754d: raises 2,703 to 3,103 and is all-in
8e334e28: folds
156f8862: folds
610bd4b7: folds
104bebc0: raises 5,061 to 8,164 and is all-in
b60db4f7: calls 7,764
104bebc0: shows [Qd Qh]
b60db4f7: shows [Qc As]
97dd754d: shows [5h 5s]
*** FLOP *** [9d Ts 2d]
*** TURN *** [9d Ts 2d] [5d]
*** RIVER *** [9d Ts 2d 5d] [Jd]
*** SHOWDOWN ***
104bebc0 collected 9,849 from pot
104bebc0 collected 10,122 from pot
*** SUMMARY ***
Total pot 19,971 | Rake 0 | Jackpot 0 | Bingo 0 | Fortune 0 | Tax 0
Board [9d Ts 2d 5d Jd]
Seat 1: 97dd754d showed [5h 5s] and lost with three of a kind, Fives
Seat 2: 8e334e28 (button) folded before Flop
Seat 3: 156f8862 (small blind) folded before Flop
Seat 4: 610bd4b7 (big blind) folded before Flop
Seat 5: 104bebc0 showed [Qd Qh] and won (19,971) with a flush Queen high
Seat 6: 87bf021b folded before Flop
Seat 7: Hero folded before Flop
Seat 8: b60db4f7 showed [Qc As] and lost with Ace high


Poker Hand #TM5671112791: Tournament #267951021, Bounty Hunters Special $10.80 Hold'em No Limit - Level5(100/200(30)) - 2026/03/06 18:15:17
Table '44' 8-max Seat #1 is the button
Seat 1: 97dd754d (3,163 in chips)
Seat 2: 8e334e28 (12,558 in chips)
Seat 3: 156f8862 (5,972 in chips)
Seat 4: 610bd4b7 (21,690 in chips)
Seat 5: 104bebc0 (8,224 in chips)
Seat 6: 87bf021b (8,463 in chips)
Seat 7: Hero (15,152 in chips)
Seat 8: b60db4f7 (16,321 in chips)
Hero: posts the ante 30
104bebc0: posts the ante 30
610bd4b7: posts the ante 30
8e334e28: posts the ante 30
97dd754d: posts the ante 30
87bf021b: posts the ante 30
b60db4f7: posts the ante 30
156f8862: posts the ante 30
8e334e28: posts small blind 100
156f8862: posts big blind 200
*** HOLE CARDS ***
Dealt to 97dd754d 
Dealt to 8e334e28 
Dealt to 156f8862 
Dealt to 610bd4b7 
Dealt to 104bebc0 
Dealt to 87bf021b 
Dealt to Hero [2h 4h]
Dealt to b60db4f7 
610bd4b7: folds
104bebc0: folds
87bf021b: folds
Hero: raises 200 to 400
b60db4f7: folds
97dd754d: folds
8e334e28: calls 300
156f8862: folds
*** FLOP *** [Tc Jd 7d]
8e334e28: checks
Hero: checks
*** TURN *** [Tc Jd 7d] [4d]
8e334e28: checks
Hero: bets 410
8e334e28: folds
Uncalled bet (410) returned to Hero
*** SHOWDOWN ***
Hero collected 1,240 from pot
*** SUMMARY ***
Total pot 1,240 | Rake 0 | Jackpot 0 | Bingo 0 | Fortune 0 | Tax 0
Board [Tc Jd 7d 4d]
Seat 1: 97dd754d (button) folded before Flop
Seat 2: 8e334e28 (small blind) folded on the Turn
Seat 3: 156f8862 (big blind) folded before Flop
Seat 4: 610bd4b7 folded before Flop
Seat 5: 104bebc0 folded before Flop
Seat 6: 87bf021b folded before Flop
Seat 7: Hero won (1,240)
Seat 8: b60db4f7 folded before Flop


Poker Hand #TM5671112763: Tournament #267951021, Bounty Hunters Special $10.80 Hold'em No Limit - Level5(100/200(30)) - 2026/03/06 18:14:42
Table '44' 8-max Seat #8 is the button
Seat 1: 97dd754d (3,293 in chips)
Seat 2: 8e334e28 (12,788 in chips)
Seat 3: 156f8862 (6,402 in chips)
Seat 4: 610bd4b7 (21,720 in chips)
Seat 5: 104bebc0 (7,314 in chips)
Seat 6: 87bf021b (8,493 in chips)
Seat 7: Hero (15,182 in chips)
Seat 8: b60db4f7 (16,351 in chips)
Hero: posts the ante 30
104bebc0: posts the ante 30
610bd4b7: posts the ante 30
8e334e28: posts the ante 30
97dd754d: posts the ante 30
87bf021b: posts the ante 30
b60db4f7: posts the ante 30
156f8862: posts the ante 30
97dd754d: posts small blind 100
8e334e28: posts big blind 200
*** HOLE CARDS ***
Dealt to 97dd754d 
Dealt to 8e334e28 
Dealt to 156f8862 
Dealt to 610bd4b7 
Dealt to 104bebc0 
Dealt to 87bf021b 
Dealt to Hero [7h 3c]
Dealt to b60db4f7 
156f8862: raises 200 to 400
610bd4b7: folds
104bebc0: raises 443 to 843
87bf021b: folds
Hero: folds
b60db4f7: folds
97dd754d: folds
8e334e28: folds
156f8862: folds
Uncalled bet (443) returned to 104bebc0
*** SHOWDOWN ***
104bebc0 collected 1,340 from pot
*** SUMMARY ***
Total pot 1,340 | Rake 0 | Jackpot 0 | Bingo 0 | Fortune 0 | Tax 0
Seat 1: 97dd754d (small blind) folded before Flop
Seat 2: 8e334e28 (big blind) folded before Flop
Seat 3: 156f8862 folded before Flop
Seat 4: 610bd4b7 folded before Flop
Seat 5: 104bebc0 collected (1,340)
Seat 6: 87bf021b folded before Flop
Seat 7: Hero folded before Flop
Seat 8: b60db4f7 (button) folded before Flop


Poker Hand #TM5671112704: Tournament #267951021, Bounty Hunters Special $10.80 Hold'em No Limit - Level5(100/200(30)) - 2026/03/06 18:13:08
Table '44' 8-max Seat #7 is the button
Seat 1: 97dd754d (4,643 in chips)
Seat 2: 8e334e28 (12,818 in chips)
Seat 3: 156f8862 (6,432 in chips)
Seat 4: 610bd4b7 (22,150 in chips)
Seat 5: 104bebc0 (7,344 in chips)
Seat 6: 87bf021b (8,523 in chips)
Seat 7: Hero (12,852 in chips)
Seat 8: b60db4f7 (16,781 in chips)
Hero: posts the ante 30
104bebc0: posts the ante 30
610bd4b7: posts the ante 30
8e334e28: posts the ante 30
97dd754d: posts the ante 30
87bf021b: posts the ante 30
b60db4f7: posts the ante 30
156f8862: posts the ante 30
b60db4f7: posts small blind 100
97dd754d: posts big blind 200
*** HOLE CARDS ***
Dealt to 97dd754d 
Dealt to 8e334e28 
Dealt to 156f8862 
Dealt to 610bd4b7 
Dealt to 104bebc0 
Dealt to 87bf021b 
Dealt to Hero [8c 7c]
Dealt to b60db4f7 
8e334e28: folds
156f8862: folds
610bd4b7: raises 200 to 400
104bebc0: folds
87bf021b: folds
Hero: calls 400
b60db4f7: calls 300
97dd754d: calls 200
*** FLOP *** [6d Kd 7s]
b60db4f7: checks
97dd754d: checks
610bd4b7: checks
Hero: bets 920
b60db4f7: folds
97dd754d: calls 920
610bd4b7: folds
*** TURN *** [6d Kd 7s] [7h]
97dd754d: checks
Hero: bets 1,840
97dd754d: folds
Uncalled bet (1,840) returned to Hero
*** SHOWDOWN ***
Hero collected 3,680 from pot
*** SUMMARY ***
Total pot 3,680 | Rake 0 | Jackpot 0 | Bingo 0 | Fortune 0 | Tax 0
Board [6d Kd 7s 7h]
Seat 1: 97dd754d (big blind) folded on the Turn
Seat 2: 8e334e28 folded before Flop
Seat 3: 156f8862 folded before Flop
Seat 4: 610bd4b7 folded on the Flop
Seat 5: 104bebc0 folded before Flop
Seat 6: 87bf021b folded before Flop
Seat 7: Hero (button) won (3,680)
Seat 8: b60db4f7 (small blind) folded on the Flop


Poker Hand #TM5671112641: Tournament #267951021, Bounty Hunters Special $10.80 Hold'em No Limit - Level5(100/200(30)) - 2026/03/06 18:11:36
Table '44' 8-max Seat #6 is the button
Seat 1: 97dd754d (4,673 in chips)
Seat 2: 8e334e28 (12,848 in chips)
Seat 3: 156f8862 (6,462 in chips)
Seat 4: 610bd4b7 (22,180 in chips)
Seat 5: 104bebc0 (7,374 in chips)
Seat 6: 87bf021b (8,953 in chips)
Seat 7: Hero (18,194 in chips)
Seat 8: b60db4f7 (10,859 in chips)
Hero: posts the ante 30
104bebc0: posts the ante 30
610bd4b7: posts the ante 30
8e334e28: posts the ante 30
97dd754d: posts the ante 30
87bf021b: posts the ante 30
b60db4f7: posts the ante 30
156f8862: posts the ante 30
Hero: posts small blind 100
b60db4f7: posts big blind 200
*** HOLE CARDS ***
Dealt to 97dd754d 
Dealt to 8e334e28 
Dealt to 156f8862 
Dealt to 610bd4b7 
Dealt to 104bebc0 
Dealt to 87bf021b 
Dealt to Hero [6c 8c]
Dealt to b60db4f7 
97dd754d: folds
8e334e28: folds
156f8862: folds
610bd4b7: folds
104bebc0: folds
87bf021b: raises 200 to 400
Hero: calls 300
b60db4f7: calls 200
*** FLOP *** [3h 7s 5d]
Hero: checks
b60db4f7: bets 735
87bf021b: folds
Hero: calls 735
*** TURN *** [3h 7s 5d] [Td]
Hero: checks
b60db4f7: bets 1,061
Hero: calls 1,061
*** RIVER *** [3h 7s 5d Td] [Jd]
Hero: bets 3,116
b60db4f7: raises 5,517 to 8,633 and is all-in
Hero: folds
Uncalled bet (5,517) returned to b60db4f7
*** SHOWDOWN ***
b60db4f7 collected 11,264 from pot
*** SUMMARY ***
Total pot 11,264 | Rake 0 | Jackpot 0 | Bingo 0 | Fortune 0 | Tax 0
Board [3h 7s 5d Td Jd]
Seat 1: 97dd754d folded before Flop
Seat 2: 8e334e28 folded before Flop
Seat 3: 156f8862 folded before Flop
Seat 4: 610bd4b7 folded before Flop
Seat 5: 104bebc0 folded before Flop
Seat 6: 87bf021b (button) folded on the Flop
Seat 7: Hero (small blind) folded on the River
Seat 8: b60db4f7 (big blind) won (11,264)


Poker Hand #TM5671112590: Tournament #267951021, Bounty Hunters Special $10.80 Hold'em No Limit - Level5(100/200(30)) - 2026/03/06 18:10:26
Table '44' 8-max Seat #5 is the button
Seat 1: 97dd754d (4,703 in chips)
Seat 2: 8e334e28 (10,000 in chips)
Seat 3: 156f8862 (6,492 in chips)
Seat 4: 610bd4b7 (22,210 in chips)
Seat 5: 104bebc0 (7,404 in chips)
Seat 6: 87bf021b (11,421 in chips)
Seat 7: Hero (18,424 in chips)
Seat 8: b60db4f7 (10,889 in chips)
Hero: posts the ante 30
104bebc0: posts the ante 30
610bd4b7: posts the ante 30
8e334e28: posts the ante 30
97dd754d: posts the ante 30
87bf021b: posts the ante 30
b60db4f7: posts the ante 30
156f8862: posts the ante 30
87bf021b: posts small blind 100
Hero: posts big blind 200
*** HOLE CARDS ***
Dealt to 97dd754d 
Dealt to 8e334e28 
Dealt to 156f8862 
Dealt to 610bd4b7 
Dealt to 104bebc0 
Dealt to 87bf021b 
Dealt to Hero [2s 7h]
Dealt to b60db4f7 
b60db4f7: folds
97dd754d: folds
8e334e28: raises 200 to 400
156f8862: folds
610bd4b7: folds
104bebc0: folds
87bf021b: raises 943 to 1,343
Hero: folds
8e334e28: calls 943
*** FLOP *** [Ts 4c 2c]
87bf021b: bets 1,095
8e334e28: raises 5,316 to 6,411
87bf021b: folds
Uncalled bet (5,316) returned to 8e334e28
*** SHOWDOWN ***
8e334e28 collected 5,316 from pot
*** SUMMARY ***
Total pot 5,316 | Rake 0 | Jackpot 0 | Bingo 0 | Fortune 0 | Tax 0
Board [Ts 4c 2c]
Seat 1: 97dd754d folded before Flop
Seat 2: 8e334e28 won (5,316)
Seat 3: 156f8862 folded before Flop
Seat 4: 610bd4b7 folded before Flop
Seat 5: 104bebc0 (button) folded before Flop
Seat 6: 87bf021b (small blind) folded on the Flop
Seat 7: Hero (big blind) folded before Flop
Seat 8: b60db4f7 folded before Flop


Poker Hand #TM5671112552: Tournament #267951021, Bounty Hunters Special $10.80 Hold'em No Limit - Level5(100/200(30)) - 2026/03/06 18:09:30
Table '44' 8-max Seat #4 is the button
Seat 1: 97dd754d (4,733 in chips)
Seat 3: 156f8862 (6,522 in chips)
Seat 4: 610bd4b7 (23,484 in chips)
Seat 5: 104bebc0 (7,534 in chips)
Seat 6: 87bf021b (9,897 in chips)
Seat 7: Hero (18,454 in chips)
Seat 8: b60db4f7 (10,919 in chips)
Hero: posts the ante 30
104bebc0: posts the ante 30
610bd4b7: posts the ante 30
97dd754d: posts the ante 30
87bf021b: posts the ante 30
b60db4f7: posts the ante 30
156f8862: posts the ante 30
104bebc0: posts small blind 100
87bf021b: posts big blind 200
*** HOLE CARDS ***
Dealt to 97dd754d 
Dealt to 156f8862 
Dealt to 610bd4b7 
Dealt to 104bebc0 
Dealt to 87bf021b 
Dealt to Hero [3s 5d]
Dealt to b60db4f7 
Hero: folds
b60db4f7: folds
97dd754d: folds
156f8862: folds
610bd4b7: raises 200 to 400
104bebc0: folds
87bf021b: raises 844 to 1,244
610bd4b7: calls 844
*** FLOP *** [3d 2d Td]
87bf021b: bets 980
610bd4b7: folds
Uncalled bet (980) returned to 87bf021b
*** SHOWDOWN ***
87bf021b collected 2,798 from pot
*** SUMMARY ***
Total pot 2,798 | Rake 0 | Jackpot 0 | Bingo 0 | Fortune 0 | Tax 0
Board [3d 2d Td]
Seat 1: 97dd754d folded before Flop
Seat 3: 156f8862 folded before Flop
Seat 4: 610bd4b7 (button) folded on the Flop
Seat 5: 104bebc0 (small blind) folded before Flop
Seat 6: 87bf021b (big blind) won (2,798)
Seat 7: Hero folded before Flop
Seat 8: b60db4f7 folded before Flop


Poker Hand #TM5671112508: Tournament #267951021, Bounty Hunters Special $10.80 Hold'em No Limit - Level4(80/160(25)) - 2026/03/06 18:08:07
Table '44' 8-max Seat #3 is the button
Seat 1: 97dd754d (4,758 in chips)
Seat 2: fad4c615 (5,784 in chips)
Seat 3: 156f8862 (6,547 in chips)
Seat 4: 610bd4b7 (17,070 in chips)
Seat 5: 104bebc0 (7,719 in chips)
Seat 6: 87bf021b (9,922 in chips)
Seat 7: Hero (18,479 in chips)
Seat 8: b60db4f7 (11,264 in chips)
Hero: posts the ante 25
104bebc0: posts the ante 25
610bd4b7: posts the ante 25
97dd754d: posts the ante 25
87bf021b: posts the ante 25
b60db4f7: posts the ante 25
156f8862: posts the ante 25
fad4c615: posts the ante 25
610bd4b7: posts small blind 80
104bebc0: posts big blind 160
*** HOLE CARDS ***
Dealt to 97dd754d 
Dealt to fad4c615 
Dealt to 156f8862 
Dealt to 610bd4b7 
Dealt to 104bebc0 
Dealt to 87bf021b 
Dealt to Hero [7c Ks]
Dealt to b60db4f7 
87bf021b: folds
Hero: folds
b60db4f7: raises 160 to 320
97dd754d: folds
fad4c615: calls 320
156f8862: folds
610bd4b7: raises 1,280 to 1,600
104bebc0: folds
b60db4f7: folds
fad4c615: raises 4,159 to 5,759 and is all-in
610bd4b7: calls 4,159
fad4c615: shows [4s 4d]
610bd4b7: shows [Td Jd]
*** FLOP *** [Qh 5s 8s]
*** TURN *** [Qh 5s 8s] [Jh]
*** RIVER *** [Qh 5s 8s Jh] [5h]
*** SHOWDOWN ***
610bd4b7 collected 12,198 from pot
*** SUMMARY ***
Total pot 12,198 | Rake 0 | Jackpot 0 | Bingo 0 | Fortune 0 | Tax 0
Board [Qh 5s 8s Jh 5h]
Seat 1: 97dd754d folded before Flop
Seat 2: fad4c615 showed [4s 4d] and lost with two pair, Fives and Fours
Seat 3: 156f8862 (button) folded before Flop
Seat 4: 610bd4b7 (small blind) showed [Td Jd] and won (12,198) with two pair, Jacks and Fives
Seat 5: 104bebc0 (big blind) folded before Flop
Seat 6: 87bf021b folded before Flop
Seat 7: Hero folded before Flop
Seat 8: b60db4f7 folded before Flop


Poker Hand #TM5671112472: Tournament #267951021, Bounty Hunters Special $10.80 Hold'em No Limit - Level4(80/160(25)) - 2026/03/06 18:07:16
Table '44' 8-max Seat #2 is the button
Seat 1: 97dd754d (4,783 in chips)
Seat 2: fad4c615 (4,269 in chips)
Seat 3: 156f8862 (6,652 in chips)
Seat 4: 610bd4b7 (18,355 in chips)
Seat 5: 104bebc0 (7,744 in chips)
Seat 6: 87bf021b (9,947 in chips)
Seat 7: Hero (18,504 in chips)
Seat 8: b60db4f7 (11,289 in chips)
Hero: posts the ante 25
104bebc0: posts the ante 25
610bd4b7: posts the ante 25
97dd754d: posts the ante 25
87bf021b: posts the ante 25
b60db4f7: posts the ante 25
156f8862: posts the ante 25
fad4c615: posts the ante 25
156f8862: posts small blind 80
610bd4b7: posts big blind 160
*** HOLE CARDS ***
Dealt to 97dd754d 
Dealt to fad4c615 
Dealt to 156f8862 
Dealt to 610bd4b7 
Dealt to 104bebc0 
Dealt to 87bf021b 
Dealt to Hero [2h 7h]
Dealt to b60db4f7 
104bebc0: folds
87bf021b: folds
Hero: folds
b60db4f7: folds
97dd754d: folds
fad4c615: raises 400 to 560
156f8862: folds
610bd4b7: calls 400
*** FLOP *** [4h 7s 6c]
610bd4b7: checks
fad4c615: bets 700
610bd4b7: calls 700
*** TURN *** [4h 7s 6c] [Ks]
610bd4b7: checks
fad4c615: bets 1,400
610bd4b7: folds
Uncalled bet (1,400) returned to fad4c615
*** SHOWDOWN ***
fad4c615 collected 2,800 from pot
*** SUMMARY ***
Total pot 2,800 | Rake 0 | Jackpot 0 | Bingo 0 | Fortune 0 | Tax 0
Board [4h 7s 6c Ks]
Seat 1: 97dd754d folded before Flop
Seat 2: fad4c615 (button) won (2,800)
Seat 3: 156f8862 (small blind) folded before Flop
Seat 4: 610bd4b7 (big blind) folded on the Turn
Seat 5: 104bebc0 folded before Flop
Seat 6: 87bf021b folded before Flop
Seat 7: Hero folded before Flop
Seat 8: b60db4f7 folded before Flop


Poker Hand #TM5671112443: Tournament #267951021, Bounty Hunters Special $10.80 Hold'em No Limit - Level4(80/160(25)) - 2026/03/06 18:06:28
Table '44' 8-max Seat #1 is the button
Seat 1: 97dd754d (4,808 in chips)
Seat 2: fad4c615 (4,374 in chips)
Seat 3: 156f8862 (6,837 in chips)
Seat 4: 610bd4b7 (18,380 in chips)
Seat 5: 104bebc0 (8,789 in chips)
Seat 6: 87bf021b (9,972 in chips)
Seat 7: Hero (17,069 in chips)
Seat 8: b60db4f7 (11,314 in chips)
Hero: posts the ante 25
104bebc0: posts the ante 25
610bd4b7: posts the ante 25
97dd754d: posts the ante 25
87bf021b: posts the ante 25
b60db4f7: posts the ante 25
156f8862: posts the ante 25
fad4c615: posts the ante 25
fad4c615: posts small blind 80
156f8862: posts big blind 160
*** HOLE CARDS ***
Dealt to 97dd754d 
Dealt to fad4c615 
Dealt to 156f8862 
Dealt to 610bd4b7 
Dealt to 104bebc0 
Dealt to 87bf021b 
Dealt to Hero [Qd Qs]
Dealt to b60db4f7 
610bd4b7: folds
104bebc0: raises 160 to 320
87bf021b: folds
Hero: raises 700 to 1,020
b60db4f7: folds
97dd754d: folds
fad4c615: folds
156f8862: folds
104bebc0: calls 700
*** FLOP *** [8c 7s 6h]
104bebc0: checks
Hero: bets 819
104bebc0: folds
Uncalled bet (819) returned to Hero
*** SHOWDOWN ***
Hero collected 2,480 from pot
*** SUMMARY ***
Total pot 2,480 | Rake 0 | Jackpot 0 | Bingo 0 | Fortune 0 | Tax 0
Board [8c 7s 6h]
Seat 1: 97dd754d (button) folded before Flop
Seat 2: fad4c615 (small blind) folded before Flop
Seat 3: 156f8862 (big blind) folded before Flop
Seat 4: 610bd4b7 folded before Flop
Seat 5: 104bebc0 folded on the Flop
Seat 6: 87bf021b folded before Flop
Seat 7: Hero won (2,480)
Seat 8: b60db4f7 folded before Flop


Poker Hand #TM5671112429: Tournament #267951021, Bounty Hunters Special $10.80 Hold'em No Limit - Level4(80/160(25)) - 2026/03/06 18:06:10
Table '44' 8-max Seat #8 is the button
Seat 1: 97dd754d (4,913 in chips)
Seat 2: fad4c615 (4,559 in chips)
Seat 3: 156f8862 (6,862 in chips)
Seat 4: 610bd4b7 (18,405 in chips)
Seat 5: 104bebc0 (8,814 in chips)
Seat 6: 87bf021b (9,997 in chips)
Seat 7: Hero (16,654 in chips)
Seat 8: b60db4f7 (11,339 in chips)
Hero: posts the ante 25
104bebc0: posts the ante 25
610bd4b7: posts the ante 25
97dd754d: posts the ante 25
87bf021b: posts the ante 25
b60db4f7: posts the ante 25
156f8862: posts the ante 25
fad4c615: posts the ante 25
97dd754d: posts small blind 80
fad4c615: posts big blind 160
*** HOLE CARDS ***
Dealt to 97dd754d 
Dealt to fad4c615 
Dealt to 156f8862 
Dealt to 610bd4b7 
Dealt to 104bebc0 
Dealt to 87bf021b 
Dealt to Hero [5d Ah]
Dealt to b60db4f7 
156f8862: folds
610bd4b7: folds
104bebc0: folds
87bf021b: folds
Hero: raises 160 to 320
b60db4f7: folds
97dd754d: folds
fad4c615: folds
Uncalled bet (160) returned to Hero
*** SHOWDOWN ***
Hero collected 600 from pot
*** SUMMARY ***
Total pot 600 | Rake 0 | Jackpot 0 | Bingo 0 | Fortune 0 | Tax 0
Seat 1: 97dd754d (small blind) folded before Flop
Seat 2: fad4c615 (big blind) folded before Flop
Seat 3: 156f8862 folded before Flop
Seat 4: 610bd4b7 folded before Flop
Seat 5: 104bebc0 folded before Flop
Seat 6: 87bf021b folded before Flop
Seat 7: Hero collected (600)
Seat 8: b60db4f7 (button) folded before Flop


Poker Hand #TM5671112399: Tournament #267951021, Bounty Hunters Special $10.80 Hold'em No Limit - Level4(80/160(25)) - 2026/03/06 18:05:23
Table '44' 8-max Seat #7 is the button
Seat 1: 97dd754d (5,098 in chips)
Seat 2: fad4c615 (8,771 in chips)
Seat 3: 156f8862 (6,887 in chips)
Seat 4: 610bd4b7 (18,430 in chips)
Seat 5: 104bebc0 (4,212 in chips)
Seat 6: 87bf021b (10,022 in chips)
Seat 7: Hero (16,679 in chips)
Seat 8: b60db4f7 (11,444 in chips)
Hero: posts the ante 25
104bebc0: posts the ante 25
610bd4b7: posts the ante 25
97dd754d: posts the ante 25
87bf021b: posts the ante 25
b60db4f7: posts the ante 25
156f8862: posts the ante 25
fad4c615: posts the ante 25
b60db4f7: posts small blind 80
97dd754d: posts big blind 160
*** HOLE CARDS ***
Dealt to 97dd754d 
Dealt to fad4c615 
Dealt to 156f8862 
Dealt to 610bd4b7 
Dealt to 104bebc0 
Dealt to 87bf021b 
Dealt to Hero [6s Jd]
Dealt to b60db4f7 
fad4c615: raises 160 to 320
156f8862: folds
610bd4b7: folds
104bebc0: raises 3,867 to 4,187 and is all-in
87bf021b: folds
Hero: folds
b60db4f7: folds
97dd754d: folds
fad4c615: calls 3,867
104bebc0: shows [Ad Td]
fad4c615: shows [6c 6d]
*** FLOP *** [Ah 7d 5h]
*** TURN *** [Ah 7d 5h] [4h]
*** RIVER *** [Ah 7d 5h 4h] [5s]
*** SHOWDOWN ***
104bebc0 collected 8,814 from pot
*** SUMMARY ***
Total pot 8,814 | Rake 0 | Jackpot 0 | Bingo 0 | Fortune 0 | Tax 0
Board [Ah 7d 5h 4h 5s]
Seat 1: 97dd754d (big blind) folded before Flop
Seat 2: fad4c615 showed [6c 6d] and lost with two pair, Sixes and Fives
Seat 3: 156f8862 folded before Flop
Seat 4: 610bd4b7 folded before Flop
Seat 5: 104bebc0 showed [Ad Td] and won (8,814) with two pair, Aces and Fives
Seat 6: 87bf021b folded before Flop
Seat 7: Hero (button) folded before Flop
Seat 8: b60db4f7 (small blind) folded before Flop


Poker Hand #TM5671112358: Tournament #267951021, Bounty Hunters Special $10.80 Hold'em No Limit - Level4(80/160(25)) - 2026/03/06 18:04:19
Table '44' 8-max Seat #6 is the button
Seat 1: 97dd754d (5,123 in chips)
Seat 2: fad4c615 (8,796 in chips)
Seat 3: 156f8862 (6,912 in chips)
Seat 4: 610bd4b7 (18,455 in chips)
Seat 5: 104bebc0 (4,237 in chips)
Seat 6: 87bf021b (10,047 in chips)
Seat 7: Hero (16,184 in chips)
Seat 8: b60db4f7 (11,789 in chips)
Hero: posts the ante 25
104bebc0: posts the ante 25
610bd4b7: posts the ante 25
97dd754d: posts the ante 25
87bf021b: posts the ante 25
b60db4f7: posts the ante 25
156f8862: posts the ante 25
fad4c615: posts the ante 25
Hero: posts small blind 80
b60db4f7: posts big blind 160
*** HOLE CARDS ***
Dealt to 97dd754d 
Dealt to fad4c615 
Dealt to 156f8862 
Dealt to 610bd4b7 
Dealt to 104bebc0 
Dealt to 87bf021b 
Dealt to Hero [5h 5d]
Dealt to b60db4f7 
97dd754d: folds
fad4c615: folds
156f8862: folds
610bd4b7: folds
104bebc0: folds
87bf021b: folds
Hero: raises 160 to 320
b60db4f7: calls 160
*** FLOP *** [Kh Tc Ts]
Hero: checks
b60db4f7: checks
*** TURN *** [Kh Tc Ts] [7c]
Hero: checks
b60db4f7: checks
*** RIVER *** [Kh Tc Ts 7c] [As]
Hero: bets 278
b60db4f7: folds
Uncalled bet (278) returned to Hero
*** SHOWDOWN ***
Hero collected 840 from pot
*** SUMMARY ***
Total pot 840 | Rake 0 | Jackpot 0 | Bingo 0 | Fortune 0 | Tax 0
Board [Kh Tc Ts 7c As]
Seat 1: 97dd754d folded before Flop
Seat 2: fad4c615 folded before Flop
Seat 3: 156f8862 folded before Flop
Seat 4: 610bd4b7 folded before Flop
Seat 5: 104bebc0 folded before Flop
Seat 6: 87bf021b (button) folded before Flop
Seat 7: Hero (small blind) won (840)
Seat 8: b60db4f7 (big blind) folded on the River


Poker Hand #TM5671112343: Tournament #267951021, Bounty Hunters Special $10.80 Hold'em No Limit - Level4(80/160(25)) - 2026/03/06 18:03:54
Table '44' 8-max Seat #5 is the button
Seat 1: 97dd754d (5,148 in chips)
Seat 2: fad4c615 (8,821 in chips)
Seat 3: 156f8862 (6,937 in chips)
Seat 4: 610bd4b7 (18,480 in chips)
Seat 5: 104bebc0 (4,262 in chips)
Seat 6: 87bf021b (9,712 in chips)
Seat 7: Hero (16,369 in chips)
Seat 8: b60db4f7 (11,814 in chips)
Hero: posts the ante 25
104bebc0: posts the ante 25
610bd4b7: posts the ante 25
97dd754d: posts the ante 25
87bf021b: posts the ante 25
b60db4f7: posts the ante 25
156f8862: posts the ante 25
fad4c615: posts the ante 25
87bf021b: posts small blind 80
Hero: posts big blind 160
*** HOLE CARDS ***
Dealt to 97dd754d 
Dealt to fad4c615 
Dealt to 156f8862 
Dealt to 610bd4b7 
Dealt to 104bebc0 
Dealt to 87bf021b 
Dealt to Hero [6s 2d]
Dealt to b60db4f7 
b60db4f7: folds
97dd754d: folds
fad4c615: folds
156f8862: folds
610bd4b7: folds
104bebc0: folds
87bf021b: raises 400 to 560
Hero: folds
Uncalled bet (400) returned to 87bf021b
*** SHOWDOWN ***
87bf021b collected 520 from pot
*** SUMMARY ***
Total pot 520 | Rake 0 | Jackpot 0 | Bingo 0 | Fortune 0 | Tax 0
Seat 1: 97dd754d folded before Flop
Seat 2: fad4c615 folded before Flop
Seat 3: 156f8862 folded before Flop
Seat 4: 610bd4b7 folded before Flop
Seat 5: 104bebc0 (button) folded before Flop
Seat 6: 87bf021b (small blind) collected (520)
Seat 7: Hero (big blind) folded before Flop
Seat 8: b60db4f7 folded before Flop


Poker Hand #TM5671112270: Tournament #267951021, Bounty Hunters Special $10.80 Hold'em No Limit - Level4(80/160(25)) - 2026/03/06 18:01:56
Table '44' 8-max Seat #4 is the button
Seat 1: 97dd754d (5,509 in chips)
Seat 2: fad4c615 (7,894 in chips)
Seat 3: 156f8862 (6,962 in chips)
Seat 4: 610bd4b7 (18,505 in chips)
Seat 5: 104bebc0 (4,367 in chips)
Seat 6: 87bf021b (10,073 in chips)
Seat 7: Hero (16,394 in chips)
Seat 8: b60db4f7 (11,839 in chips)
Hero: posts the ante 25
104bebc0: posts the ante 25
610bd4b7: posts the ante 25
97dd754d: posts the ante 25
87bf021b: posts the ante 25
b60db4f7: posts the ante 25
156f8862: posts the ante 25
fad4c615: posts the ante 25
104bebc0: posts small blind 80
87bf021b: posts big blind 160
*** HOLE CARDS ***
Dealt to 97dd754d 
Dealt to fad4c615 
Dealt to 156f8862 
Dealt to 610bd4b7 
Dealt to 104bebc0 
Dealt to 87bf021b 
Dealt to Hero [5s 9s]
Dealt to b60db4f7 
Hero: folds
b60db4f7: folds
97dd754d: raises 176 to 336
fad4c615: calls 336
156f8862: folds
610bd4b7: folds
104bebc0: folds
87bf021b: calls 176
*** FLOP *** [9h Qh 7d]
87bf021b: checks
97dd754d: checks
fad4c615: checks
*** TURN *** [9h Qh 7d] [Jh]
87bf021b: checks
97dd754d: checks
fad4c615: bets 966
87bf021b: folds
97dd754d: folds
Uncalled bet (966) returned to fad4c615
*** SHOWDOWN ***
fad4c615 collected 1,288 from pot
*** SUMMARY ***
Total pot 1,288 | Rake 0 | Jackpot 0 | Bingo 0 | Fortune 0 | Tax 0
Board [9h Qh 7d Jh]
Seat 1: 97dd754d folded on the Turn
Seat 2: fad4c615 won (1,288)
Seat 3: 156f8862 folded before Flop
Seat 4: 610bd4b7 (button) folded before Flop
Seat 5: 104bebc0 (small blind) folded before Flop
Seat 6: 87bf021b (big blind) folded on the Turn
Seat 7: Hero folded before Flop
Seat 8: b60db4f7 folded before Flop


Poker Hand #TM5671112043: Tournament #267951021, Bounty Hunters Special $10.80 Hold'em No Limit - Level3(70/140(20)) - 2026/03/06 17:53:50
Table '44' 8-max Seat #3 is the button
Seat 1: 97dd754d (5,809 in chips)
Seat 2: fad4c615 (8,194 in chips)
Seat 3: 156f8862 (8,450 in chips)
Seat 4: 610bd4b7 (15,917 in chips)
Seat 5: 104bebc0 (4,527 in chips)
Seat 6: 87bf021b (10,093 in chips)
Seat 7: Hero (16,694 in chips)
Seat 8: b60db4f7 (11,859 in chips)
Hero: posts the ante 20
104bebc0: posts the ante 20
610bd4b7: posts the ante 20
97dd754d: posts the ante 20
87bf021b: posts the ante 20
b60db4f7: posts the ante 20
156f8862: posts the ante 20
fad4c615: posts the ante 20
610bd4b7: posts small blind 70
104bebc0: posts big blind 140
*** HOLE CARDS ***
Dealt to 97dd754d 
Dealt to fad4c615 
Dealt to 156f8862 
Dealt to 610bd4b7 
Dealt to 104bebc0 
Dealt to 87bf021b 
Dealt to Hero [Jc Kh]
Dealt to b60db4f7 
87bf021b: folds
Hero: raises 140 to 280
b60db4f7: folds
97dd754d: calls 280
fad4c615: calls 280
156f8862: raises 1,188 to 1,468
610bd4b7: raises 1,682 to 3,150
104bebc0: folds
Hero: folds
97dd754d: folds
fad4c615: folds
156f8862: folds
Uncalled bet (1,682) returned to 610bd4b7
*** SHOWDOWN ***
610bd4b7 collected 4,076 from pot
*** SUMMARY ***
Total pot 4,076 | Rake 0 | Jackpot 0 | Bingo 0 | Fortune 0 | Tax 0
Seat 1: 97dd754d folded before Flop
Seat 2: fad4c615 folded before Flop
Seat 3: 156f8862 (button) folded before Flop
Seat 4: 610bd4b7 (small blind) collected (4,076)
Seat 5: 104bebc0 (big blind) folded before Flop
Seat 6: 87bf021b folded before Flop
Seat 7: Hero folded before Flop
Seat 8: b60db4f7 folded before Flop


Poker Hand #TM5671112013: Tournament #267951021, Bounty Hunters Special $10.80 Hold'em No Limit - Level3(70/140(20)) - 2026/03/06 17:53:05
Table '44' 8-max Seat #2 is the button
Seat 1: 97dd754d (5,829 in chips)
Seat 2: fad4c615 (7,844 in chips)
Seat 3: 156f8862 (8,540 in chips)
Seat 4: 610bd4b7 (16,077 in chips)
Seat 5: 104bebc0 (4,547 in chips)
Seat 6: 87bf021b (10,113 in chips)
Seat 7: Hero (16,714 in chips)
Seat 8: b60db4f7 (11,879 in chips)
Hero: posts the ante 20
104bebc0: posts the ante 20
610bd4b7: posts the ante 20
97dd754d: posts the ante 20
87bf021b: posts the ante 20
b60db4f7: posts the ante 20
156f8862: posts the ante 20
fad4c615: posts the ante 20
156f8862: posts small blind 70
610bd4b7: posts big blind 140
*** HOLE CARDS ***
Dealt to 97dd754d 
Dealt to fad4c615 
Dealt to 156f8862 
Dealt to 610bd4b7 
Dealt to 104bebc0 
Dealt to 87bf021b 
Dealt to Hero [8s 4c]
Dealt to b60db4f7 
104bebc0: folds
87bf021b: folds
Hero: folds
b60db4f7: folds
97dd754d: folds
fad4c615: raises 7,684 to 7,824 and is all-in
156f8862: folds
610bd4b7: folds
Uncalled bet (7,684) returned to fad4c615
*** SHOWDOWN ***
fad4c615 collected 510 from pot
*** SUMMARY ***
Total pot 510 | Rake 0 | Jackpot 0 | Bingo 0 | Fortune 0 | Tax 0
Seat 1: 97dd754d folded before Flop
Seat 2: fad4c615 (button) collected (510)
Seat 3: 156f8862 (small blind) folded before Flop
Seat 4: 610bd4b7 (big blind) folded before Flop
Seat 5: 104bebc0 folded before Flop
Seat 6: 87bf021b folded before Flop
Seat 7: Hero folded before Flop
Seat 8: b60db4f7 folded before Flop


Poker Hand #TM5671111943: Tournament #267951021, Bounty Hunters Special $10.80 Hold'em No Limit - Level3(70/140(20)) - 2026/03/06 17:51:12
Table '44' 8-max Seat #1 is the button
Seat 1: 97dd754d (5,849 in chips)
Seat 2: fad4c615 (9,840 in chips)
Seat 3: 156f8862 (5,224 in chips)
Seat 4: 610bd4b7 (16,097 in chips)
Seat 5: 104bebc0 (4,567 in chips)
Seat 6: 87bf021b (10,133 in chips)
Seat 7: Hero (17,014 in chips)
Seat 8: b60db4f7 (12,819 in chips)
Hero: posts the ante 20
104bebc0: posts the ante 20
610bd4b7: posts the ante 20
97dd754d: posts the ante 20
87bf021b: posts the ante 20
b60db4f7: posts the ante 20
156f8862: posts the ante 20
fad4c615: posts the ante 20
fad4c615: posts small blind 70
156f8862: posts big blind 140
*** HOLE CARDS ***
Dealt to 97dd754d 
Dealt to fad4c615 
Dealt to 156f8862 
Dealt to 610bd4b7 
Dealt to 104bebc0 
Dealt to 87bf021b 
Dealt to Hero [Qh 3h]
Dealt to b60db4f7 
610bd4b7: folds
104bebc0: folds
87bf021b: folds
Hero: raises 140 to 280
b60db4f7: calls 280
97dd754d: folds
fad4c615: calls 210
156f8862: calls 140
*** FLOP *** [5c 6h 6d]
fad4c615: checks
156f8862: checks
Hero: checks
b60db4f7: checks
*** TURN *** [5c 6h 6d] [8s]
fad4c615: bets 640
156f8862: calls 640
Hero: folds
b60db4f7: calls 640
*** RIVER *** [5c 6h 6d 8s] [Ad]
fad4c615: checks
156f8862: bets 1,056
b60db4f7: folds
fad4c615: calls 1,056
156f8862: shows [6c 8h] (a full house, Sixes full of Eights)
fad4c615: shows [9d Qc] (a pair of Sixes)
*** SHOWDOWN ***
156f8862 collected 5,312 from pot
*** SUMMARY ***
Total pot 5,312 | Rake 0 | Jackpot 0 | Bingo 0 | Fortune 0 | Tax 0
Board [5c 6h 6d 8s Ad]
Seat 1: 97dd754d (button) folded before Flop
Seat 2: fad4c615 (small blind) showed [9d Qc] and lost with a pair of Sixes
Seat 3: 156f8862 (big blind) showed [6c 8h] and won (5,312) with a full house, Sixes full of Eights
Seat 4: 610bd4b7 folded before Flop
Seat 5: 104bebc0 folded before Flop
Seat 6: 87bf021b folded before Flop
Seat 7: Hero folded on the Turn
Seat 8: b60db4f7 folded on the River


Poker Hand #TM5671111907: Tournament #267951021, Bounty Hunters Special $10.80 Hold'em No Limit - Level3(70/140(20)) - 2026/03/06 17:50:20
Table '44' 8-max Seat #8 is the button
Seat 1: 97dd754d (5,939 in chips)
Seat 2: fad4c615 (10,000 in chips)
Seat 3: 156f8862 (4,034 in chips)
Seat 4: 610bd4b7 (16,957 in chips)
Seat 5: 104bebc0 (4,587 in chips)
Seat 6: 87bf021b (10,153 in chips)
Seat 7: Hero (17,034 in chips)
Seat 8: b60db4f7 (12,839 in chips)
Hero: posts the ante 20
104bebc0: posts the ante 20
610bd4b7: posts the ante 20
97dd754d: posts the ante 20
87bf021b: posts the ante 20
b60db4f7: posts the ante 20
156f8862: posts the ante 20
fad4c615: posts the ante 20
97dd754d: posts small blind 70
fad4c615: posts big blind 140
*** HOLE CARDS ***
Dealt to 97dd754d 
Dealt to fad4c615 
Dealt to 156f8862 
Dealt to 610bd4b7 
Dealt to 104bebc0 
Dealt to 87bf021b 
Dealt to Hero [7c Qh]
Dealt to b60db4f7 
156f8862: raises 140 to 280
610bd4b7: raises 560 to 840
104bebc0: folds
87bf021b: folds
Hero: folds
b60db4f7: folds
97dd754d: folds
fad4c615: folds
156f8862: raises 3,174 to 4,014 and is all-in
610bd4b7: folds
Uncalled bet (3,174) returned to 156f8862
*** SHOWDOWN ***
156f8862 collected 2,050 from pot
*** SUMMARY ***
Total pot 2,050 | Rake 0 | Jackpot 0 | Bingo 0 | Fortune 0 | Tax 0
Seat 1: 97dd754d (small blind) folded before Flop
Seat 2: fad4c615 (big blind) folded before Flop
Seat 3: 156f8862 collected (2,050)
Seat 4: 610bd4b7 folded before Flop
Seat 5: 104bebc0 folded before Flop
Seat 6: 87bf021b folded before Flop
Seat 7: Hero folded before Flop
Seat 8: b60db4f7 (button) folded before Flop


Poker Hand #TM5671111846: Tournament #267951021, Bounty Hunters Special $10.80 Hold'em No Limit - Level3(70/140(20)) - 2026/03/06 17:48:48
Table '44' 8-max Seat #7 is the button
Seat 1: 97dd754d (8,552 in chips)
Seat 2: 6a9f4a00 (9,237 in chips)
Seat 3: 156f8862 (4,054 in chips)
Seat 4: 610bd4b7 (16,977 in chips)
Seat 5: 104bebc0 (4,607 in chips)
Seat 6: 87bf021b (10,173 in chips)
Seat 7: Hero (17,054 in chips)
Seat 8: b60db4f7 (10,106 in chips)
Hero: posts the ante 20
104bebc0: posts the ante 20
610bd4b7: posts the ante 20
97dd754d: posts the ante 20
87bf021b: posts the ante 20
6a9f4a00: posts the ante 20
b60db4f7: posts the ante 20
156f8862: posts the ante 20
b60db4f7: posts small blind 70
97dd754d: posts big blind 140
*** HOLE CARDS ***
Dealt to 97dd754d 
Dealt to 6a9f4a00 
Dealt to 156f8862 
Dealt to 610bd4b7 
Dealt to 104bebc0 
Dealt to 87bf021b 
Dealt to Hero [5s 9h]
Dealt to b60db4f7 
6a9f4a00: folds
156f8862: folds
610bd4b7: folds
104bebc0: folds
87bf021b: folds
Hero: folds
b60db4f7: calls 70
97dd754d: raises 420 to 560
b60db4f7: calls 420
*** FLOP *** [9c Th Ah]
b60db4f7: checks
97dd754d: bets 423
b60db4f7: calls 423
*** TURN *** [9c Th Ah] [Js]
b60db4f7: checks
97dd754d: bets 1,610
b60db4f7: calls 1,610
*** RIVER *** [9c Th Ah Js] [Qc]
b60db4f7: checks
97dd754d: checks
b60db4f7: shows [8s As] (a straight, Queen to Eight)
97dd754d: shows [2c Ac] (a pair of Aces)
*** SHOWDOWN ***
b60db4f7 collected 5,346 from pot
*** SUMMARY ***
Total pot 5,346 | Rake 0 | Jackpot 0 | Bingo 0 | Fortune 0 | Tax 0
Board [9c Th Ah Js Qc]
Seat 1: 97dd754d (big blind) showed [2c Ac] and lost with a pair of Aces
Seat 2: 6a9f4a00 folded before Flop
Seat 3: 156f8862 folded before Flop
Seat 4: 610bd4b7 folded before Flop
Seat 5: 104bebc0 folded before Flop
Seat 6: 87bf021b folded before Flop
Seat 7: Hero (button) folded before Flop
Seat 8: b60db4f7 (small blind) showed [8s As] and won (5,346) with a straight, Queen to Eight


Poker Hand #TM5671111790: Tournament #267951021, Bounty Hunters Special $10.80 Hold'em No Limit - Level3(70/140(20)) - 2026/03/06 17:47:15
Table '44' 8-max Seat #6 is the button
Seat 1: 97dd754d (8,572 in chips)
Seat 2: 6a9f4a00 (9,257 in chips)
Seat 3: 156f8862 (4,074 in chips)
Seat 4: 610bd4b7 (16,997 in chips)
Seat 5: 104bebc0 (3,270 in chips)
Seat 6: 87bf021b (11,180 in chips)
Seat 7: Hero (17,144 in chips)
Seat 8: b60db4f7 (10,266 in chips)
Hero: posts the ante 20
104bebc0: posts the ante 20
610bd4b7: posts the ante 20
97dd754d: posts the ante 20
87bf021b: posts the ante 20
6a9f4a00: posts the ante 20
b60db4f7: posts the ante 20
156f8862: posts the ante 20
Hero: posts small blind 70
b60db4f7: posts big blind 140
*** HOLE CARDS ***
Dealt to 97dd754d 
Dealt to 6a9f4a00 
Dealt to 156f8862 
Dealt to 610bd4b7 
Dealt to 104bebc0 
Dealt to 87bf021b 
Dealt to Hero [3c 6h]
Dealt to b60db4f7 
97dd754d: folds
6a9f4a00: folds
156f8862: folds
610bd4b7: folds
104bebc0: raises 140 to 280
87bf021b: raises 707 to 987
Hero: folds
b60db4f7: folds
104bebc0: calls 707
*** FLOP *** [Kc 7d 2d]
104bebc0: checks
87bf021b: checks
*** TURN *** [Kc 7d 2d] [9h]
104bebc0: checks
87bf021b: checks
*** RIVER *** [Kc 7d 2d 9h] [7s]
104bebc0: bets 2,263 and is all-in
87bf021b: folds
Uncalled bet (2,263) returned to 104bebc0
*** SHOWDOWN ***
104bebc0 collected 2,344 from pot
*** SUMMARY ***
Total pot 2,344 | Rake 0 | Jackpot 0 | Bingo 0 | Fortune 0 | Tax 0
Board [Kc 7d 2d 9h 7s]
Seat 1: 97dd754d folded before Flop
Seat 2: 6a9f4a00 folded before Flop
Seat 3: 156f8862 folded before Flop
Seat 4: 610bd4b7 folded before Flop
Seat 5: 104bebc0 won (2,344)
Seat 6: 87bf021b (button) folded on the River
Seat 7: Hero (small blind) folded before Flop
Seat 8: b60db4f7 (big blind) folded before Flop


Poker Hand #TM5671111696: Tournament #267951021, Bounty Hunters Special $10.80 Hold'em No Limit - Level2(60/120(18)) - 2026/03/06 17:44:43
Table '44' 8-max Seat #5 is the button
Seat 1: 97dd754d (8,866 in chips)
Seat 2: 6a9f4a00 (9,551 in chips)
Seat 3: 156f8862 (7,918 in chips)
Seat 4: 610bd4b7 (17,015 in chips)
Seat 5: 104bebc0 (3,288 in chips)
Seat 6: 87bf021b (11,258 in chips)
Seat 7: Hero (12,580 in chips)
Seat 8: b60db4f7 (10,284 in chips)
Hero: posts the ante 18
104bebc0: posts the ante 18
610bd4b7: posts the ante 18
97dd754d: posts the ante 18
87bf021b: posts the ante 18
6a9f4a00: posts the ante 18
b60db4f7: posts the ante 18
156f8862: posts the ante 18
87bf021b: posts small blind 60
Hero: posts big blind 120
*** HOLE CARDS ***
Dealt to 97dd754d 
Dealt to 6a9f4a00 
Dealt to 156f8862 
Dealt to 610bd4b7 
Dealt to 104bebc0 
Dealt to 87bf021b 
Dealt to Hero [Ks 9c]
Dealt to b60db4f7 
b60db4f7: folds
97dd754d: raises 156 to 276
6a9f4a00: calls 276
156f8862: calls 276
610bd4b7: folds
104bebc0: folds
87bf021b: folds
Hero: calls 156
*** FLOP *** [Jh 9d 9s]
Hero: checks
97dd754d: checks
6a9f4a00: checks
156f8862: bets 432
Hero: raises 1,446 to 1,878
97dd754d: folds
6a9f4a00: folds
156f8862: calls 1,446
*** TURN *** [Jh 9d 9s] [8c]
Hero: bets 1,672
156f8862: calls 1,672
*** RIVER *** [Jh 9d 9s 8c] [Th]
Hero: checks
156f8862: checks
Hero: shows [Ks 9c] (three of a kind, Nines)
156f8862: shows [Jc Tc] (two pair, Jacks and Tens)
*** SHOWDOWN ***
Hero collected 8,408 from pot
*** SUMMARY ***
Total pot 8,408 | Rake 0 | Jackpot 0 | Bingo 0 | Fortune 0 | Tax 0
Board [Jh 9d 9s 8c Th]
Seat 1: 97dd754d folded on the Flop
Seat 2: 6a9f4a00 folded on the Flop
Seat 3: 156f8862 showed [Jc Tc] and lost with two pair, Jacks and Tens
Seat 4: 610bd4b7 folded before Flop
Seat 5: 104bebc0 (button) folded before Flop
Seat 6: 87bf021b (small blind) folded before Flop
Seat 7: Hero (big blind) showed [Ks 9c] and won (8,408) with three of a kind, Nines
Seat 8: b60db4f7 folded before Flop


Poker Hand #TM5671111672: Tournament #267951021, Bounty Hunters Special $10.80 Hold'em No Limit - Level2(60/120(18)) - 2026/03/06 17:44:08
Table '44' 8-max Seat #4 is the button
Seat 1: 97dd754d (9,160 in chips)
Seat 2: 6a9f4a00 (8,969 in chips)
Seat 3: 156f8862 (7,936 in chips)
Seat 4: 610bd4b7 (17,033 in chips)
Seat 5: 104bebc0 (3,366 in chips)
Seat 6: 87bf021b (11,396 in chips)
Seat 7: Hero (12,598 in chips)
Seat 8: b60db4f7 (10,302 in chips)
Hero: posts the ante 18
104bebc0: posts the ante 18
610bd4b7: posts the ante 18
97dd754d: posts the ante 18
87bf021b: posts the ante 18
6a9f4a00: posts the ante 18
b60db4f7: posts the ante 18
156f8862: posts the ante 18
104bebc0: posts small blind 60
87bf021b: posts big blind 120
*** HOLE CARDS ***
Dealt to 97dd754d 
Dealt to 6a9f4a00 
Dealt to 156f8862 
Dealt to 610bd4b7 
Dealt to 104bebc0 
Dealt to 87bf021b 
Dealt to Hero [Jd 6h]
Dealt to b60db4f7 
Hero: folds
b60db4f7: folds
97dd754d: raises 156 to 276
6a9f4a00: raises 657 to 933
156f8862: folds
610bd4b7: folds
104bebc0: folds
87bf021b: folds
97dd754d: folds
Uncalled bet (657) returned to 6a9f4a00
*** SHOWDOWN ***
6a9f4a00 collected 876 from pot
*** SUMMARY ***
Total pot 876 | Rake 0 | Jackpot 0 | Bingo 0 | Fortune 0 | Tax 0
Seat 1: 97dd754d folded before Flop
Seat 2: 6a9f4a00 collected (876)
Seat 3: 156f8862 folded before Flop
Seat 4: 610bd4b7 (button) folded before Flop
Seat 5: 104bebc0 (small blind) folded before Flop
Seat 6: 87bf021b (big blind) folded before Flop
Seat 7: Hero folded before Flop
Seat 8: b60db4f7 folded before Flop


Poker Hand #TM5671111631: Tournament #267951021, Bounty Hunters Special $10.80 Hold'em No Limit - Level2(60/120(18)) - 2026/03/06 17:43:07
Table '44' 8-max Seat #3 is the button
Seat 1: 97dd754d (9,178 in chips)
Seat 2: 6a9f4a00 (8,987 in chips)
Seat 3: 156f8862 (7,954 in chips)
Seat 4: 610bd4b7 (18,662 in chips)
Seat 5: 104bebc0 (1,629 in chips)
Seat 6: 87bf021b (11,414 in chips)
Seat 7: Hero (12,616 in chips)
Seat 8: b60db4f7 (10,320 in chips)
Hero: posts the ante 18
104bebc0: posts the ante 18
610bd4b7: posts the ante 18
97dd754d: posts the ante 18
87bf021b: posts the ante 18
6a9f4a00: posts the ante 18
b60db4f7: posts the ante 18
156f8862: posts the ante 18
610bd4b7: posts small blind 60
104bebc0: posts big blind 120
*** HOLE CARDS ***
Dealt to 97dd754d 
Dealt to 6a9f4a00 
Dealt to 156f8862 
Dealt to 610bd4b7 
Dealt to 104bebc0 
Dealt to 87bf021b 
Dealt to Hero [Jh 8c]
Dealt to b60db4f7 
87bf021b: folds
Hero: folds
b60db4f7: folds
97dd754d: folds
6a9f4a00: folds
156f8862: folds
610bd4b7: raises 18,524 to 18,644 and is all-in
104bebc0: calls 1,491 and is all-in
Uncalled bet (17,033) returned to 610bd4b7
610bd4b7: shows [5d 3d]
104bebc0: shows [5h As]
*** FLOP *** [2h 3c 8d]
*** TURN *** [2h 3c 8d] [4h]
*** RIVER *** [2h 3c 8d 4h] [4c]
*** SHOWDOWN ***
104bebc0 collected 3,366 from pot
*** SUMMARY ***
Total pot 3,366 | Rake 0 | Jackpot 0 | Bingo 0 | Fortune 0 | Tax 0
Board [2h 3c 8d 4h 4c]
Seat 1: 97dd754d folded before Flop
Seat 2: 6a9f4a00 folded before Flop
Seat 3: 156f8862 (button) folded before Flop
Seat 4: 610bd4b7 (small blind) showed [5d 3d] and lost with two pair, Fours and Threes
Seat 5: 104bebc0 (big blind) showed [5h As] and won (3,366) with a straight, Ace to Five
Seat 6: 87bf021b folded before Flop
Seat 7: Hero folded before Flop
Seat 8: b60db4f7 folded before Flop


Poker Hand #TM5671111588: Tournament #267951021, Bounty Hunters Special $10.80 Hold'em No Limit - Level2(60/120(18)) - 2026/03/06 17:41:53
Table '44' 8-max Seat #2 is the button
Seat 1: 97dd754d (9,196 in chips)
Seat 2: 6a9f4a00 (9,005 in chips)
Seat 3: 156f8862 (8,032 in chips)
Seat 4: 610bd4b7 (9,247 in chips)
Seat 5: 104bebc0 (10,876 in chips)
Seat 6: 87bf021b (11,432 in chips)
Seat 7: Hero (12,634 in chips)
Seat 8: b60db4f7 (10,338 in chips)
Hero: posts the ante 18
104bebc0: posts the ante 18
610bd4b7: posts the ante 18
97dd754d: posts the ante 18
87bf021b: posts the ante 18
6a9f4a00: posts the ante 18
b60db4f7: posts the ante 18
156f8862: posts the ante 18
156f8862: posts small blind 60
610bd4b7: posts big blind 120
*** HOLE CARDS ***
Dealt to 97dd754d 
Dealt to 6a9f4a00 
Dealt to 156f8862 
Dealt to 610bd4b7 
Dealt to 104bebc0 
Dealt to 87bf021b 
Dealt to Hero [Ah 8c]
Dealt to b60db4f7 
104bebc0: raises 120 to 240
87bf021b: folds
Hero: folds
b60db4f7: folds
97dd754d: folds
6a9f4a00: folds
156f8862: folds
610bd4b7: calls 120
*** FLOP *** [7s 7d 2c]
610bd4b7: checks
104bebc0: bets 342
610bd4b7: raises 558 to 900
104bebc0: calls 558
*** TURN *** [7s 7d 2c] [3s]
610bd4b7: bets 1,367
104bebc0: calls 1,367
*** RIVER *** [7s 7d 2c 3s] [3d]
610bd4b7: bets 6,722 and is all-in
104bebc0: calls 6,722
610bd4b7: shows [7c Ac] (a full house, Sevens full of Threes)
104bebc0: shows [Td Th] (two pair, Tens and Sevens)
*** SHOWDOWN ***
610bd4b7 collected 18,662 from pot
*** SUMMARY ***
Total pot 18,662 | Rake 0 | Jackpot 0 | Bingo 0 | Fortune 0 | Tax 0
Board [7s 7d 2c 3s 3d]
Seat 1: 97dd754d folded before Flop
Seat 2: 6a9f4a00 (button) folded before Flop
Seat 3: 156f8862 (small blind) folded before Flop
Seat 4: 610bd4b7 (big blind) showed [7c Ac] and won (18,662) with a full house, Sevens full of Threes
Seat 5: 104bebc0 showed [Td Th] and lost with two pair, Tens and Sevens
Seat 6: 87bf021b folded before Flop
Seat 7: Hero folded before Flop
Seat 8: b60db4f7 folded before Flop


Poker Hand #TM5671111554: Tournament #267951021, Bounty Hunters Special $10.80 Hold'em No Limit - Level2(60/120(18)) - 2026/03/06 17:41:02
Table '44' 8-max Seat #1 is the button
Seat 1: 97dd754d (9,214 in chips)
Seat 2: 6a9f4a00 (9,083 in chips)
Seat 3: 156f8862 (9,703 in chips)
Seat 4: 610bd4b7 (9,265 in chips)
Seat 5: 104bebc0 (10,894 in chips)
Seat 6: 87bf021b (9,593 in chips)
Seat 7: Hero (12,652 in chips)
Seat 8: b60db4f7 (10,356 in chips)
Hero: posts the ante 18
104bebc0: posts the ante 18
610bd4b7: posts the ante 18
97dd754d: posts the ante 18
87bf021b: posts the ante 18
6a9f4a00: posts the ante 18
b60db4f7: posts the ante 18
156f8862: posts the ante 18
6a9f4a00: posts small blind 60
156f8862: posts big blind 120
*** HOLE CARDS ***
Dealt to 97dd754d 
Dealt to 6a9f4a00 
Dealt to 156f8862 
Dealt to 610bd4b7 
Dealt to 104bebc0 
Dealt to 87bf021b 
Dealt to Hero [2h 6c]
Dealt to b60db4f7 
610bd4b7: folds
104bebc0: folds
87bf021b: raises 120 to 240
Hero: folds
b60db4f7: folds
97dd754d: folds
6a9f4a00: folds
156f8862: calls 120
*** FLOP *** [2s 9h 9s]
156f8862: checks
87bf021b: checks
*** TURN *** [2s 9h 9s] [2d]
156f8862: bets 360
87bf021b: calls 360
*** RIVER *** [2s 9h 9s 2d] [5h]
156f8862: bets 1,053
87bf021b: calls 1,053
156f8862: shows [7s 7c] (two pair, Nines and Sevens)
87bf021b: shows [Kd Kc] (two pair, Kings and Nines)
*** SHOWDOWN ***
87bf021b collected 3,510 from pot
*** SUMMARY ***
Total pot 3,510 | Rake 0 | Jackpot 0 | Bingo 0 | Fortune 0 | Tax 0
Board [2s 9h 9s 2d 5h]
Seat 1: 97dd754d (button) folded before Flop
Seat 2: 6a9f4a00 (small blind) folded before Flop
Seat 3: 156f8862 (big blind) showed [7s 7c] and lost with two pair, Nines and Sevens
Seat 4: 610bd4b7 folded before Flop
Seat 5: 104bebc0 folded before Flop
Seat 6: 87bf021b showed [Kd Kc] and won (3,510) with two pair, Kings and Nines
Seat 7: Hero folded before Flop
Seat 8: b60db4f7 folded before Flop


Poker Hand #TM5671111523: Tournament #267951021, Bounty Hunters Special $10.80 Hold'em No Limit - Level2(60/120(18)) - 2026/03/06 17:40:13
Table '44' 8-max Seat #8 is the button
Seat 1: 97dd754d (9,292 in chips)
Seat 2: 6a9f4a00 (9,683 in chips)
Seat 3: 156f8862 (9,721 in chips)
Seat 4: 610bd4b7 (9,283 in chips)
Seat 5: 104bebc0 (10,126 in chips)
Seat 6: 87bf021b (9,611 in chips)
Seat 7: Hero (12,670 in chips)
Seat 8: b60db4f7 (10,374 in chips)
Hero: posts the ante 18
104bebc0: posts the ante 18
610bd4b7: posts the ante 18
97dd754d: posts the ante 18
87bf021b: posts the ante 18
6a9f4a00: posts the ante 18
b60db4f7: posts the ante 18
156f8862: posts the ante 18
97dd754d: posts small blind 60
6a9f4a00: posts big blind 120
*** HOLE CARDS ***
Dealt to 97dd754d 
Dealt to 6a9f4a00 
Dealt to 156f8862 
Dealt to 610bd4b7 
Dealt to 104bebc0 
Dealt to 87bf021b 
Dealt to Hero [6s Js]
Dealt to b60db4f7 
156f8862: folds
610bd4b7: folds
104bebc0: raises 120 to 240
87bf021b: folds
Hero: folds
b60db4f7: folds
97dd754d: folds
6a9f4a00: calls 120
*** FLOP *** [8d Ac 6h]
6a9f4a00: checks
104bebc0: bets 342
6a9f4a00: calls 342
*** TURN *** [8d Ac 6h] [Th]
6a9f4a00: checks
104bebc0: bets 1,026
6a9f4a00: folds
Uncalled bet (1,026) returned to 104bebc0
*** SHOWDOWN ***
104bebc0 collected 1,368 from pot
*** SUMMARY ***
Total pot 1,368 | Rake 0 | Jackpot 0 | Bingo 0 | Fortune 0 | Tax 0
Board [8d Ac 6h Th]
Seat 1: 97dd754d (small blind) folded before Flop
Seat 2: 6a9f4a00 (big blind) folded on the Turn
Seat 3: 156f8862 folded before Flop
Seat 4: 610bd4b7 folded before Flop
Seat 5: 104bebc0 won (1,368)
Seat 6: 87bf021b folded before Flop
Seat 7: Hero folded before Flop
Seat 8: b60db4f7 (button) folded before Flop


Poker Hand #TM5671111504: Tournament #267951021, Bounty Hunters Special $10.80 Hold'em No Limit - Level2(60/120(18)) - 2026/03/06 17:39:46
Table '44' 8-max Seat #7 is the button
Seat 1: 97dd754d (9,046 in chips)
Seat 2: 6a9f4a00 (9,701 in chips)
Seat 3: 156f8862 (9,739 in chips)
Seat 4: 610bd4b7 (9,301 in chips)
Seat 5: 104bebc0 (10,144 in chips)
Seat 6: 87bf021b (9,629 in chips)
Seat 7: Hero (12,688 in chips)
Seat 8: b60db4f7 (10,512 in chips)
Hero: posts the ante 18
104bebc0: posts the ante 18
610bd4b7: posts the ante 18
97dd754d: posts the ante 18
87bf021b: posts the ante 18
6a9f4a00: posts the ante 18
b60db4f7: posts the ante 18
156f8862: posts the ante 18
b60db4f7: posts small blind 60
97dd754d: posts big blind 120
*** HOLE CARDS ***
Dealt to 97dd754d 
Dealt to 6a9f4a00 
Dealt to 156f8862 
Dealt to 610bd4b7 
Dealt to 104bebc0 
Dealt to 87bf021b 
Dealt to Hero [6s 4h]
Dealt to b60db4f7 
6a9f4a00: folds
156f8862: folds
610bd4b7: folds
104bebc0: folds
87bf021b: folds
Hero: folds
b60db4f7: calls 60
97dd754d: raises 360 to 480
b60db4f7: folds
Uncalled bet (360) returned to 97dd754d
*** SHOWDOWN ***
97dd754d collected 384 from pot
*** SUMMARY ***
Total pot 384 | Rake 0 | Jackpot 0 | Bingo 0 | Fortune 0 | Tax 0
Seat 1: 97dd754d (big blind) collected (384)
Seat 2: 6a9f4a00 folded before Flop
Seat 3: 156f8862 folded before Flop
Seat 4: 610bd4b7 folded before Flop
Seat 5: 104bebc0 folded before Flop
Seat 6: 87bf021b folded before Flop
Seat 7: Hero (button) folded before Flop
Seat 8: b60db4f7 (small blind) folded before Flop


Poker Hand #TM5671111461: Tournament #267951021, Bounty Hunters Special $10.80 Hold'em No Limit - Level2(60/120(18)) - 2026/03/06 17:38:42
Table '44' 8-max Seat #6 is the button
Seat 1: 97dd754d (9,064 in chips)
Seat 2: 6a9f4a00 (9,557 in chips)
Seat 3: 156f8862 (9,757 in chips)
Seat 4: 610bd4b7 (9,319 in chips)
Seat 5: 104bebc0 (10,000 in chips)
Seat 6: 87bf021b (9,647 in chips)
Seat 7: Hero (12,766 in chips)
Seat 8: b60db4f7 (10,650 in chips)
Hero: posts the ante 18
104bebc0: posts the ante 18
610bd4b7: posts the ante 18
97dd754d: posts the ante 18
87bf021b: posts the ante 18
6a9f4a00: posts the ante 18
b60db4f7: posts the ante 18
156f8862: posts the ante 18
Hero: posts small blind 60
b60db4f7: posts big blind 120
*** HOLE CARDS ***
Dealt to 97dd754d 
Dealt to 6a9f4a00 
Dealt to 156f8862 
Dealt to 610bd4b7 
Dealt to 104bebc0 
Dealt to 87bf021b 
Dealt to Hero [2d 4d]
Dealt to b60db4f7 
97dd754d: folds
6a9f4a00: raises 120 to 240
156f8862: folds
610bd4b7: folds
104bebc0: raises 804 to 1,044
87bf021b: folds
Hero: folds
b60db4f7: folds
6a9f4a00: raises 1,206 to 2,250
104bebc0: raises 4,824 to 7,074
6a9f4a00: raises 2,465 to 9,539 and is all-in
104bebc0: calls 2,465
6a9f4a00: shows [Kd Ah]
104bebc0: shows [Kh Ac]
*** FLOP *** [8h Td 3h]
*** TURN *** [8h Td 3h] [Js]
*** RIVER *** [8h Td 3h Js] [7d]
*** SHOWDOWN ***
104bebc0 collected 9,701 from pot
6a9f4a00 collected 9,701 from pot
*** SUMMARY ***
Total pot 19,402 | Rake 0 | Jackpot 0 | Bingo 0 | Fortune 0 | Tax 0
Board [8h Td 3h Js 7d]
Seat 1: 97dd754d folded before Flop
Seat 2: 6a9f4a00 showed [Kd Ah] and won (9,701) with Ace high
Seat 3: 156f8862 folded before Flop
Seat 4: 610bd4b7 folded before Flop
Seat 5: 104bebc0 showed [Kh Ac] and won (9,701) with Ace high
Seat 6: 87bf021b (button) folded before Flop
Seat 7: Hero (small blind) folded before Flop
Seat 8: b60db4f7 (big blind) folded before Flop


Poker Hand #TM5671111431: Tournament #267951021, Bounty Hunters Special $10.80 Hold'em No Limit - Level2(60/120(18)) - 2026/03/06 17:38:01
Table '44' 8-max Seat #4 is the button
Seat 1: 97dd754d (8,620 in chips)
Seat 2: 6a9f4a00 (9,575 in chips)
Seat 3: 156f8862 (9,775 in chips)
Seat 4: 610bd4b7 (9,337 in chips)
Seat 6: 87bf021b (9,725 in chips)
Seat 7: Hero (13,060 in chips)
Seat 8: b60db4f7 (10,668 in chips)
Hero: posts the ante 18
610bd4b7: posts the ante 18
97dd754d: posts the ante 18
87bf021b: posts the ante 18
6a9f4a00: posts the ante 18
b60db4f7: posts the ante 18
156f8862: posts the ante 18
87bf021b: posts small blind 60
Hero: posts big blind 120
*** HOLE CARDS ***
Dealt to 97dd754d 
Dealt to 6a9f4a00 
Dealt to 156f8862 
Dealt to 610bd4b7 
Dealt to 87bf021b 
Dealt to Hero [Ks 7h]
Dealt to b60db4f7 
b60db4f7: folds
97dd754d: raises 156 to 276
6a9f4a00: folds
156f8862: folds
610bd4b7: folds
87bf021b: folds
Hero: calls 156
*** FLOP *** [5d Ad 9s]
Hero: checks
97dd754d: bets 244
Hero: folds
Uncalled bet (244) returned to 97dd754d
*** SHOWDOWN ***
97dd754d collected 738 from pot
*** SUMMARY ***
Total pot 738 | Rake 0 | Jackpot 0 | Bingo 0 | Fortune 0 | Tax 0
Board [5d Ad 9s]
Seat 1: 97dd754d won (738)
Seat 2: 6a9f4a00 folded before Flop
Seat 3: 156f8862 folded before Flop
Seat 4: 610bd4b7 (button) folded before Flop
Seat 6: 87bf021b (small blind) folded before Flop
Seat 7: Hero (big blind) folded on the Flop
Seat 8: b60db4f7 folded before Flop


Poker Hand #TM5671111392: Tournament #267951021, Bounty Hunters Special $10.80 Hold'em No Limit - Level1(50/100(15)) - 2026/03/06 17:36:59
Table '44' 8-max Seat #3 is the button
Seat 1: 97dd754d (8,635 in chips)
Seat 2: 6a9f4a00 (9,590 in chips)
Seat 3: 156f8862 (9,790 in chips)
Seat 4: 610bd4b7 (9,552 in chips)
Seat 6: 87bf021b (9,940 in chips)
Seat 7: Hero (13,075 in chips)
Seat 8: b60db4f7 (10,178 in chips)
Hero: posts the ante 15
610bd4b7: posts the ante 15
97dd754d: posts the ante 15
87bf021b: posts the ante 15
6a9f4a00: posts the ante 15
b60db4f7: posts the ante 15
156f8862: posts the ante 15
610bd4b7: posts small blind 50
87bf021b: posts big blind 100
*** HOLE CARDS ***
Dealt to 97dd754d 
Dealt to 6a9f4a00 
Dealt to 156f8862 
Dealt to 610bd4b7 
Dealt to 87bf021b 
Dealt to Hero [Jd 5h]
Dealt to b60db4f7 
Hero: folds
b60db4f7: raises 100 to 200
97dd754d: folds
6a9f4a00: folds
156f8862: folds
610bd4b7: calls 150
87bf021b: calls 100
*** FLOP *** [Qs 9d Kd]
610bd4b7: checks
87bf021b: checks
b60db4f7: checks
*** TURN *** [Qs 9d Kd] [5c]
610bd4b7: checks
87bf021b: checks
b60db4f7: bets 466
610bd4b7: folds
87bf021b: folds
Uncalled bet (466) returned to b60db4f7
*** SHOWDOWN ***
b60db4f7 collected 705 from pot
*** SUMMARY ***
Total pot 705 | Rake 0 | Jackpot 0 | Bingo 0 | Fortune 0 | Tax 0
Board [Qs 9d Kd 5c]
Seat 1: 97dd754d folded before Flop
Seat 2: 6a9f4a00 folded before Flop
Seat 3: 156f8862 (button) folded before Flop
Seat 4: 610bd4b7 (small blind) folded on the Turn
Seat 6: 87bf021b (big blind) folded on the Turn
Seat 7: Hero folded before Flop
Seat 8: b60db4f7 won (705)


Poker Hand #TM5671111330: Tournament #267951021, Bounty Hunters Special $10.80 Hold'em No Limit - Level1(50/100(15)) - 2026/03/06 17:35:15
Table '44' 8-max Seat #2 is the button
Seat 1: 97dd754d (8,650 in chips)
Seat 2: 6a9f4a00 (9,605 in chips)
Seat 3: 156f8862 (9,855 in chips)
Seat 4: 610bd4b7 (10,480 in chips)
Seat 5: ea45f371 (9,255 in chips)
Seat 6: 87bf021b (9,955 in chips)
Seat 7: Hero (12,007 in chips)
Seat 8: b60db4f7 (10,193 in chips)
Hero: posts the ante 15
610bd4b7: posts the ante 15
97dd754d: posts the ante 15
87bf021b: posts the ante 15
6a9f4a00: posts the ante 15
b60db4f7: posts the ante 15
156f8862: posts the ante 15
ea45f371: posts the ante 15
156f8862: posts small blind 50
610bd4b7: posts big blind 100
*** HOLE CARDS ***
Dealt to 97dd754d 
Dealt to 6a9f4a00 
Dealt to 156f8862 
Dealt to 610bd4b7 
Dealt to ea45f371 
Dealt to 87bf021b 
Dealt to Hero [4s 4c]
Dealt to b60db4f7 
ea45f371: folds
87bf021b: folds
Hero: raises 100 to 200
b60db4f7: folds
97dd754d: folds
6a9f4a00: folds
156f8862: folds
610bd4b7: calls 100
*** FLOP *** [6h 8d 2h]
610bd4b7: checks
Hero: checks
*** TURN *** [6h 8d 2h] [4d]
610bd4b7: bets 713
Hero: raises 1,497 to 2,210
610bd4b7: folds
Uncalled bet (1,497) returned to Hero
*** SHOWDOWN ***
Hero collected 1,996 from pot
*** SUMMARY ***
Total pot 1,996 | Rake 0 | Jackpot 0 | Bingo 0 | Fortune 0 | Tax 0
Board [6h 8d 2h 4d]
Seat 1: 97dd754d folded before Flop
Seat 2: 6a9f4a00 (button) folded before Flop
Seat 3: 156f8862 (small blind) folded before Flop
Seat 4: 610bd4b7 (big blind) folded on the Turn
Seat 5: ea45f371 folded before Flop
Seat 6: 87bf021b folded before Flop
Seat 7: Hero won (1,996)
Seat 8: b60db4f7 folded before Flop


Poker Hand #TM5671111260: Tournament #267951021, Bounty Hunters Special $10.80 Hold'em No Limit - Level1(50/100(15)) - 2026/03/06 17:33:25
Table '44' 8-max Seat #1 is the button
Seat 1: 97dd754d (8,665 in chips)
Seat 2: 6a9f4a00 (9,670 in chips)
Seat 3: 156f8862 (9,970 in chips)
Seat 4: 610bd4b7 (10,495 in chips)
Seat 5: ea45f371 (9,970 in chips)
Seat 6: 87bf021b (9,970 in chips)
Seat 7: Hero (13,220 in chips)
Seat 8: b60db4f7 (8,040 in chips)
Hero: posts the ante 15
610bd4b7: posts the ante 15
97dd754d: posts the ante 15
87bf021b: posts the ante 15
6a9f4a00: posts the ante 15
b60db4f7: posts the ante 15
156f8862: posts the ante 15
ea45f371: posts the ante 15
6a9f4a00: posts small blind 50
156f8862: posts big blind 100
*** HOLE CARDS ***
Dealt to 97dd754d 
Dealt to 6a9f4a00 
Dealt to 156f8862 
Dealt to 610bd4b7 
Dealt to ea45f371 
Dealt to 87bf021b 
Dealt to Hero [6c Tc]
Dealt to b60db4f7 
610bd4b7: folds
ea45f371: raises 100 to 200
87bf021b: folds
Hero: calls 200
b60db4f7: raises 500 to 700
97dd754d: folds
6a9f4a00: folds
156f8862: folds
ea45f371: calls 500
Hero: calls 500
*** FLOP *** [5c 9s 4d]
ea45f371: checks
Hero: checks
b60db4f7: bets 498
ea45f371: folds
Hero: calls 498
*** TURN *** [5c 9s 4d] [Qh]
Hero: checks
b60db4f7: bets 1,111
Hero: folds
Uncalled bet (1,111) returned to b60db4f7
*** SHOWDOWN ***
b60db4f7 collected 3,366 from pot
*** SUMMARY ***
Total pot 3,366 | Rake 0 | Jackpot 0 | Bingo 0 | Fortune 0 | Tax 0
Board [5c 9s 4d Qh]
Seat 1: 97dd754d (button) folded before Flop
Seat 2: 6a9f4a00 (small blind) folded before Flop
Seat 3: 156f8862 (big blind) folded before Flop
Seat 4: 610bd4b7 folded before Flop
Seat 5: ea45f371 folded on the Flop
Seat 6: 87bf021b folded before Flop
Seat 7: Hero folded on the Turn
Seat 8: b60db4f7 won (3,366)


Poker Hand #TM5671111215: Tournament #267951021, Bounty Hunters Special $10.80 Hold'em No Limit - Level1(50/100(15)) - 2026/03/06 17:32:10
Table '44' 8-max Seat #8 is the button
Seat 1: 97dd754d (9,885 in chips)
Seat 2: 6a9f4a00 (9,785 in chips)
Seat 3: 156f8862 (9,985 in chips)
Seat 4: 610bd4b7 (9,085 in chips)
Seat 5: ea45f371 (9,985 in chips)
Seat 6: 87bf021b (9,985 in chips)
Seat 7: Hero (13,235 in chips)
Seat 8: b60db4f7 (8,055 in chips)
Hero: posts the ante 15
610bd4b7: posts the ante 15
97dd754d: posts the ante 15
87bf021b: posts the ante 15
6a9f4a00: posts the ante 15
b60db4f7: posts the ante 15
156f8862: posts the ante 15
ea45f371: posts the ante 15
97dd754d: posts small blind 50
6a9f4a00: posts big blind 100
*** HOLE CARDS ***
Dealt to 97dd754d 
Dealt to 6a9f4a00 
Dealt to 156f8862 
Dealt to 610bd4b7 
Dealt to ea45f371 
Dealt to 87bf021b 
Dealt to Hero [9h Ad]
Dealt to b60db4f7 
156f8862: folds
610bd4b7: raises 100 to 200
ea45f371: folds
87bf021b: folds
Hero: folds
b60db4f7: folds
97dd754d: calls 150
6a9f4a00: folds
*** FLOP *** [6c 2s 7d]
97dd754d: checks
610bd4b7: bets 205
97dd754d: calls 205
*** TURN *** [6c 2s 7d] [Tc]
97dd754d: checks
610bd4b7: bets 800
97dd754d: calls 800
*** RIVER *** [6c 2s 7d Tc] [9d]
97dd754d: checks
610bd4b7: checks
97dd754d: shows [7s Js] (a pair of Sevens)
610bd4b7: shows [6d 6s] (three of a kind, Sixes)
*** SHOWDOWN ***
610bd4b7 collected 2,630 from pot
*** SUMMARY ***
Total pot 2,630 | Rake 0 | Jackpot 0 | Bingo 0 | Fortune 0 | Tax 0
Board [6c 2s 7d Tc 9d]
Seat 1: 97dd754d (small blind) showed [7s Js] and lost with a pair of Sevens
Seat 2: 6a9f4a00 (big blind) folded before Flop
Seat 3: 156f8862 folded before Flop
Seat 4: 610bd4b7 showed [6d 6s] and won (2,630) with three of a kind, Sixes
Seat 5: ea45f371 folded before Flop
Seat 6: 87bf021b folded before Flop
Seat 7: Hero folded before Flop
Seat 8: b60db4f7 (button) folded before Flop


Poker Hand #TM5671111138: Tournament #267951021, Bounty Hunters Special $10.80 Hold'em No Limit - Level1(50/100(15)) - 2026/03/06 17:30:02
Table '44' 8-max Seat #7 is the button
Seat 1: 97dd754d (10,000 in chips)
Seat 2: 6a9f4a00 (10,000 in chips)
Seat 3: 156f8862 (10,000 in chips)
Seat 4: 610bd4b7 (10,000 in chips)
Seat 5: ea45f371 (10,000 in chips)
Seat 6: 87bf021b (10,000 in chips)
Seat 7: Hero (10,000 in chips)
Seat 8: b60db4f7 (10,000 in chips)
Hero: posts the ante 15
610bd4b7: posts the ante 15
97dd754d: posts the ante 15
87bf021b: posts the ante 15
6a9f4a00: posts the ante 15
b60db4f7: posts the ante 15
156f8862: posts the ante 15
ea45f371: posts the ante 15
b60db4f7: posts small blind 50
97dd754d: posts big blind 100
*** HOLE CARDS ***
Dealt to 97dd754d 
Dealt to 6a9f4a00 
Dealt to 156f8862 
Dealt to 610bd4b7 
Dealt to ea45f371 
Dealt to 87bf021b 
Dealt to Hero [Kh 3h]
Dealt to b60db4f7 
6a9f4a00: raises 100 to 200
156f8862: folds
610bd4b7: calls 200
ea45f371: folds
87bf021b: folds
Hero: calls 200
b60db4f7: raises 700 to 900
97dd754d: folds
6a9f4a00: folds
610bd4b7: calls 700
Hero: calls 700
*** FLOP *** [3c 3d 4h]
b60db4f7: bets 1,030
610bd4b7: folds
Hero: calls 1,030
*** TURN *** [3c 3d 4h] [7s]
b60db4f7: checks
Hero: bets 2,590
b60db4f7: folds
Uncalled bet (2,590) returned to Hero
*** SHOWDOWN ***
Hero collected 5,180 from pot
*** SUMMARY ***
Total pot 5,180 | Rake 0 | Jackpot 0 | Bingo 0 | Fortune 0 | Tax 0
Board [3c 3d 4h 7s]
Seat 1: 97dd754d (big blind) folded before Flop
Seat 2: 6a9f4a00 folded before Flop
Seat 3: 156f8862 folded before Flop
Seat 4: 610bd4b7 folded on the Flop
Seat 5: ea45f371 folded before Flop
Seat 6: 87bf021b folded before Flop
Seat 7: Hero (button) won (5,180)
Seat 8: b60db4f7 (small blind) folded on the Turn


